<?xml version="1.0" encoding="UTF-8"?>
<!DOCTYPE html PUBLIC "-//W3C//DTD XHTML 1.0 Transitional//EN"
    "http://www.w3.org/TR/xhtml1/DTD/xhtml1-transitional.dtd">
<html xmlns="http://www.w3.org/1999/xhtml" xml:lang="en" lang="en">
 <head>
  <title>
</title>
<meta http-equiv="Content-Type" content="text/html;charset=utf-8" />
  <meta name='ocr-system' content='tesseract 3.04.00' />
  <meta name='ocr-capabilities' content='ocr_page ocr_carea ocr_par ocr_line ocrx_word'/>
</head>
<body>
  <div class='ocr_page' id='page_1' title='image "./orationescumali00isaegoog/orationescumali00isaegoog_0240.png"; bbox 0 0 2340 3916; ppageno 0'>
   <div class='ocr_carea' id='block_1_1' title="bbox 344 182 1053 249">
    <p class='ocr_par' dir='ltr' id='par_1_1' title="bbox 344 182 1053 249">
     <span class='ocr_line' id='line_1_1' title="bbox 344 182 1053 249; baseline -0.001 -14"><span class='ocrx_word' id='word_1_1' title='bbox 344 183 436 235; x_wconf 82' lang='grc' dir='ltr'>ΠΕΡΙ</span> <span class='ocrx_word' id='word_1_2' title='bbox 453 183 530 235; x_wconf 83' lang='grc' dir='ltr'><strong><em>ΤΩΝ</em></strong></span> <span class='ocrx_word' id='word_1_3' title='bbox 547 182 778 237; x_wconf 79' lang='grc' dir='ltr'><strong>ΜΤΣΤΗΡΙΩΝ.</strong></span> <span class='ocrx_word' id='word_1_4' title='bbox 1031 184 1053 249; x_wconf 83' lang='grc'>3</span> 
     </span>
    </p>
   </div>
   <div class='ocr_carea' id='block_1_2' title="bbox 78 320 1087 2853">
    <p class='ocr_par' dir='ltr' id='par_1_2' title="bbox 78 320 1087 2853">
     <span class='ocr_line' id='line_1_2' title="bbox 81 320 1054 413; baseline 0.001 -19"><span class='ocrx_word' id='word_1_5' title='bbox 81 325 217 405; x_wconf 78' lang='grc' dir='ltr'><strong><em>τούτοις</em></strong></span> <span class='ocrx_word' id='word_1_6' title='bbox 241 325 381 413; x_wconf 79' lang='grc' dir='ltr'><em>γνώμην</em></span> <span class='ocrx_word' id='word_1_7' title='bbox 407 330 480 411; x_wconf 78' lang='grc' dir='ltr'><strong><em>ἔγω.</em></strong></span> <span class='ocrx_word' id='word_1_8' title='bbox 523 322 650 394; x_wconf 79' lang='grc' dir='ltr'><strong><em>ἄλλοθί</em></strong></span> <span class='ocrx_word' id='word_1_9' title='bbox 671 350 706 392; x_wconf 89' lang='grc' dir='ltr'><strong><em>τε</em></strong></span> <span class='ocrx_word' id='word_1_10' title='bbox 724 324 789 413; x_wconf 81' lang='grc' dir='ltr'><strong><em>γὰρ</em></strong></span> <span class='ocrx_word' id='word_1_11' title='bbox 809 320 857 394; x_wconf 77' lang='grc' dir='ltr'><strong><em>ὢν</em></strong></span> <span class='ocrx_word' id='word_1_12' title='bbox 875 325 986 395; x_wconf 87' lang='grc' dir='ltr'><strong><em>ποίντα</em></strong></span> <span class='ocrx_word' id='word_1_13' title='bbox 1013 326 1054 395; x_wconf 87' lang='grc' dir='ltr'><strong><em>τδι</em></strong></span> 
     </span>
     <span class='ocr_line' id='line_1_3' title="bbox 82 424 1053 515; baseline 0.003 -20"><span class='ocrx_word' id='word_1_14' title='bbox 82 425 200 514; x_wconf 76' lang='grc' dir='ltr'><strong><em>ἄγαδδι</em></strong></span> <span class='ocrx_word' id='word_1_15' title='bbox 221 432 307 513; x_wconf 79' lang='grc' dir='ltr'><strong><em>ἔχειν</em></strong></span> <span class='ocrx_word' id='word_1_16' title='bbox 324 426 524 515; x_wconf 80' lang='grc' dir='ltr'><strong><em>στερόμενος</em></strong></span> <span class='ocrx_word' id='word_1_17' title='bbox 543 429 602 514; x_wconf 77' lang='grc' dir='ltr'><strong><em>τῆς</em></strong></span> <span class='ocrx_word' id='word_1_18' title='bbox 615 431 777 514; x_wconf 75' lang='grc' dir='ltr'><strong><em>πατρίδος</em></strong></span> <span class='ocrx_word' id='word_1_19' title='bbox 795 426 859 495; x_wconf 79' lang='grc' dir='ltr'><strong><em>οὐκ</em></strong></span> <span class='ocrx_word' id='word_1_20' title='bbox 877 424 921 495; x_wconf 81' lang='grc' dir='ltr'><strong><em>διν</em></strong></span> <span class='ocrx_word' id='word_1_21' title='bbox 939 432 1053 508; x_wconf 81' lang='grc' dir='ltr'><strong><em>δεξαί-</em></strong></span> 
     </span>
     <span class='ocr_line' id='line_1_4' title="bbox 82 522 1054 617; baseline 0.004 -22"><span class='ocrx_word' id='word_1_22' title='bbox 82 546 164 617; x_wconf 90' lang='grc' dir='ltr'><em>μην·</em></span> <span class='ocrx_word' id='word_1_23' title='bbox 188 530 247 614; x_wconf 78' lang='grc' dir='ltr'><strong><em>της</em></strong></span> <span class='ocrx_word' id='word_1_24' title='bbox 267 528 305 596; x_wconf 71' lang='grc' dir='ltr'><strong><em>δὲ</em></strong></span> <span class='ocrx_word' id='word_1_25' title='bbox 329 528 458 608; x_wconf 86' lang='grc' dir='ltr'><strong><em>πόλεως</em></strong></span> <span class='ocrx_word' id='word_1_26' title='bbox 484 522 576 597; x_wconf 75' lang='grc' dir='ltr'><strong><em>οὕτω</em></strong></span> <span class='ocrx_word' id='word_1_27' title='bbox 594 530 801 615; x_wconf 75' lang='grc' dir='ltr'><em>διακειμένης</em></span> <span class='ocrx_word' id='word_1_28' title='bbox 822 526 935 617; x_wconf 75' lang='grc' dir='ltr'><strong><em>ὥσπερ</em></strong></span> <span class='ocrx_word' id='word_1_29' title='bbox 955 528 1054 599; x_wconf 78' lang='grc' dir='ltr'><strong><em>αὐτοὶ</em></strong></span> 
     </span>
     <span class='ocr_line' id='line_1_5' title="bbox 82 626 1052 718; baseline 0.001 -19"><span class='ocrx_word' id='word_1_30' title='bbox 82 635 120 699; x_wconf 88' lang='grc' dir='ltr'><strong><em>οί</em></strong></span> <span class='ocrx_word' id='word_1_31' title='bbox 138 632 256 718; x_wconf 76' lang='grc' dir='ltr'><strong><em>ἐχθροί</em></strong></span> <span class='ocrx_word' id='word_1_32' title='bbox 274 632 429 716; x_wconf 79' lang='grc' dir='ltr'><strong><em>λέγουσι,</em></strong></span> <span class='ocrx_word' id='word_1_33' title='bbox 454 629 541 698; x_wconf 80' lang='grc' dir='ltr'><strong><em>πολι)</em></strong></span> <span class='ocrx_word' id='word_1_34' title='bbox 561 626 605 696; x_wconf 77' lang='grc' dir='ltr'><strong><em>ἄν</em></strong></span> <span class='ocrx_word' id='word_1_35' title='bbox 623 627 728 716; x_wconf 83' lang='grc' dir='ltr'><strong><em>αότης</em></strong></span> <span class='ocrx_word' id='word_1_36' title='bbox 746 633 876 716; x_wconf 83' lang='grc' dir='ltr'><strong><em>μᾶλλον</em></strong></span> <span class='ocrx_word' id='word_1_37' title='bbox 897 631 962 717; x_wconf 72' lang='grc' dir='ltr'><strong><em>ίγοδ</em></strong></span> <span class='ocrx_word' id='word_1_38' title='bbox 988 657 1052 700; x_wconf 89' lang='grc' dir='ltr'><strong><em>πο-</em></strong></span> 
     </span>
     <span class='ocr_line' id='line_1_6' title="bbox 83 726 1052 820; baseline 0.002 -21"><span class='ocrx_word' id='word_1_39' title='bbox 83 738 178 820; x_wconf 88' lang='grc' dir='ltr'><strong><em>λίτης</em></strong></span> <span class='ocrx_word' id='word_1_40' title='bbox 191 733 351 819; x_wconf 74' lang='grc' dir='ltr'><em>δεξαίμην</em></span> <span class='ocrx_word' id='word_1_41' title='bbox 365 727 485 816; x_wconf 77' lang='grc' dir='ltr'><strong><em>εἶναιῆ</em></strong></span> <span class='ocrx_word' id='word_1_42' title='bbox 505 732 629 819; x_wconf 81' lang='grc' dir='ltr'><strong><em>ἑτέραν</em></strong></span> <span class='ocrx_word' id='word_1_43' title='bbox 647 730 792 820; x_wconf 81' lang='grc' dir='ltr'><strong><em>πόλεων,</em></strong></span> <span class='ocrx_word' id='word_1_44' title='bbox 810 739 845 800; x_wconf 82' lang='grc' dir='ltr'><strong><em>αἳ</em></strong></span> <span class='ocrx_word' id='word_1_45' title='bbox 862 741 943 811; x_wconf 77' lang='grc' dir='ltr'><strong><em>ἴσως</em></strong></span> <span class='ocrx_word' id='word_1_46' title='bbox 958 726 1052 802; x_wconf 82' lang='grc' dir='ltr'><strong><em>ποῖνυ</em></strong></span> 
     </span>
     <span class='ocr_line' id='line_1_7' title="bbox 83 830 1053 923; baseline 0 -21"><span class='ocrx_word' id='word_1_47' title='bbox 83 830 164 922; x_wconf 83' lang='grc' dir='ltr'><strong><em>[μοι]</em></strong></span> <span class='ocrx_word' id='word_1_48' title='bbox 189 835 350 902; x_wconf 82' lang='grc' dir='ltr'><strong><em>δοκοῦσιν</em></strong></span> <span class='ocrx_word' id='word_1_49' title='bbox 375 836 412 901; x_wconf 79' lang='grc' dir='ltr'><strong><em>ἐν</em></strong></span> <span class='ocrx_word' id='word_1_50' title='bbox 435 835 483 923; x_wconf 79' lang='grc' dir='ltr'><strong><em>τῷ</em></strong></span> <span class='ocrx_word' id='word_1_51' title='bbox 509 832 652 921; x_wconf 79' lang='grc' dir='ltr'><em>παρόντι</em></span> <span class='ocrx_word' id='word_1_52' title='bbox 681 830 847 919; x_wconf 79' lang='grc' dir='ltr'><em>εὐτυχεῖν.</em></span> <span class='ocrx_word' id='word_1_53' title='bbox 889 830 975 921; x_wconf 80' lang='grc' dir='ltr'><strong><em>ἅπερ</em></strong></span> <span class='ocrx_word' id='word_1_54' title='bbox 999 860 1053 919; x_wconf 91' lang='grc' dir='ltr'><strong><em>γι-</em></strong></span> 
     </span>
     <span class='ocr_line' id='line_1_8' title="bbox 82 932 1053 1024; baseline 0.001 -22"><span class='ocrx_word' id='word_1_55' title='bbox 82 933 247 1021; x_wconf 81' lang='grc' dir='ltr'><strong><em>γνοόσκων</em></strong></span> <span class='ocrx_word' id='word_1_56' title='bbox 262 936 427 1023; x_wconf 75' lang='grc' dir='ltr'><strong><em>ἐπέτρεψα</em></strong></span> <span class='ocrx_word' id='word_1_57' title='bbox 441 937 626 1019; x_wconf 80' lang='grc' dir='ltr'><strong><em>διαγνῶναι</em></strong></span> <span class='ocrx_word' id='word_1_58' title='bbox 639 932 723 1021; x_wconf 75' lang='grc' dir='ltr'><em>ὑμῖν</em></span> <span class='ocrx_word' id='word_1_59' title='bbox 737 936 887 1024; x_wconf 78' lang='grc' dir='ltr'><strong><em>περὶτοῦ</em></strong></span> <span class='ocrx_word' id='word_1_60' title='bbox 899 934 1053 1022; x_wconf 76' lang='grc' dir='ltr'><strong><em>σώματος</em></strong></span> 
     </span>
     <span class='ocr_line' id='line_1_9' title="bbox 82 1026 1087 1126; baseline 0 -23"><span class='ocrx_word' id='word_1_61' title='bbox 82 1039 143 1105; x_wconf 84' lang='grc' dir='ltr'><strong><em>τοῦ</em></strong></span> <span class='ocrx_word' id='word_1_62' title='bbox 171 1038 329 1123; x_wconf 79' lang='grc' dir='ltr'><strong><em>ἐμαυτοῦ.</em></strong></span> <span class='ocrx_word' id='word_1_63' title='bbox 371 1038 532 1123; x_wconf 82' lang='grc' dir='ltr'><strong><em>αἰτοῦμαι</em></strong></span> <span class='ocrx_word' id='word_1_64' title='bbox 555 1026 620 1104; x_wconf 80' lang='grc' dir='ltr'><strong><em>οὖν</em></strong></span> <span class='ocrx_word' id='word_1_65' title='bbox 637 1032 744 1123; x_wconf 78' lang='grc' dir='ltr'><strong><em>ὑμᾶς,</em></strong></span> <span class='ocrx_word' id='word_1_66' title='bbox 776 1028 802 1104; x_wconf 80' lang='grc' dir='ltr'><em>ὦ</em></span> <span class='ocrx_word' id='word_1_67' title='bbox 821 1034 962 1126; x_wconf 75' lang='grc' dir='ltr'><strong><em>ἄνδρες,</em></strong></span> <span class='ocrx_word' id='word_1_68' title='bbox 981 1035 1026 1105; x_wconf 83' lang='grc' dir='ltr'><strong><em>εό</em></strong></span> <span class='ocrx_word' id='word_1_69' title='bbox 1034 1076 1053 1084; x_wconf 92' lang='grc'>-</span> <span class='ocrx_word' id='word_1_70' title='bbox 1070 1054 1087 1103; x_wconf 84' lang='grc'><strong>6</strong></span> 
     </span>
     <span class='ocr_line' id='line_1_10' title="bbox 82 1136 1051 1228; baseline 0 -22"><span class='ocrx_word' id='word_1_71' title='bbox 82 1163 205 1206; x_wconf 93' lang='grc' dir='ltr'><strong><em>νοιαν</em></strong></span> <span class='ocrx_word' id='word_1_72' title='bbox 228 1145 355 1207; x_wconf 88' lang='grc' dir='ltr'><strong><em>πλείω</em></strong></span> <span class='ocrx_word' id='word_1_73' title='bbox 382 1139 676 1225; x_wconf 74' lang='grc' dir='ltr'><em>παρασχέσθαι</em></span> <span class='ocrx_word' id='word_1_74' title='bbox 702 1140 793 1226; x_wconf 84' lang='grc' dir='ltr'><strong><em>ἐμοὶ</em></strong></span> <span class='ocrx_word' id='word_1_75' title='bbox 819 1142 873 1228; x_wconf 75' lang='grc' dir='ltr'><strong><em>τῷ</em></strong></span> <span class='ocrx_word' id='word_1_76' title='bbox 893 1136 1051 1207; x_wconf 78' lang='grc' dir='ltr'><strong><em>ἀπολο-</em></strong></span> 
     </span>
     <span class='ocr_line' id='line_1_11' title="bbox 82 1235 1054 1331; baseline 0 -23"><span class='ocrx_word' id='word_1_77' title='bbox 82 1242 277 1331; x_wconf 79' lang='grc' dir='ltr'><strong><em>γουμένῳ</em></strong></span> <span class='ocrx_word' id='word_1_78' title='bbox 309 1235 329 1327; x_wconf 74' lang='grc' dir='ltr'>ἢ</span> <span class='ocrx_word' id='word_1_79' title='bbox 360 1253 448 1318; x_wconf 82' lang='grc' dir='ltr'><strong><em>τοῖς</em></strong></span> <span class='ocrx_word' id='word_1_80' title='bbox 479 1238 754 1328; x_wconf 83' lang='grc' dir='ltr'><strong><em>κατηγόροις,</em></strong></span> <span class='ocrx_word' id='word_1_81' title='bbox 786 1240 960 1319; x_wconf 77' lang='grc' dir='ltr'><strong><em>εἰδότας</em></strong></span> <span class='ocrx_word' id='word_1_82' title='bbox 992 1237 1054 1308; x_wconf 82' lang='grc' dir='ltr'><strong><em>ὅτι</em></strong></span> 
     </span>
     <span class='ocr_line' id='line_1_12' title="bbox 82 1337 1052 1428; baseline 0.001 -19"><span class='ocrx_word' id='word_1_83' title='bbox 82 1337 161 1409; x_wconf 80' lang='grc' dir='ltr'><strong><em>κᾶν</em></strong></span> <span class='ocrx_word' id='word_1_84' title='bbox 181 1342 220 1422; x_wconf 83' lang='grc' dir='ltr'><strong><em>ἐξ</em></strong></span> <span class='ocrx_word' id='word_1_85' title='bbox 241 1350 338 1410; x_wconf 87' lang='grc' dir='ltr'><strong><em>ίσου</em></strong></span> <span class='ocrx_word' id='word_1_86' title='bbox 358 1338 588 1428; x_wconf 73' lang='grc' dir='ltr'><strong><em>ἀκροᾶσθε,</em></strong></span> <span class='ocrx_word' id='word_1_87' title='bbox 612 1339 774 1428; x_wconf 78' lang='grc' dir='ltr'><strong><em>ἀνάγκη</em></strong></span> <span class='ocrx_word' id='word_1_88' title='bbox 797 1340 870 1409; x_wconf 89' lang='grc' dir='ltr'><strong><em>τόν</em></strong></span> <span class='ocrx_word' id='word_1_89' title='bbox 888 1340 1052 1410; x_wconf 77' lang='grc' dir='ltr'><strong><em>ἀπολο-</em></strong></span> 
     </span>
     <span class='ocr_line' id='line_1_13' title="bbox 81 1442 1059 1531; baseline 0.001 -21"><span class='ocrx_word' id='word_1_90' title='bbox 81 1443 295 1531; x_wconf 83' lang='grc' dir='ltr'><strong><em>γοόμενον</em></strong></span> <span class='ocrx_word' id='word_1_91' title='bbox 332 1449 510 1511; x_wconf 80' lang='grc' dir='ltr'><strong><em>ἔλαττον</em></strong></span> <span class='ocrx_word' id='word_1_92' title='bbox 547 1448 667 1529; x_wconf 81' lang='grc' dir='ltr'><strong><em>ἔχειν.</em></strong></span> <span class='ocrx_word' id='word_1_93' title='bbox 717 1448 759 1511; x_wconf 87' lang='grc' dir='ltr'><strong><em>οί</em></strong></span> <span class='ocrx_word' id='word_1_94' title='bbox 793 1442 867 1530; x_wconf 76' lang='grc' dir='ltr'><strong><em>μὲν</em></strong></span> <span class='ocrx_word' id='word_1_95' title='bbox 893 1444 975 1531; x_wconf 85' lang='grc' dir='ltr'><strong><em>γδιρ</em></strong></span> <span class='ocrx_word' id='word_1_96' title='bbox 1010 1444 1059 1513; x_wconf 79' lang='grc' dir='ltr'><strong><em>ἐκ</em></strong></span> 
     </span>
     <span class='ocr_line' id='line_1_14' title="bbox 82 1543 1053 1634; baseline 0.001 -21"><span class='ocrx_word' id='word_1_97' title='bbox 82 1547 239 1613; x_wconf 80' lang='grc' dir='ltr'><strong><em>πολλοῦ</em></strong></span> <span class='ocrx_word' id='word_1_98' title='bbox 265 1544 419 1634; x_wconf 87' lang='grc' dir='ltr'><strong><em>χρόνου</em></strong></span> <span class='ocrx_word' id='word_1_99' title='bbox 445 1543 828 1631; x_wconf 77' lang='grc' dir='ltr'><strong><em>ἐπιβουλεύσαντες</em></strong></span> <span class='ocrx_word' id='word_1_100' title='bbox 852 1545 922 1613; x_wconf 79' lang='grc' dir='ltr'><strong><em>καὶ</em></strong></span> <span class='ocrx_word' id='word_1_101' title='bbox 948 1569 1053 1615; x_wconf 87' lang='grc' dir='ltr'><strong><em>συν-</em></strong></span> 
     </span>
     <span class='ocr_line' id='line_1_15' title="bbox 80 1642 1052 1734; baseline -0.001 -19"><span class='ocrx_word' id='word_1_102' title='bbox 80 1647 257 1732; x_wconf 77' lang='grc' dir='ltr'><strong><em>δόντες,</em></strong></span> <span class='ocrx_word' id='word_1_103' title='bbox 287 1643 411 1714; x_wconf 76' lang='grc' dir='ltr'><strong><em>αὐτοὶ</em></strong></span> <span class='ocrx_word' id='word_1_104' title='bbox 436 1642 536 1714; x_wconf 74' lang='grc' dir='ltr'><strong><em>ἄνευ</em></strong></span> <span class='ocrx_word' id='word_1_105' title='bbox 569 1645 781 1713; x_wconf 76' lang='grc' dir='ltr'><em>κινδύνων</em></span> <span class='ocrx_word' id='word_1_106' title='bbox 809 1643 948 1733; x_wconf 78' lang='grc' dir='ltr'><strong><em>ὄντες,</em></strong></span> <span class='ocrx_word' id='word_1_107' title='bbox 978 1647 1052 1734; x_wconf 77' lang='grc' dir='ltr'><strong><em>τὴν</em></strong></span> 
     </span>
     <span class='ocr_line' id='line_1_16' title="bbox 81 1745 1052 1835; baseline 0.001 -19"><span class='ocrx_word' id='word_1_108' title='bbox 81 1753 341 1835; x_wconf 81' lang='grc' dir='ltr'><strong><em>κατηγορίαν</em></strong></span> <span class='ocrx_word' id='word_1_109' title='bbox 360 1746 622 1834; x_wconf 79' lang='grc' dir='ltr'><strong><em>ἐποιήσαντο·</em></strong></span> <span class='ocrx_word' id='word_1_110' title='bbox 650 1745 726 1832; x_wconf 74' lang='grc' dir='ltr'><strong><em>ἐγώ</em></strong></span> <span class='ocrx_word' id='word_1_111' title='bbox 746 1746 790 1814; x_wconf 69' lang='grc' dir='ltr'><strong><em>δὲ</em></strong></span> <span class='ocrx_word' id='word_1_112' title='bbox 807 1772 907 1834; x_wconf 87' lang='grc' dir='ltr'><strong><em>μετα</em></strong></span> <span class='ocrx_word' id='word_1_113' title='bbox 926 1748 1052 1827; x_wconf 81' lang='grc' dir='ltr'><strong><em>δέους</em></strong></span> 
     </span>
     <span class='ocr_line' id='line_1_17' title="bbox 81 1848 1052 1973; baseline -0.002 -55"><span class='ocrx_word' id='word_1_114' title='bbox 81 1850 152 1918; x_wconf 77' lang='grc' dir='ltr'><strong><em>καὶ</em></strong></span> <span class='ocrx_word' id='word_1_115' title='bbox 183 1848 391 1918; x_wconf 85' lang='grc' dir='ltr'><strong><em>κινδόνου</em></strong></span> <span class='ocrx_word' id='word_1_116' title='bbox 423 1850 493 1916; x_wconf 82' lang='grc' dir='ltr'><strong><em>καὶ</em></strong></span> <span class='ocrx_word' id='word_1_117' title='bbox 524 1852 725 1936; x_wconf 78' lang='grc' dir='ltr'><strong><em>διαβολῆς</em></strong></span> <span class='ocrx_word' id='word_1_118' title='bbox 756 1873 826 1934; x_wconf 89' lang='grc' dir='ltr'><strong><em>της</em></strong></span> <span class='ocrx_word' id='word_1_119' title='bbox 850 1854 1052 1973; x_wconf 80' lang='grc' dir='ltr'><strong><em>μεγίστης</em></strong></span> 
     </span>
     <span class='ocr_line' id='line_1_18' title="bbox 80 1940 1052 2038; baseline -0.002 -19"><span class='ocrx_word' id='word_1_120' title='bbox 80 1978 156 2038; x_wconf 94' lang='grc' dir='ltr'><strong><em>την</em></strong></span> <span class='ocrx_word' id='word_1_121' title='bbox 182 1949 426 2036; x_wconf 90' lang='grc' dir='ltr'><strong><em>απολογίαν</em></strong></span> <span class='ocrx_word' id='word_1_122' title='bbox 452 1951 661 2037; x_wconf 80' lang='grc' dir='ltr'><strong><em>ποιοῦμαι.</em></strong></span> <span class='ocrx_word' id='word_1_123' title='bbox 699 1948 815 2029; x_wconf 89' lang='grc' dir='ltr'><strong><em>είκός</em></strong></span> <span class='ocrx_word' id='word_1_124' title='bbox 840 1940 917 2017; x_wconf 78' lang='grc' dir='ltr'><strong><em>οὖν</em></strong></span> <span class='ocrx_word' id='word_1_125' title='bbox 941 1948 1052 2038; x_wconf 82' lang='grc' dir='ltr'><strong><em>δμας</em></strong></span> 
     </span>
     <span class='ocr_line' id='line_1_19' title="bbox 82 2047 1053 2139; baseline -0.002 -17"><span class='ocrx_word' id='word_1_126' title='bbox 82 2055 196 2122; x_wconf 92' lang='grc' dir='ltr'><strong><em>ε’στιν</em></strong></span> <span class='ocrx_word' id='word_1_127' title='bbox 221 2048 397 2120; x_wconf 76' lang='grc' dir='ltr'><strong><em>εὔνοιαν</em></strong></span> <span class='ocrx_word' id='word_1_128' title='bbox 420 2057 547 2120; x_wconf 86' lang='grc' dir='ltr'><strong><em>πλείω</em></strong></span> <span class='ocrx_word' id='word_1_129' title='bbox 579 2052 875 2139; x_wconf 79' lang='grc' dir='ltr'><strong><em>παρασχέσθαι</em></strong></span> <span class='ocrx_word' id='word_1_130' title='bbox 907 2047 1050 2139; x_wconf 78' lang='grc' dir='ltr'><strong><em>ἐμοι”</em></strong></span> <span class='ocrx_word' id='word_1_131' title='bbox 1031 2080 1053 2139; x_wconf 97' lang='grc' dir='ltr'><strong><em>η</em></strong></span> 
     </span>
     <span class='ocr_line' id='line_1_20' title="bbox 80 2151 1085 2242; baseline 0 -19"><span class='ocrx_word' id='word_1_132' title='bbox 80 2169 171 2234; x_wconf 82' lang='grc' dir='ltr'><strong><em>τοῖς</em></strong></span> <span class='ocrx_word' id='word_1_133' title='bbox 194 2152 455 2242; x_wconf 86' lang='grc' dir='ltr'><strong><em>κατηγόροις,</em></strong></span> <span class='ocrx_word' id='word_1_134' title='bbox 496 2159 553 2220; x_wconf 80' lang='grc' dir='ltr'><strong><em>ἔτι</em></strong></span> <span class='ocrx_word' id='word_1_135' title='bbox 577 2151 621 2221; x_wconf 69' lang='grc' dir='ltr'><strong><em>δὲ</em></strong></span> <span class='ocrx_word' id='word_1_136' title='bbox 645 2154 713 2221; x_wconf 85' lang='grc' dir='ltr'><strong><em>καὶ</em></strong></span> <span class='ocrx_word' id='word_1_137' title='bbox 731 2153 831 2222; x_wconf 90' lang='grc' dir='ltr'><strong><em>τόδε</em></strong></span> <span class='ocrx_word' id='word_1_138' title='bbox 856 2156 1085 2242; x_wconf 53' lang='lat' dir='ltr'><strong><em>{vnvm-7</em></strong></span> 
     </span>
     <span class='ocr_line' id='line_1_21' title="bbox 80 2252 1052 2344; baseline -0.001 -20"><span class='ocrx_word' id='word_1_139' title='bbox 80 2257 193 2344; x_wconf 81' lang='grc' dir='ltr'><strong><em>τέον,</em></strong></span> <span class='ocrx_word' id='word_1_140' title='bbox 217 2252 280 2324; x_wconf 85' lang='grc' dir='ltr'><strong><em>ὅτι</em></strong></span> <span class='ocrx_word' id='word_1_141' title='bbox 304 2257 451 2323; x_wconf 78' lang='grc' dir='ltr'><strong><em>πολλοὶ</em></strong></span> <span class='ocrx_word' id='word_1_142' title='bbox 476 2252 554 2342; x_wconf 70' lang='grc' dir='ltr'><strong><em>ἤδη</em></strong></span> <span class='ocrx_word' id='word_1_143' title='bbox 578 2254 710 2323; x_wconf 77' lang='grc' dir='ltr'><strong><em>πολλοὶ</em></strong></span> <span class='ocrx_word' id='word_1_144' title='bbox 735 2255 804 2323; x_wconf 85' lang='grc' dir='ltr'><strong><em>καὶ</em></strong></span> <span class='ocrx_word' id='word_1_145' title='bbox 832 2255 950 2324; x_wconf 83' lang='grc' dir='ltr'><strong><em>δεινδι</em></strong></span> <span class='ocrx_word' id='word_1_146' title='bbox 977 2282 1052 2323; x_wconf 84' lang='grc' dir='ltr'><strong><em>κα-</em></strong></span> 
     </span>
     <span class='ocr_line' id='line_1_22' title="bbox 79 2356 1075 2448; baseline -0.001 -23"><span class='ocrx_word' id='word_1_147' title='bbox 79 2356 422 2448; x_wconf 67' lang='grc' dir='ltr'><strong><em>τηγορησαντεςλ</em></strong></span> <span class='ocrx_word' id='word_1_148' title='bbox 453 2359 704 2445; x_wconf 79' lang='grc' dir='ltr'><strong><em>παραχρῆμα</em></strong></span> <span class='ocrx_word' id='word_1_149' title='bbox 729 2356 1075 2444; x_wconf 78' lang='grc' dir='ltr'><strong><em>ἐξηλέγχθησανε</em></strong></span> 
     </span>
     <span class='ocr_line' id='line_1_23' title="bbox 80 2454 1051 2546; baseline -0.002 -19"><span class='ocrx_word' id='word_1_150' title='bbox 80 2459 339 2546; x_wconf 80' lang='grc' dir='ltr'><strong><em>ψευδόμενοι</em></strong></span> <span class='ocrx_word' id='word_1_151' title='bbox 380 2455 488 2526; x_wconf 78' lang='grc' dir='ltr'><strong><em>οὕτω</em></strong></span> <span class='ocrx_word' id='word_1_152' title='bbox 528 2460 748 2546; x_wconf 78' lang='grc' dir='ltr'><strong><em>φανερῶς,</em></strong></span> <span class='ocrx_word' id='word_1_153' title='bbox 797 2454 901 2526; x_wconf 79' lang='grc' dir='ltr'><strong><em>ὥστε</em></strong></span> <span class='ocrx_word' id='word_1_154' title='bbox 942 2456 1051 2546; x_wconf 81' lang='grc' dir='ltr'><strong><em>δμᾶς</em></strong></span> 
     </span>
     <span class='ocr_line' id='line_1_24' title="bbox 80 2556 1051 2647; baseline -0.002 -19"><span class='ocrx_word' id='word_1_155' title='bbox 80 2561 186 2629; x_wconf 79' lang='grc' dir='ltr'><strong><em>πολὺ</em></strong></span> <span class='ocrx_word' id='word_1_156' title='bbox 207 2556 255 2628; x_wconf 77' lang='grc' dir='ltr'><strong><em>δν</em></strong></span> <span class='ocrx_word' id='word_1_157' title='bbox 272 2557 390 2646; x_wconf 73' lang='grc' dir='ltr'><strong><em>ἥδιον</em></strong></span> <span class='ocrx_word' id='word_1_158' title='bbox 408 2565 530 2647; x_wconf 90' lang='grc' dir='ltr'><strong><em>δίκην</em></strong></span> <span class='ocrx_word' id='word_1_159' title='bbox 549 2565 694 2646; x_wconf 76' lang='grc' dir='ltr'><strong><em>λαβεῖν</em></strong></span> <span class='ocrx_word' id='word_1_160' title='bbox 719 2559 826 2647; x_wconf 75' lang='grc' dir='ltr'><strong><em>παρὰ</em></strong></span> <span class='ocrx_word' id='word_1_161' title='bbox 852 2563 934 2626; x_wconf 81' lang='grc' dir='ltr'><strong><em>τῶν</em></strong></span> <span class='ocrx_word' id='word_1_162' title='bbox 952 2585 1051 2626; x_wconf 84' lang='grc' dir='ltr'><strong><em>κατ-</em></strong></span> 
     </span>
     <span class='ocr_line' id='line_1_25' title="bbox 78 2658 1055 2751; baseline 0 -21"><span class='ocrx_word' id='word_1_163' title='bbox 78 2661 246 2751; x_wconf 84' lang='grc' dir='ltr'><strong><em>ηγόρων</em></strong></span> <span class='ocrx_word' id='word_1_164' title='bbox 279 2658 434 2749; x_wconf 78' lang='grc' dir='ltr'><strong><em>ἢπαρόι</em></strong></span> <span class='ocrx_word' id='word_1_165' title='bbox 465 2662 548 2728; x_wconf 78' lang='grc' dir='ltr'><strong><em>τῶν</em></strong></span> <span class='ocrx_word' id='word_1_166' title='bbox 580 2661 984 2748; x_wconf 83' lang='grc' dir='ltr'><strong><em>κατηγορουμένων·</em></strong></span> <span class='ocrx_word' id='word_1_167' title='bbox 1012 2666 1055 2730; x_wconf 79' lang='grc' dir='ltr'><strong><em>οἱ</em></strong></span> 
     </span>
     <span class='ocr_line' id='line_1_26' title="bbox 79 2752 1047 2853; baseline 0 -22"><span class='ocrx_word' id='word_1_168' title='bbox 79 2762 125 2832; x_wconf 73' lang='grc' dir='ltr'><strong><em>δὲ</em></strong></span> <span class='ocrx_word' id='word_1_169' title='bbox 149 2752 213 2850; x_wconf 79' lang='grc' dir='ltr'><strong><em>αὖ,</em></strong></span> <span class='ocrx_word' id='word_1_170' title='bbox 237 2763 584 2853; x_wconf 80' lang='grc' dir='ltr'><strong><em>μαρτυρήσαντες</em></strong></span> <span class='ocrx_word' id='word_1_171' title='bbox 608 2761 655 2829; x_wconf 84' lang='grc' dir='ltr'><strong><em>τδι</em></strong></span> <span class='ocrx_word' id='word_1_172' title='bbox 681 2764 813 2849; x_wconf 76' lang='grc' dir='ltr'><strong><em>ψευδῆ</em></strong></span> <span class='ocrx_word' id='word_1_173' title='bbox 839 2760 927 2850; x_wconf 83' lang='grc' dir='ltr'><em>(καὶ)</em></span> <span class='ocrx_word' id='word_1_174' title='bbox 953 2760 1047 2831; x_wconf 77' lang='grc' dir='ltr'><strong><em>οἱδί-</em></strong></span> 
     </span>
    </p>
   </div>
   <div class='ocr_carea' id='block_1_3' title="bbox 149 2947 1051 3078">
    <p class='ocr_par' dir='ltr' id='par_1_3' title="bbox 149 2947 1051 3078">
     <span class='ocr_line' id='line_1_27' title="bbox 149 2947 1051 3078; baseline -0.001 -68"><span class='ocrx_word' id='word_1_175' title='bbox 149 2962 172 3014; x_wconf 79' lang='grc'><strong><em>5.</em></strong></span> <span class='ocrx_word' id='word_1_176' title='bbox 178 2977 241 3078; x_wconf 37' lang='lat' dir='ltr'><strong><em>pff</em></strong></span> <span class='ocrx_word' id='word_1_177' title='bbox 263 2952 372 3019; x_wconf 79' lang='grc' dir='ltr'><strong><em>πόλεως</em></strong></span> <span class='ocrx_word' id='word_1_178' title='bbox 392 2965 419 3009; x_wconf 78' lang='lat' dir='ltr'><strong><em>et</em></strong></span> <span class='ocrx_word' id='word_1_179' title='bbox 446 2954 520 3009; x_wconf 88' lang='grc' dir='ltr'><strong><em>πολν</em></strong></span> <span class='ocrx_word' id='word_1_180' title='bbox 544 2947 613 3009; x_wconf 83' lang='grc' dir='ltr'><strong><em>δ’όιν</em></strong></span> <span class='ocrx_word' id='word_1_181' title='bbox 634 2958 725 3012; x_wconf 56' lang='grc' dir='ltr'><strong><em>οοδδα</em></strong></span> <span class='ocrx_word' id='word_1_182' title='bbox 754 2952 787 3009; x_wconf 69' lang='grc' dir='ltr'><strong><em>δὲ</em></strong></span> <span class='ocrx_word' id='word_1_183' title='bbox 816 2959 1051 3037; x_wconf 78' lang='lat' dir='ltr'><strong>transponendum</strong></span> 
     </span>
    </p>
   </div>
   <div class='ocr_carea' id='block_1_4' title="bbox 76 3017 1050 3570">
    <p class='ocr_par' dir='ltr' id='par_1_4' title="bbox 76 3017 1050 3570">
     <span class='ocr_line' id='line_1_28' title="bbox 78 3017 1049 3092; baseline -0.003 -13"><span class='ocrx_word' id='word_1_184' title='bbox 78 3044 141 3080; x_wconf 86' lang='lat' dir='ltr'>esse</span> <span class='ocrx_word' id='word_1_185' title='bbox 161 3029 186 3078; x_wconf 83' lang='lat' dir='ltr'><strong><em>ci</em></strong></span> <span class='ocrx_word' id='word_1_186' title='bbox 235 3028 289 3082; x_wconf 77' lang='lat' dir='ltr'><strong>ehi.</strong></span> <span class='ocrx_word' id='word_1_187' title='bbox 308 3024 369 3092; x_wconf 84' lang='grc' dir='ltr'><strong><em>(της</em></strong></span> <span class='ocrx_word' id='word_1_188' title='bbox 387 3043 417 3078; x_wconf 87' lang='grc' dir='ltr'><strong><em>τε</em></strong></span> <span class='ocrx_word' id='word_1_189' title='bbox 435 3017 499 3077; x_wconf 82' lang='grc' dir='ltr'><strong><em>πόλ.</em></strong></span> <span class='ocrx_word' id='word_1_190' title='bbox 520 3031 548 3076; x_wconf 83' lang='lat' dir='ltr'><strong><em>et</em></strong></span> <span class='ocrx_word' id='word_1_191' title='bbox 570 3042 632 3076; x_wconf 82' lang='lat' dir='ltr'><strong><em>cum</em></strong></span> <span class='ocrx_word' id='word_1_192' title='bbox 655 3026 755 3082; x_wconf 79' lang='lat' dir='ltr'><strong>Valck.</strong></span> <span class='ocrx_word' id='word_1_193' title='bbox 771 3018 890 3092; x_wconf 86' lang='grc' dir='ltr'><strong><em>πολόγ’</em></strong></span> <span class='ocrx_word' id='word_1_194' title='bbox 912 3026 950 3077; x_wconf 85' lang='lat' dir='ltr'><strong><em>Sl</em></strong></span> <span class='ocrx_word' id='word_1_195' title='bbox 952 3042 1049 3092; x_wconf 82' lang='lat' dir='ltr'>,quae</span> 
     </span>
     <span class='ocr_line' id='line_1_29' title="bbox 79 3092 1050 3160; baseline -0.003 -14"><span class='ocrx_word' id='word_1_196' title='bbox 79 3096 274 3158; x_wconf 82' lang='lat' dir='ltr'><strong>concinniora,</strong></span> <span class='ocrx_word' id='word_1_197' title='bbox 298 3096 346 3145; x_wconf 85' lang='lat' dir='ltr'><strong><em>sed</em></strong></span> <span class='ocrx_word' id='word_1_198' title='bbox 374 3097 408 3146; x_wconf 91' lang='lat' dir='ltr'><strong><em>ob</em></strong></span> <span class='ocrx_word' id='word_1_199' title='bbox 436 3092 495 3143; x_wconf 90' lang='lat' dir='ltr'><strong><em>id</em></strong></span> <span class='ocrx_word' id='word_1_200' title='bbox 487 3109 577 3159; x_wconf 74' lang='lat' dir='ltr'><strong>npsum</strong></span> <span class='ocrx_word' id='word_1_201' title='bbox 598 3094 628 3143; x_wconf 89' lang='lat' dir='ltr'><strong><em>in</em></strong></span> <span class='ocrx_word' id='word_1_202' title='bbox 651 3094 755 3148; x_wconf 82' lang='lat' dir='ltr'><strong>Andoc.</strong></span> <span class='ocrx_word' id='word_1_203' title='bbox 779 3095 867 3145; x_wconf 83' lang='lat' dir='ltr'><strong>minus</strong></span> <span class='ocrx_word' id='word_1_204' title='bbox 894 3094 1050 3160; x_wconf 79' lang='lat' dir='ltr'>probabilia</span> 
     </span>
     <span class='ocr_line' id='line_1_30' title="bbox 77 3154 938 3242; baseline -0.004 -28"><span class='ocrx_word' id='word_1_205' title='bbox 77 3164 216 3227; x_wconf 78' lang='lat' dir='ltr'><strong>sunt).-</strong></span> <span class='ocrx_word' id='word_1_206' title='bbox 234 3154 363 3242; x_wconf 78' lang='grc' dir='ltr'><strong><em>γιηοόοκα</em></strong></span> <span class='ocrx_word' id='word_1_207' title='bbox 381 3165 403 3213; x_wconf 94' lang='grc' dir='ltr'>Β</span> <span class='ocrx_word' id='word_1_208' title='bbox 423 3167 450 3213; x_wconf 80' lang='lat' dir='ltr'><strong><em>et</em></strong></span> <span class='ocrx_word' id='word_1_209' title='bbox 469 3178 508 3227; x_wconf 86' lang='lat' dir='ltr'><strong><em>pr</em></strong></span> <span class='ocrx_word' id='word_1_210' title='bbox 528 3162 600 3211; x_wconf 82' lang='lat' dir='ltr'><strong><em>Let</em></strong></span> <span class='ocrx_word' id='word_1_211' title='bbox 619 3177 697 3239; x_wconf 67' lang='grc' dir='ltr'><strong><em>νοτε,</em></strong></span> <span class='ocrx_word' id='word_1_212' title='bbox 716 3167 748 3212; x_wconf 86' lang='lat' dir='ltr'><strong><em>ut</em></strong></span> <span class='ocrx_word' id='word_1_213' title='bbox 765 3162 841 3213; x_wconf 74' lang='lat' dir='ltr'><strong>vnde</strong></span> <span class='ocrx_word' id='word_1_214' title='bbox 830 3167 887 3225; x_wconf 87' lang='lat' dir='ltr'><strong><em>ur</em></strong></span> <span class='ocrx_word' id='word_1_215' title='bbox 906 3163 938 3212; x_wconf 83' lang='lat' dir='ltr'><strong><em>A.</em></strong></span> 
     </span>
     <span class='ocr_line' id='line_1_31' title="bbox 149 3220 1049 3346; baseline -0.004 -65"><span class='ocrx_word' id='word_1_216' title='bbox 149 3233 173 3282; x_wconf 82' lang='lat'><strong><em>6.</em></strong></span> <span class='ocrx_word' id='word_1_217' title='bbox 192 3247 236 3282; x_wconf 88' lang='lat' dir='ltr'><strong><em>vv.</em></strong></span> <span class='ocrx_word' id='word_1_218' title='bbox 250 3221 368 3282; x_wconf 75' lang='grc' dir='ltr'><strong><em>εὔνοιαν</em></strong></span> <span class='ocrx_word' id='word_1_219' title='bbox 384 3229 519 3281; x_wconf 85' lang='grc' dir='ltr'><strong><em>κλείω-</em></strong></span> <span class='ocrx_word' id='word_1_220' title='bbox 485 3220 702 3346; x_wconf 87' lang='grc' dir='ltr'><strong><em>-κατηγόροις</em></strong></span> <span class='ocrx_word' id='word_1_221' title='bbox 719 3199 957 3292; x_wconf 76' lang='grc' dir='ltr'><strong><em>οιοίΑοδοόίδεε,</em></strong></span> <span class='ocrx_word' id='word_1_222' title='bbox 975 3234 1049 3278; x_wconf 82' lang='lat' dir='ltr'>certe</span> 
     </span>
     <span class='ocr_line' id='line_1_32' title="bbox 76 3297 1044 3381; baseline -0.005 -31"><span class='ocrx_word' id='word_1_223' title='bbox 76 3315 136 3352; x_wconf 91' lang='lat' dir='ltr'><strong><em>non</em></strong></span> <span class='ocrx_word' id='word_1_224' title='bbox 154 3304 253 3349; x_wconf 76' lang='lat' dir='ltr'><strong>auctor</strong></span> <span class='ocrx_word' id='word_1_225' title='bbox 271 3299 406 3381; x_wconf 63' lang='lat' dir='ltr'>prooemii</span> <span class='ocrx_word' id='word_1_226' title='bbox 424 3298 468 3347; x_wconf 84' lang='lat' dir='ltr'><strong><em>bis</em></strong></span> <span class='ocrx_word' id='word_1_227' title='bbox 486 3297 594 3363; x_wconf 78' lang='lat' dir='ltr'>posuit:</span> <span class='ocrx_word' id='word_1_228' title='bbox 614 3298 736 3379; x_wconf 82' lang='lat' dir='ltr'><strong>genuina</strong></span> <span class='ocrx_word' id='word_1_229' title='bbox 755 3302 820 3347; x_wconf 82' lang='lat' dir='ltr'><strong>sunt</strong></span> <span class='ocrx_word' id='word_1_230' title='bbox 839 3313 883 3361; x_wconf 80' lang='lat' dir='ltr'><strong><em>ap</em></strong></span> <span class='ocrx_word' id='word_1_231' title='bbox 901 3298 968 3361; x_wconf 79' lang='lat' dir='ltr'>Lys.</span> <span class='ocrx_word' id='word_1_232' title='bbox 987 3298 1044 3356; x_wconf 72' lang='lat'><strong><em>52.</em></strong></span> 
     </span>
     <span class='ocr_line' id='line_1_33' title="bbox 148 3358 1049 3432; baseline -0.007 -14.572"><span class='ocrx_word' id='word_1_233' title='bbox 148 3359 399 3432; x_wconf 76' lang='grc' dir='ltr'><strong><em>7.ἒξειλεγδησαν</em></strong></span> <span class='ocrx_word' id='word_1_234' title='bbox 411 3366 466 3415; x_wconf 84' lang='grc' dir='ltr'><strong><em>ΑΒ.</em></strong></span> <span class='ocrx_word' id='word_1_235' title='bbox 479 3391 512 3401; x_wconf 91' lang='grc'>-</span> <span class='ocrx_word' id='word_1_236' title='bbox 524 3362 574 3415; x_wconf 79' lang='grc' dir='ltr'><strong><em>καὶ</em></strong></span> <span class='ocrx_word' id='word_1_237' title='bbox 595 3370 661 3415; x_wconf 81' lang='lat' dir='ltr'><strong>ante</strong></span> <span class='ocrx_word' id='word_1_238' title='bbox 675 3358 784 3424; x_wconf 86' lang='grc' dir='ltr'><strong><em>α’δίκως</em></strong></span> <span class='ocrx_word' id='word_1_239' title='bbox 802 3363 893 3414; x_wconf 80' lang='lat' dir='ltr'><strong>addidi</strong></span> <span class='ocrx_word' id='word_1_240' title='bbox 913 3379 948 3412; x_wconf 85' lang='lat' dir='ltr'><strong><em>ex</em></strong></span> <span class='ocrx_word' id='word_1_241' title='bbox 961 3364 1049 3426; x_wconf 83' lang='lat' dir='ltr'><strong>Lysia</strong></span> 
     </span>
     <span class='ocr_line' id='line_1_34' title="bbox 76 3426 1046 3515; baseline -0.006 -29"><span class='ocrx_word' id='word_1_242' title='bbox 76 3437 92 3498; x_wconf 68' lang='grc' dir='ltr'>ξ</span> <span class='ocrx_word' id='word_1_243' title='bbox 112 3437 188 3489; x_wconf 86' lang='grc'><strong><em>4.-</em></strong></span> <span class='ocrx_word' id='word_1_244' title='bbox 155 3430 528 3515; x_wconf 77' lang='grc' dir='ltr'><strong><em>-ψευδομαρτυριῶνοιυ,</em></strong></span> <span class='ocrx_word' id='word_1_245' title='bbox 540 3433 653 3496; x_wconf 65' lang='lat' dir='ltr'><strong>Lyn-</strong></span> <span class='ocrx_word' id='word_1_246' title='bbox 620 3426 707 3483; x_wconf 76' lang='grc' dir='ltr'><strong><em>-ἔτι</em></strong></span> <span class='ocrx_word' id='word_1_247' title='bbox 726 3448 777 3485; x_wconf 89' lang='lat' dir='ltr'><strong><em>om</em></strong></span> <span class='ocrx_word' id='word_1_248' title='bbox 790 3431 866 3481; x_wconf 85' lang='lat' dir='ltr'><strong><em>LZM</em></strong></span> <span class='ocrx_word' id='word_1_249' title='bbox 876 3432 947 3512; x_wconf 80' lang='lat' dir='ltr'>Lys.</span> <span class='ocrx_word' id='word_1_250' title='bbox 967 3429 1046 3494; x_wconf 87' lang='lat' dir='ltr'><strong>(Hi.)</strong></span> 
     </span>
     <span class='ocr_line' id='line_1_35' title="bbox 77 3494 1049 3570; baseline -0.005 -15"><span class='ocrx_word' id='word_1_251' title='bbox 77 3530 112 3540; x_wconf 92' lang='lat'>-</span> <span class='ocrx_word' id='word_1_252' title='bbox 131 3498 282 3570; x_wconf 72' lang='grc' dir='ltr'><strong><em>γεγένηται</em></strong></span> <span class='ocrx_word' id='word_1_253' title='bbox 301 3503 366 3568; x_wconf 74' lang='lat' dir='ltr'><strong>Lyn.</strong></span> <span class='ocrx_word' id='word_1_254' title='bbox 391 3507 499 3552; x_wconf 83' lang='lat' dir='ltr'><strong>etcum</strong></span> <span class='ocrx_word' id='word_1_255' title='bbox 518 3501 603 3551; x_wconf 88' lang='lat' dir='ltr'><strong>Dobr.</strong></span> <span class='ocrx_word' id='word_1_256' title='bbox 621 3500 695 3554; x_wconf 78' lang='lat' dir='ltr'><strong>Schi.</strong></span> <span class='ocrx_word' id='word_1_257' title='bbox 707 3500 797 3550; x_wconf 71' lang='lat' dir='ltr'><strong>Turn:</strong></span> <span class='ocrx_word' id='word_1_258' title='bbox 817 3494 997 3565; x_wconf 83' lang='grc' dir='ltr'><strong><em>γεγένηνται.</em></strong></span> <span class='ocrx_word' id='word_1_259' title='bbox 1016 3522 1049 3534; x_wconf 94' lang='grc'>-</span> 
     </span>
    </p>
   </div>
   <div class='ocr_carea' id='block_1_5' title="bbox 861 3582 896 3631">
    <p class='ocr_par' dir='ltr' id='par_1_5' title="bbox 861 3582 896 3631">
     <span class='ocr_line' id='line_1_36' title="bbox 861 3582 896 3631; baseline 0 -18"><span class='ocrx_word' id='word_1_260' title='bbox 861 3582 896 3631; x_wconf 69' lang='grc'><strong><em>1*</em></strong></span> 
     </span>
    </p>
   </div>
   <div class='ocr_carea' id='block_1_6' title="bbox 0 0 1174 3916">
    <p class='ocr_par' dir='ltr' id='par_1_6' title="bbox 0 0 1174 3916">
     <span class='ocr_line' id='line_1_37' title="bbox 0 0 1174 3916; baseline 0 1"><span class='ocrx_word' id='word_1_261' title='bbox 0 0 1174 3916; x_wconf 95' lang='lat' dir='ltr'><strong><em> </em></strong></span> 
     </span>
    </p>
   </div>
  </div>
 </body>
</html>
