2340 3916
285 219 407 276 ΚΑΤΑ
428 217 805 276 ΚΤΗΣΙΦΩΝΤΟΣ.
956 215 1016 279 157

69 383 218 459 φανεροῦ
237 374 297 460 τὴν
315 376 415 443 πόλιν
431 373 610 459 ἅνθρωπος
632 372 694 441 ούκ
724 375 862 447 ἐδύνατο
880 382 1016 463 σφῆλαι,

69 474 232 542 εἰσελθών
255 480 299 552 είς
322 473 359 543 τό
387 473 628 560 βουλευτήριον
654 477 710 541 καὶ
731 476 1017 561 μεταστησάμενος

67 569 145 650 τούς
166 572 296 650 ίδιοότας
313 573 485 656 ἐκφέρεται
506 571 741 658 προβούλευμα
758 578 803 651 είς
819 572 882 659 τὴν
898 576 1016 659 ἐκκλη-

14 694 48 748 26
68 675 160 753 σίαυ,
185 667 385 757 προσλαβών
401 667 464 754 την
486 676 548 736 τοῦ
568 669 758 754 γράψαντος
778 667 945 753 άπειρίαν·
977 672 1014 736 τό

68 767 99 834 δ’
112 766 192 836 αὐτὸ
204 775 301 836 τοῦτο
314 770 369 836 καὶ
380 770 416 834 ἐν
432 775 471 856 τῇ
483 770 637 853 ἐκκλησία
649 768 844 853 διεπράξατο
855 770 1015 853 ἐπιψηφι-
1030 781 1081 837 517

67 876 190 952 σθῆναι
209 868 264 935 καὶ
281 870 439 951 γενέσθαι
456 864 563 951 δήμου
580 867 733 952 ψήφισμα
753 866 817 954 ἤδη
828 866 1016 935 ἐπαναστά-

67 987 125 1051 σης
136 975 192 1050 τῆς
203 969 391 1050 ἐκκλησίας,
403 963 651 1050 ἀπεληλυθότος
661 967 761 1051 ἐμοῦ,
772 963 814 1033 ού
824 963 888 1049 γάρ
899 962 941 1031 άυ
953 989 1014 1031 πο-

66 1091 101 1131 τε
115 1067 284 1148 ἐπέτρεψα,
296 1066 431 1132 καὶτῶν
441 1072 575 1131 πολλῶν
585 1063 620 1131 δὲ
632 1062 836 1151 ἀφειμένων·
856 1056 900 1130 ού
910 1062 947 1132 τό
958 1089 1015 1130 κε-

68 1162 211 1248 φάλαιόν
222 1165 290 1230 ἐστι
301 1164 388 1248 ,τὸν
401 1163 647 1249 ίερομιιημοναῑί
660 1164 741 1248 φησί
753 1171 849 1247 ,τῶν
858 1159 1013 1248 Ἀθηναί-

69 1289 116 1328 ων
128 1264 182 1328 καὶ
194 1260 271 1339 τούς
282 1261 491 1346 πυλαγόρους
508 1260 586 1338 τούς
596 1259 654 1328 άεὶ
665 1269 938 1347 πυλαγοροῦντας
951 1284 1013 1327 πο-

69 1362 229 1444 ρεύεσθαι
241 1368 286 1438 εἰς
296 1361 412 1439 Πύλας
428 1365 482 1428 καὶ
500 1367 546 1439 είς
556 1358 714 1445 Δελφούς
730 1364 767 1428 ἐν
779 1374 846 1439 τοῖς
857 1363 1014 1448 τεταγμέ-

68 1485 138 1536 νοις
153 1459 285 1543 χρόνοις
302 1455 366 1525 ὑπὸ
384 1467 451 1526 τῶν
474 1459 692 1544 προγόνων,“
718 1456 890 1545 εὐπρεπῶς
910 1486 947 1544 γε
967 1468 1013 1548 τῷ

67 1556 220 1643 ὀνόματι,
246 1555 384 1645 άλλόιτῷ
398 1560 482 1646 ἔργῳ
500 1562 655 1643 αἰσχράς·
688 1556 811 1624 κωλύει
821 1554 885 1643 γάρ
899 1564 944 1636 είς
954 1555 1014 1624 τόν

66 1666 232 1741 συλλογον
242 1654 302 1723 τόν
313 1657 350 1722 ἐν
360 1656 488 1734 Πύλαις
498 1654 666 1741 άπαντάν,
689 1652 726 1734 δς
738 1659 771 1736 ἐξ
788 1653 936 1743 άυάγκης
949 1654 1011 1741 πρό

10 1786 47 1842 27
65 1749 126 1822 τοῦ
138 1754 346 1840 καθήκοντος
357 1759 469 1840 ἔμελλε
480 1753 604 1840 χρόνον
618 1760 803 1840 γίγνεσθαι.
837 1758 892 1822 καὶ
911 1754 1013 1822 πάλιν

66 1858 102 1920 ἐν
120 1863 166 1941 τῷ
184 1853 275 1943 αὐτῷ
293 1859 477 1939 ψηφίσματι
495 1851 580 1920 πολύ
597 1856 651 1920 καὶ
667 1857 871 1938 σαφέστερον
887 1854 942 1920 καὶ
959 1876 1010 1918 πι-

66 1954 227 2035 κρότερον
239 1954 435 2038 σύγγραμμα
445 1952 568 2037 γράφει
578 1950 661 2037 ,,τόν
669 1949 916 2038 ίερομνημοναα
928 1951 1011 2035 φησὶ

66 2045 1013 2137 ,μῶνἈθηναίωνκαὶτούςπνλαγόρουςτούςάεὶπυλαγο-

67 2147 258 2235 ροῦυταςμὴ
266 2175 411 2235 μετεχειν
418 2162 485 2227 τοῖς
492 2150 560 2217 ἐκεῖ
565 2150 816 2233 συλλεγομένοις
822 2146 1019 2234 μήτελόγοιν
1032 2168 1082 2223 518

66 2246 144 2333 μήτε
157 2254 262 2333 ἔργων
275 2248 355 2334 μήτε
369 2247 543 2334 δογμάτων
556 2247 637 2333 μήτε
648 2244 797 2331 πράξεως
816 2249 1012 2332 μηδεμιάς.“

65 2345 101 2412 τό
113 2345 147 2412 δὲ
154 2342 197 2432 μη
206 2347 351 2431 μετέχειν
357 2351 390 2412 τί
394 2349 477 2425 ἕσας
490 2343 846 2430 πότερατάληδὲςείπω
856 2341 878 2429 ἢ
888 2342 924 2411 τό
937 2343 1013 2430 ἥδι-

66 2464 145 2511 στον
157 2441 314 2521 άιιούσαι;
325 2442 362 2510 τό
375 2442 498 2528 ἀληθὲς
508 2445 588 2529 ἐρῶ·
606 2442 642 2513 τό
654 2442 718 2527 γάρ
730 2440 780 2508 άελ
792 2439 875 2523 πρός
886 2439 1013 2529 ἡδονὴν

66 2544 248 2626 λεγόμενον
260 2539 382 2608 ούτωσὶ
393 2539 454 2626 τὴν
466 2539 565 2608 πόλιν
578 2544 791 2607 διατέθεικεν.
825 2537 887 2605 ούκ
904 2542 942 2626 ἐᾷ
953 2566 1013 2624 με-

65 2648 214 2725 μνῆσθαι
235 2646 303 2704 τοῖν
319 2638 447 2724 ὅρκων,
471 2635 529 2715 ούς
546 2635 642 2723 ἡμῶν
653 2640 687 2704 οί
694 2637 855 2721 πρόγονοι
868 2635 1011 2724 άμοσαν.

66 2733 144 2804 ούδὲ
156 2742 212 2822 τῆς
225 2733 307 2819 άροῐς
319 2733 398 2803 οὐδὲ
410 2743 468 2821 τῆς
480 2742 540 2802 τοῦ
551 2740 637 2802 θεοῦ
648 2740 811 2820 μαντείας.

10 2875 49 2928 23
145 2833 253 2920 Ἡμεῖς
271 2835 332 2920 μὲν
351 2827 429 2920 ούν,
453 2828 680 2922 οἷἈθηναίοι,
703 2839 940 2921 κατεμείναμεν
958 2835 1012 2902 διά

65 2943 163 3002 τοῦτο
175 2932 211 3000 τό
224 2933 395 3019 ψήφισμα,
421 2937 455 3000 oc
471 2931 502 3000 δ’
516 2932 610 3001 άλλοι
624 2931 864 3019 Ἀμφικτύονες
875 2937 1012 3002 συνελέ-

65 3054 173 3119 γησαν
190 3040 236 3110 είς
250 3032 367 3110 Πύλας
383 3030 471 3118 πλὴν
488 3041 565 3119 μιάς
582 3034 728 3119 πόλεως,
753 3024 791 3119 ἧς
808 3031 872 3120 ε’γιδ
888 3031 956 3104 οὔτ’
970 3031 1013 3102 άν

65 3132 212 3216 τοῦνομα
231 3141 368 3216 εἴποιμι,
391 3129 469 3218 μήδ’
482 3136 518 3199 ac
534 3136 702 3219 συμφοραὶ
719 3133 941 3219 παραπλήσιοι
957 3139 1013 3217 γε’-

66 3256 177 3298 νοιντο
189 3228 290 3316 αύτης
302 3233 417 3316 μηδενὶ
431 3238 498 3296 τῶν
510 3227 688 3318 Ἑλλήνων.
721 3233 776 3299 καὶ
787 3232 1010 3310 συνελθόντες
1026 3261 1081 3318 519

67 3333 270 3416 ἐψηφίσαντο
292 3330 538 3413 ἐπιστρατεύειν
561 3333 613 3397 ἐπὶ
634 3328 712 3409 τούς
726 3327 937 3416 Ἀμφισσέας,
957 3332 1012 3398 καὶ

66 3428 251 3515 στρατηγόν
264 3435 389 3496 εἴλοντο
402 3429 582 3514 Κόττυφον
593 3429 651 3496 τόν
665 3429 856 3513 Φαρσάλιον
867 3427 928 3496 τόν
937 3430 1012 3496 τότε
