2340 3916
138 219 180 283 34
486 222 739 280 ΑΙΣΧΙΝΟΤ

140 378 161 469 ή
184 386 279 467 δέκα,
308 373 356 448 ιδν
378 382 512 459 ἕκαστος
533 381 639 468 τούτῳ
670 377 723 447 δύ’
745 376 887 467 ὀβολούς
908 379 1084 467 ἀποφορὰν

140 486 236 564 ἔφερε
247 487 304 566 τῆς
315 475 445 564 ἡμέρας,
459 476 475 547 ὁ
488 477 520 546 δ’
532 477 664 565 ήγεμάν
682 488 743 546 τοῦ
762 484 978 566 ἐργαστηρίου
988 483 1087 566 τριώ-

139 589 256 668 βολον·
279 585 324 646 έτι
342 579 377 646 δὲ
395 579 476 663 πρὸς
488 581 616 658 τούτοις
626 595 768 664 γυναῖκα
779 577 942 665 ἀμόργινα
954 584 1086 648 ἐπιστα-

140 685 243 766 μένην
253 679 449 764 έργάζεσθαι
458 679 512 745 καὶ
523 683 600 763 ἔργα
612 676 712 745 λεπτά
725 685 770 756 είς
781 678 840 764 τήν
851 677 978 763 ἀγοράν
988 683 1086 763 ἐκφέ-

141 799 283 863 ρουσαν,
307 777 361 843 καί
382 774 488 860 ἀνδρα
503 774 690 861 ποικιλτήν,
713 780 766 842 καὶ
783 771 978 860 ὀφείλοντάς
995 805 1086 855 τινας

141 876 231 964 αύτῷ
242 875 420 960 ἀργύριον,
439 876 493 941 καί
506 879 632 940 έπιπλα.
652 871 702 941 ὅτι
713 874 747 942 δὲ
759 871 853 940 ταῦτ’
867 871 976 960 ἀληθῆ
989 877 1083 959 λέγω,
1101 887 1136 941 98

139 980 287 1044 ἐνταῦθα
306 977 418 1059 μέντοι
439 971 478 1058 νή
502 979 567 1037 Δία
590 980 704 1054 σαφῶς
724 970 814 1038 πάνυ
831 972 885 1037 καί
904 972 1085 1058 διαρρήδην

140 1071 202 1160 έγύ
224 1078 475 1159 μαρτυροῦντας
497 1069 575 1154 ύμῖυ
599 1067 677 1147 τοὺς
697 1071 866 1155 μάρτυρας
887 1069 1083 1156 παρέξομαι·

139 1168 247 1246 ούδελς
258 1168 320 1254 γάρ
332 1172 502 1246 κίνδυνος,
519 1165 628 1249 ὥσπερ
646 1171 726 1250 ἐκεῖ,
740 1164 801 1233 οὐδ
806 1165 814 1188 '
828 1167 967 1252 αἰσχύνη
979 1168 1085 1251 πρόσ-

74 1284 122 1339 119
140 1287 229 1335 εστιν
246 1264 383 1351 ούδεμία
409 1273 456 1354 τῷ
472 1263 581 1350 ἀληθῆ
600 1273 832 1350 μαρτυροῦντι.
865 1264 927 1351 τήν
942 1267 1003 1352 μὲν
1020 1268 1085 1352 γάρ

141 1371 248 1434 οἰκίαν
265 1364 325 1450 τήν
342 1369 377 1433 έν
399 1363 489 1431 ἀστει
511 1361 650 1430 ἀπέδοθ’
675 1354 771 1442 οὗτος
792 1364 1017 1449 Ναυσικράτει
1038 1374 1085 1454 τῷ

140 1471 273 1554 κωμικῷ
297 1463 473 1549 ύποκριτῆ,Ι
497 1458 636 1546 ὕστερον
659 1460 690 1526 δ’
714 1460 820 1548 αύτήν
840 1466 973 1548 ἐπρίατο
994 1461 1083 1547 παρά

140 1571 200 1630 τοῦ
219 1561 472 1644 Ναυσικράτους
489 1569 592 1627 είκοσι
608 1567 703 1645 μνῶν
714 1558 937 1640 Κλεαίνετοςὸ
951 1566 1084 1646 χοροδι-

141 1663 318 1739 δάσκαλος·
353 1658 414 1745 τήν
436 1657 468 1726 δ’
480 1658 632 1744 έσχατιάν
641 1662 772 1743 ἐπρίατο
781 1655 855 1744 παρ’
869 1657 974 1727 αὐτοῦ
983 1668 1085 1747 Μνη-

140 1769 252 1839 σίθεος
280 1758 580 1843 δΜυρρινούσιος,
612 1759 715 1827 τόπον
732 1760 791 1845 μὲν
810 1758 933 1844 πολύν,
969 1765 1085 1841 δεινοῖς

140 1858 171 1926 δ’
182 1861 420 1944 ἐξηγριωμένον
427 1855 492 1924 ὑπὸ
500 1858 636 1924 τούτου·
652 1855 687 1925 τδ
696 1855 726 1924 δ’
742 1856 940 1945 Ἀλωπεκῆσι
949 1868 1081 1946 χωρίου,
1098 1878 1133 1932 99

140 1949 217 2042 δήν
237 1954 375 2021 ἀπωθεν
391 1962 452 2021 τού
472 1960 598 2039 τείχους
619 1955 734 2022 ἕνδεκα
757 1950 778 2041 ή
800 1955 928 2023 δοίδεκα
953 1957 1081 2045 στάδια,

140 2052 350 2136 ἱκετευούσης
372 2054 427 2119 καὶ
448 2049 684 2139 ἀντιβολούσης
704 2060 762 2137 τῆς
788 2053 925 2140 μητρδς,
955 2054 998 2135 ως
1018 2058 1081 2144 ε’γεδ

140 2149 372 2234 πυνθάνομαι,
399 2150 492 2215 ε’ἀσαι
509 2152 563 2216 καί
580 2148 624 2235 μή
643 2147 847 2234 ἀποδόσθαι,
870 2149 943 2219 ἀλλ’
956 2160 986 2221 εί
995 2155 1040 2241 μή
1053 2183 1083 2221 τι

140 2248 237 2332 ἀλλο,
262 2251 443 2332 ἐνταφῆναι
466 2244 640 2315 ὑπολιπεῖν
659 2247 758 2336 αὑτῆ,
781 2246 859 2316 οὐδὲ
880 2250 1002 2318 τούτου
1021 2261 1081 2319 τού

139 2353 261 2432 χωρίου
280 2344 451 2430 ἀπέσχετο,
476 2343 559 2412 ἀλλά
576 2349 628 2413 καὶ
646 2345 735 2413 τοῦτ’
757 2345 896 2415 ἀπέδοτο
918 2353 1083 2435 δισχιλίων

141 2450 304 2530 δραχμῶν.
328 2445 381 2511 καί
399 2449 467 2510 των
482 2452 697 2527 θεραπαινῶν
713 2447 845 2511 καὶτῶν
863 2450 1001 2513 οίκετοῖυ
1022 2445 1082 2512 ού-

140 2545 416 2623 δένακατέλιπευ,
439 2536 511 2607 ἀλλ’
530 2539 660 2606 ἅπαντα
677 2542 831 2625 πέπρακε.
853 2543 907 2608 καί
918 2539 1019 2608 ταῦθ’
1031 2540 1082 2609 ὅτι

75 2652 123 2707 120
138 2639 179 2708 ού
199 2639 377 2725 ψεύδομαι,
403 2637 465 2723 έγιδ
483 2640 559 2725 μὲν,
583 2637 627 2719 ως
643 2644 815 2708 κατέλιπεν
832 2639 922 2729 αὐτῷ
933 2639 950 2707 ὁ
963 2642 1081 2729 πατήρ,

139 2744 319 2824 μαρτυρίας
335 2740 529 2823 παρέξομαι,
551 2729 647 2814 οὗτος
665 2736 707 2821 δ’,
733 2744 763 2806 εί
779 2738 823 2824 μή
840 2741 939 2826 φήσει
954 2764 1080 2824 πεπρα-

140 2840 247 2920 κέναι,
272 2835 311 2901 τά
330 2835 463 2921 σύματα
480 2841 548 2902 τῶν
565 2840 702 2903 οἰκετων
723 2838 855 2922 ε’μφανῆ
877 2842 1082 2924 παρεχέσθω.

141 2928 183 3008 ὡς
200 2935 235 2998 δὲ
259 2935 314 3000 καὶ
331 2930 494 3016 ἀργύριόν
516 2950 601 2997 τισιν
618 2932 801 3016 ε’δάνεισεν,
824 2930 844 3000 δ
864 2936 1084 3022 κομισάμενος
1104 2967 1151 3019 χρη

140 3022 237 3108 οὗτος
248 3028 416 3115 ἀνήλωκε,
440 3028 591 3113 μάρτνρα
608 3032 784 3115 παρέξομαι
796 3035 993 3118 Μεταγένην
1005 3031 1085 3120 ύμῖν

139 3127 198 3195 τὸν
210 3126 389 3211 Σφήττιον,
401 3123 438 3204 ὃς
451 3125 610 3212 ὠφείλησε
621 3127 681 3212 μέν
692 3133 805 3215 ἐκείνω
818 3136 949 3207 πλείους
962 3125 1084 3216 ῆτριά-

140 3252 241 3294 κοντα
252 3233 347 3310 μναῖς,
360 3222 378 3291 δ
390 3223 422 3291 δ’
433 3217 476 3311 ήυ
487 3222 672 3293 ὑπόλοιπον
682 3225 937 3310 τελευτήσαντος
948 3237 1009 3295 τοῦ
1018 3254 1080 3295 πα-

138 3326 234 3410 τρὸς,
258 3324 364 3411 τούτῳ
383 3320 552 3390 ἀπέδωκεν
564 3323 642 3390 έπτά
654 3331 739 3409 μναῖς
751 3323 940 3414 [Τιμάρχῳλ.
962 3336 1019 3393 καί
1027 3355 1084 3413 μοι

138 3425 231 3490 κάλει
254 3422 451 3506 Μεταγένην
470 3420 529 3488 τδν
551 3421 728 3508 Σφήττιον.
752 3429 868 3488 πασῶν
893 3423 928 3490 δὲ
950 3424 1086 3507 πρωτην
