2340 3916
358 191 455 243 ΚΑΤΑ
473 190 765 246 ΔΗΜΟΣΘΕΝΟΤΣ.
1001 191 1044 257 25

79 352 140 439 την
159 356 216 439 τῆς
239 353 363 439 βουλῆς
387 350 535 438 ζήτησιν,
559 351 613 418 σοὶ
632 349 670 419 δὲ
688 350 779 442 μόνῳ
801 349 870 439 [τά]
891 354 965 442 περὶ
985 350 1043 422 αὐ-

79 462 136 546 τῆς
159 455 403 545 ήναντιῶσδαι;
437 453 520 525 άλλά
543 456 646 543 μόνος
664 455 708 524 σὺ
726 458 795 525 τῶν
813 457 944 528 πώποτε
963 455 1044 529 άπο-

79 568 302 651 πεφασμένων
330 559 471 650 ἠξίωσας
495 561 580 632 ἕκών
608 565 737 654 σεαυτῷ
764 563 905 645 τούτους
932 565 1045 653 κριτάς

80 673 135 738 καὶ
155 668 290 757 ζητητάς
308 672 481 757 γενέσθαι,
504 671 560 738 καὶ
579 675 725 757 ἔγραψας
743 668 825 737 κατά
845 675 989 740 σεαυτοῦ
1007 673 1044 742 τὸ

80 777 246 863 ψήφισμα,
265 777 320 844 καὶ
338 775 398 844 τὸν
416 778 525 863 δῆμον
539 774 683 862 ἐποιήσω
702 774 853 863 μάρτυρα
872 778 940 844 τῶν
959 773 1044 866 ὦμο-

80 885 289 970 λογημένων,
313 877 510 971 ὁρισάμενος
533 883 661 972 σεαυτῷ
686 886 804 968 ζημίαν
827 880 914 951 εἶναι
937 884 1045 954 θάνα-

79 1016 150 1075 τον,
160 989 219 1057 ἐάν
230 985 289 1077 (σ’)
300 985 459 1076 ἀποφήνῃ
469 983 489 1075 ἡ
500 987 606 1075 βουλὴ
616 989 684 1055 τῶν
693 987 870 1076 χρημάτων
884 992 1045 1079 εἰληφότα

80 1122 111 1162 τι
134 1098 201 1163 τῶν
225 1101 271 1175 είς
293 1092 355 1182 τὴν
383 1094 495 1182 χώραν
522 1090 588 1162 ὑπὸ
613 1089 778 1182 Ἁρπάλου
805 1100 1045 1182 κομισθέντων.

81 1198 164 1269 άλλδι
182 1200 249 1289 μὴν
267 1201 431 1290 πρότερον
450 1206 596 1287 ἔγραψας
616 1198 659 1268 σὺ
678 1191 704 1266 ὦ
723 1200 944 1287 Δημόσθενες
961 1206 1044 1277 κατά
1062 1204 1095 1254 ⁶²

80 1308 216 1376 πάντων
239 1306 369 1376 τοότων
392 1307 540 1375 καὶτῶν
568 1303 679 1374 άλλων
704 1302 896 1393 Ἀθηναίων
922 1319 1045 1400 κυρίαν

81 1412 167 1481 εἶναι
181 1412 243 1500 τὴν
257 1415 290 1494 ἐξ
306 1409 434 1500 Ἀρείου
448 1412 557 1498 πάγου
572 1411 700 1499 βουλὴν
718 1412 858 1482 κολάσαι
877 1415 937 1484 τὸν
954 1419 1045 1508 παρά

81 1518 160 1599 τοὺς
178 1521 304 1607 νόμους
326 1521 596 1606 πλημμελοῦντα,
615 1519 789 1607 χρωμένην
808 1535 877 1601 τοῖς
894 1531 1046 1612 πατρίοις

81 1626 210 1712 νόμοις·
229 1626 284 1695 καὶ
302 1627 498 1713 παρέδωκας
517 1621 561 1693 σδ
580 1625 635 1692 καλ
654 1626 853 1713 ἐνεχείρισας
867 1624 929 1714 τὴν
946 1630 1046 1701 πόλιν

81 1729 214 1799 ἅπασαν
232 1731 350 1818 ταύτῃ,
374 1728 417 1818 ἣν
436 1727 555 1798 αὐτίκα
575 1730 693 1818 φήσεις
712 1726 927 1820 ὀλιγαρχικὴν
946 1733 1046 1805 εἶναι·

81 1840 135 1904 καὶ
155 1841 294 1906 τεθνᾶσι
312 1836 394 1905 κατὰ
413 1835 450 1904 τό
471 1834 533 1904 σὸν
550 1835 706 1923 ψήφισμα
721 1835 784 1904 δύο
803 1839 872 1904 των
889 1844 1045 1931 πολιτῶν,

80 1943 187 2031 πατὴρ
206 1943 369 2029 καλυίός,
392 1944 641 2030 παραδοθέντες
659 1945 705 2034 τῷ
729 1943 782 2010 ἐπὶ
800 1946 845 2035 τῷ
869 1940 1045 2035 ὀρύγματι·

81 2052 182 2136 ἐδέθη
202 2052 270 2117 τῶν
288 2046 348 2137 ἀφ’
362 2045 541 2138 Ἁρμοδίου
560 2047 750 2135 γεγονότων
765 2043 812 2130 εἷς
826 2048 908 2119 κατά
927 2050 964 2121 τὸ
984 2053 1047 2124 σὸν
1064 2069 1097 2121 63

80 2156 289 2242 πρόσταγμα·
309 2158 537 2243 ἐστρέβλωσαν
553 2151 758 2242 Ἀντιφῶντα
776 2157 832 2224 καὶ
851 2153 1047 2231 άπέκτειναν

82 2252 175 2330 οὗτοι
198 2266 237 2350 τῇ
256 2265 313 2349 τῆς
336 2263 461 2349 βουλῆς
479 2257 646 2349 άποφάσει
669 2263 874 2344 πεισθέντες·
899 2266 1047 2351 ἐξέβαλες

82 2366 125 2434 σὺ
146 2363 297 2455 Ἀρχῐνον
321 2370 356 2436 ἐκ
378 2370 436 2454 τῆς
458 2367 584 2448 πόλεως
612 2367 664 2435 ἐπὶ
687 2371 852 2458 προδοσία
879 2369 963 2439 κατὰ
990 2372 1048 2454 τὰς

81 2477 138 2560 τῆς
162 2477 286 2560 βονλης
310 2471 495 2561 ἀποφάσεις
517 2474 573 2541 καὶ
595 2479 762 2561 τιμωρίας.
798 2472 881 2542 κατά
906 2475 943 2544 δὲ
966 2497 1047 2546 σαυ-

81 2582 142 2646 τοῦ
165 2582 221 2647 καὶ
244 2583 348 2647 ταῦτα
372 2579 501 2669 γράψας
524 2574 625 2659 αὐτὸς
648 2576 685 2646 τὸ
710 2577 865 2666 ψήφισμα
893 2576 1046 2670 άκυροίς;

83 2685 138 2751 καὶ
156 2689 223 2753 ποῦ
241 2688 345 2754 ταῦτα
365 2690 477 2753 δίκαια
496 2680 516 2772 ἢ
535 2683 659 2770 νόμιμά
678 2686 761 2766 ἐστις

162 2792 386 2881 Μαρτύρομαι
404 2790 462 2872 τάς
481 2788 602 2878 σεμνάς
619 2789 712 2877 θεάς,
727 2788 847 2880 άνδρες
862 2787 1047 2883 Ἀθηναῖοι,
1064 2793 1099 2842 64

82 2899 136 2965 καὶ
156 2897 216 2966 τὸν
234 2898 340 2967 τόπον
360 2895 401 2966 δν
419 2900 542 2966 ἐκεῖναι
560 2899 748 2985 κατέχουσι,
765 2898 822 2966 καί
840 2896 919 2981 τοὺς
937 2897 1049 2989 ἥρωας

82 3088 118 3145 τά
110 3093 333 3217 περλΜαότῆς]
356 3115 392 3149 τα
417 3097 471 3148 del.
489 3098 624 3148 Dobr.-
651 3091 704 3164 τὴν
722 3097 827 3164 ζημίαν
845 3101 968 3151 Wm.-
995 3093 1049 3152 ἐάν

83 3155 129 3228 (ὀ)
150 3179 173 3214 οι
230 3183 244 3215 r

151 3235 192 3282 62.
228 3233 291 3283 mal
310 3231 385 3296 (καί)
404 3224 607 3298 πρότερον-
624 3229 764 3298 λπατρίοις
783 3233 869 3287 wolf
887 3233 977 3288 Turre
996 3251 1051 3285 πα·

85 3294 195 3368 τρρίοις.
226 3301 262 3352 ef.
281 3302 337 3362 ξιτ.
358 3303 451 3352 55-
470 3291 705 3365 ἐνεγείρησαςΝ.

151 3370 191 3418 63.
226 3359 365 3433 Ἀρχῖνον]
387 3361 535 3431 Ἀναξινον
558 3382 632 3432 susp.
654 3367 795 3433 moysen,
819 3367 866 3418 sed
889 3367 923 3418 ef.
942 3367 1050 3418 Mt.-

82 3431 132 3484 καλ
151 3437 254 3515 τιμωρί
254 3439 300 3516 αξ]
320 3438 355 3487 ef.
374 3435 424 3486 Mr
443 3436 478 3486 ad
497 3437 511 3496 ξ
530 3436 570 3486 55.

151 3504 191 3554 64.
228 3489 249 3553 ὦ
268 3501 372 3571 ανδρες
389 3503 527 3554 1)ο5ε.-
