2340 3916
345 242 477 298 ΚΑΤΑ
503 244 774 302 ΤΙΜΑΡΧΟΤ.
992 243 1034 307 43

84 419 157 467 σετε
174 402 227 466 καὶ
245 400 306 485 τήν
324 399 423 467 πόλιν
440 398 536 487 ἡμῶν
552 403 606 467 καὶ
624 397 704 479 τούς
715 403 904 487 προγόνους
922 403 1034 491 φήμης

84 496 129 574 τός
139 503 224 565 θεοῦ
235 506 387 584 μεγίστης
397 495 513 585 βωμὸν
525 500 739 586 ἱδρυμένους,
752 504 806 568 καί
819 498 1031 589 τὸνὍμηρον
1051 516 1099 573 141

84 594 242 672 πολλάκις
253 597 289 661 ἐν
299 602 338 682 τῇ
350 592 460 663 Ἰλιάδι
472 598 610 682 λέγοντα
621 595 686 679 πρὸ
700 606 761 665 τοὺ
771 624 802 665 τι
812 605 880 665 τῶν
891 600 1033 685 μελλόν-

84 718 151 758 των
163 694 335 776 γενέσθαι·
348 695 464 781 ,,φη’μη
477 693 510 761 δ’
524 700 569 774 είς
581 693 723 780 στρατόν
733 689 852 782 ήλθεῤ·
865 700 920 766 καὶ
932 697 1032 766 πάλιν

84 788 145 857 τὸν
163 787 349 878 Εὐριπίδην
366 790 638 878 ἀποφαινόμενον
659 789 722 879 τήν
737 792 822 861 θεόν
845 793 968 880 ταύτην
991 791 1032 860 οὐ

85 886 190 972 μόνον
200 887 278 968 τούς
290 895 413 970 ζῶντας
429 895 618 976 ἐμφανίζειν
632 893 840 976 δυναμένην,
862 888 975 958 ὁποίοί
982 918 1032 957 τι-

88 1013 139 1066 νες
151 983 193 1055 άυ
203 989 411 1074 τυγχάνωσιν
422 988 530 1075 ὄντες,
549 988 632 1057 άλλά
644 989 786 1067 καὶτοὺς
801 988 1032 1075 τετελευτηκό-

84 1114 157 1171 τας,
170 1085 250 1154 ὅταν
261 1091 349 1175 λέγη,

128 1186 220 1271 φήμη
231 1187 291 1252 τὸν
301 1185 427 1253 ἐσθλὸν
438 1184 502 1253 κάν
510 1194 604 1275 μυχῷ
617 1191 765 1255 δείκνυσι
775 1195 843 1274 γής.

12 1304 65 1356 129
88 1281 148 1349 ὁδ’
165 1282 316 1363 Ἡσίοδος
327 1288 381 1351 καὶ
400 1286 581 1371 διαρρήδην
591 1283 675 1353 θεόν
687 1282 793 1372 αὐτήν
805 1284 1031 1367 ἀποδείκνυσι,

84 1384 174 1450 πάνυ
186 1391 300 1469 σαφῶς
312 1384 448 1469 φράζων
467 1399 534 1463 τοῖς
550 1388 768 1472 βουλομένοις
786 1388 952 1452 συνιέναι·
976 1384 1032 1449 λέ-

83 1480 224 1570 msto,

127 1582 219 1668 φήμη
232 1586 252 1648 δ
258 1579 265 1605 ’
280 1581 370 1660 οὔτις
381 1582 519 1668 πάμπαν
531 1579 728 1666 άπόλλυται,
740 1580 858 1668 ήντινα
869 1585 947 1648 λαοί

127 1683 241 1749 πολλοὶ
253 1686 430 1767 φημίξωσι·
452 1680 533 1758 θεός
544 1707 587 1747 νυ
599 1689 646 1760 τίς
658 1682 790 1749 ἐστικαὶ
802 1678 895 1766 αὐτή.

84 1780 279 1849 καὶτούτων
293 1790 361 1848 τῶν
372 1781 566 1867 ποιημάτων
581 1778 660 1860 τούς
677 1784 738 1866 μὲν
751 1778 964 1865 εὐσχημόνως
974 1787 1033 1867 βε-

84 1880 246 1963 βιωκότας
267 1876 423 1966 εὑρήσετε
441 1883 610 1957 ἐπαινέτας
632 1878 747 1957 ὄντας·
776 1880 896 1956 πάντες
920 1878 983 1963 γάρ
1002 1881 1036 1944 οί

85 1982 225 2065 δημοσίᾳ
241 1977 408 2063 φιλότιμοι
424 1976 512 2059 παρά
531 1985 587 2063 τῆς
600 1977 729 2064 άγαθης
745 1978 857 2064 φήμης
873 1975 1033 2063 ἡγοῦνται

84 2074 146 2160 τήν
158 2075 258 2155 δόξαν
267 2087 469 2161 κομιεῖσθαι·
493 2069 541 2154 οἷς
554 2074 587 2141 δ’
600 2077 734 2161 αἰσχρός
751 2073 868 2143 ε’στιυὸ
882 2081 968 2160 βίος,
992 2065 1033 2139 οό

85 2180 201 2257 τιμῶσι
213 2171 276 2259 τήν
289 2172 374 2240 θεὸν
386 2173 511 2259 ταύτην
525 2200 532 2211 ·
553 2176 740 2259 κατήγορον
750 2174 814 2258 γάρ
826 2170 932 2257 αὐτήν
943 2169 1034 2238 ιἰθά-

13 2292 66 2349 130
87 2268 463 2357 νατουέχεινήγούνται.
498 2270 733 2358 ἀναμνήσθητε
751 2264 831 2352 οὖν,
861 2264 887 2337 ά
899 2268 1029 2354 άυδρες,
1051 2282 1102 2336 141

84 2375 147 2435 τίνι
159 2370 323 2454 κέχρησθε
336 2369 428 2457 φήμη
439 2372 513 2453 περὶ
529 2369 706 2455 Τιμάρχου.
734 2368 795 2454 οόχ
805 2367 872 2455 άμα
885 2368 1032 2452 τοῦνομα

84 2470 210 2551 λέγεται
221 2470 275 2535 καὶ
288 2466 324 2536 τό
337 2469 488 2555 ἐρώτημα
500 2465 760 2552 εόθύςέρωτιῖτε·
774 2519 793 2552 ,,
803 2481 895 2545 ποίας
908 2472 1033 2550 Τίμαρ-

84 2593 155 2651 χοςς
178 2564 383 2650 ὁπόρνοςςίί
418 2572 528 2635 ἔπειτα
540 2574 570 2637 εί
579 2567 639 2653 μὶν
649 2567 818 2652 μάρτυρας
829 2565 1033 2649 παρειχόμην

84 2671 162 2749 περί
169 2692 274 2752 τινος,
287 2664 461 2733 ἐπιστεύετ’
475 2664 518 2734 όὶυ
529 2691 599 2753 μοι·
626 2672 656 2733 εἰ
669 2668 703 2732 δὲ
714 2664 775 2750 τήν
785 2662 869 2731 θεὸν
880 2664 1032 2749 μάρτυρα

84 2761 347 2850 παρέχομαι,οὐ
370 2765 553 2846 πιστιόετε;
591 2755 614 2850 ᾖ
635 2760 713 2832 οὐδὲ
735 2766 1033 2847 ψευδομαρτυριῶν

14 2882 61 2936 131
86 2868 182 2950 θέμις
199 2867 286 2932 ἐστὶν
303 2864 558 2950 ἐπισκήψασθαι.
594 2866 664 2932 ἐπεὶ
682 2865 737 2931 καὶ
756 2865 830 2948 περὶ
847 2869 905 2948 τῆς
916 2870 1033 2946 Δημο-

84 2965 229 3041 σθένους
240 2966 446 3049 ἐπωνυμίας,
470 2961 510 3029 οὐ
532 2972 641 3043 κακῶς
658 2960 723 3031 ὑπό
742 2972 800 3048 τῆς
811 2960 938 3048 φήμης,
963 2955 1029 3025 ἀλλ’

85 3058 230 3152 οὐχὺπό
255 3068 312 3147 τῆς
334 3068 447 3146 τίτθης
466 3058 484 3127 ὁ
505 3063 654 3140 Βάταλος
676 3058 974 3147 προσαγορεύεται,
999 3059 1031 3136 έξ

85 3158 266 3245 άνανδρίας
278 3160 331 3227 καὶ
343 3163 506 3236 κιναιδίας
517 3160 734 3244 ἐνεγκάμενος
746 3156 904 3242 τοῦνομα.
928 3160 958 3221 εί
967 3154 1031 3238 γάρ

84 3286 132 3335 τις
149 3279 212 3325 σου
232 3258 271 3324 τά
287 3256 398 3343 κομψά
421 3264 523 3325 ταῦτα
541 3266 712 3342 χλανίσκια
729 3256 960 3343 περιελόμενος
976 3254 1031 3320 καὶ
1053 3269 1104 3326 143

84 3357 164 3437 τούς
175 3356 344 3443 μαλακοὺς
355 3366 585 3443 χιτωνίσκους,
608 3360 644 3424 ἐν
656 3352 703 3435 οἷς
714 3357 791 3433 τοὺς
804 3353 886 3423 κατά
897 3361 964 3420 τῶν
976 3359 1034 3436 φί-

85 3466 156 3523 λοιν
167 3455 286 3543 λόγους
298 3456 451 3542 γράφεις,
475 3456 686 3540 περιενέγκας
703 3457 774 3539 δοίη
794 3459 839 3530 είς
851 3451 909 3530 τάς
925 3464 1033 3537 χείρας
