2340 3916
102 211 152 263 εκ
169 211 245 263 που
263 208 427 278 [mom
443 213 624 266 τοιουτου
642 215 741 265 Am
758 212 942 266 επεοειεα.
993 222 1013 281 5

61 382 171 471 χρόνον
198 391 306 454 εἰπεῖν
327 380 391 454 οὐκ
414 391 494 474 ἔχοι,
516 382 598 455 οὐδὲ
622 382 663 473 δή
687 389 762 475 περὶ
779 389 841 456 τοῦ
857 394 934 474 βίου
951 390 1014 459 τοῦ

61 479 187 576 άνδρός,
224 479 293 564 οἷός
324 513 373 565 τις
403 475 462 573 ἦν,
495 482 577 556 οὐδὲ
606 487 761 576 περὶτῆς
790 490 1011 580 προαιρέσεως

61 587 117 654 τάν
129 583 395 674 πολιτευμάτων,
413 581 491 655 ου’δ’
510 583 615 678 άρχήν
633 594 665 657 εί
679 586 849 677 προείλετό
860 617 934 659 τινα
952 616 1010 660 πο·

62 694 190 774 λιτείαν,
215 681 292 755 οὐδ’
315 681 400 767 ὅλως
423 688 499 777 περὶ
521 691 589 758 τάν
611 685 772 758 τοιούτων
794 684 931 770 οάδενός
956 687 1011 759 διά

62 783 90 855 ιδ
106 788 189 876 μηδὲ
211 783 349 876 τοιαάτη
372 786 626 878 περιτυγχάνειν
642 792 777 880 ἱστορίᾳ.
814 784 895 858 οὐδὲ
912 787 975 880 γάρ
992 785 1010 859 ὁ

63 885 126 968 τοδς
135 884 340 979 Ἰσοκράτους
352 886 502 976 μαθητάς
513 885 706 979 ἀναγράψας
715 885 909 979 Ἕρμιππος,
920 886 1011 981 άκρι·

63 985 112 1075 βής
129 991 165 1058 ἐν
181 1002 250 1068 τοῖς
268 985 377 1069 άλλοις
400 987 593 1078 γενόμενος,
611 983 697 1079 ὑπὲρ
714 993 815 1060 τοῦδε
836 994 898 1061 τοῦ
915 989 1010 1080 ῥήτο-

63 1115 107 1176 ρος
127 1085 229 1158 οὐδέν
252 1100 400 1179 εἴρηκεν,
424 1093 485 1173 ἔξω
510 1097 607 1160 δυοῖν
623 1087 767 1178 τούτων,
785 1087 836 1160 ὅτι
854 1089 1010 1178 διήκουσε

63 1188 111 1274 μὲν
120 1185 339 1280 Ἰσοκράτους,
358 1187 570 1279 καθηγήσατο
589 1191 893 1280 δὲΔημοσθένους,
912 1213 1009 1262 συνε-

63 1291 160 1373 γένετο
180 1291 217 1360 δὲ
233 1307 302 1371 τοῖς
320 1286 466 1380 άρίστοις
483 1295 552 1361 τοῖν
569 1290 773 1381 φιλοσόφων.

20 1742 23 1747 ’
62 1735 93 1829 γ’.
117 1741 188 1815 ΕΚ
207 1740 317 1815 ΤΩΝ
342 1737 730 1843 [ΠΛΟΥΤΑΡΧΟΤ]
749 1743 878 1820 ΒΙΩΝ
898 1743 1009 1819 ΤΩΝ

315 1877 458 1951 ΔΕΚΑ
482 1877 743 1954 ΡΗΤΟΡΩΝ.

476 2049 575 2057 ..-

120 2182 237 2268 Ἰσαῖος
254 2185 440 2269 Χαλκιδεὺς
456 2177 558 2276 μὲν
535 2216 579 2275 ην
595 2215 631 2257 το
621 2185 763 2276 γένος,
782 2187 1007 2310 παραγενόμε-

60 2283 150 2368 νοςδ’
170 2294 201 2358 ε
202 2317 217 2369 ς
232 2283 375 2376 Ἀθήνας
393 2291 448 2358 καὶ
466 2286 626 2378 σχολάσας
643 2283 728 2377 μέν’
723 2287 893 2378 Ισοκράτει
907 2288 1007 2376 ζηλώ-

59 2407 108 2469 σας
126 2390 163 2458 δδ
184 2398 317 2460 Λυσίαν
340 2387 423 2459 κατά
439 2417 475 2459 τε
491 2385 554 2476 τήν
570 2392 638 2458 τῶν
655 2385 827 2477 ὀνομάτων
844 2384 1007 2510 ἁρμονίαν

19 2506 22 2513 “
58 2487 163 2559 καὶ
125 2518 188 2578 την
207 2494 244 2560 έν
260 2507 329 2571 τοῖς
352 2488 519 2607 πράγμασι
531 2487 726 2608 δεινότητα,
751 2485 830 2558 ωστ’
850 2497 880 2559 εί
896 2487 942 2578 μή
958 2518 1007 2571 τις

58 2593 198 2681 ἔμπειρος
216 2590 305 2663 πάνυ
322 2619 382 2662 του
398 2593 601 2682 χαρακτῆρος
618 2592 686 2658 τοδν
702 2585 837 2679 ἄνδρων
856 2599 923 2677 εἴη,
943 2586 1008 2660 ου’κ
1107 2628 1112 2635 ’

56 2682 91 2758 άν
118 2698 270 2780 διαγνοίη
299 2690 440 2773 πολλοὺς
462 2695 530 2761 τάν
559 2688 667 2778 λόγοιν
696 2693 819 2780 ῥᾳδίως
846 2685 1006 2782 ὁποτέρου

56 2794 113 2862 τῶν
131 2791 281 2883 ῥητόρων
299 2800 392 2864 είσίν.
422 2789 548 2881 ήκμασε
566 2792 604 2861 δέ
619 2787 702 2880 μετά
718 2786 777 2860 τδυ
793 2800 1005 2879 Πελοποννη-

42 2889 163 2963 ισιακδν
179 2891 339 2983 πόλεμον,
363 2889 406 2974 ὡς
430 2899 497 2963 έστι
513 2890 742 2984 τεκμήρασθαι
760 2895 796 2961 έκ
812 2895 880 2962 τοδν
896 2890 1005 2980 λόγων

55 2988 154 3064 αιἰτοῦ
181 2996 238 3064 καλ
266 2997 361 3084 μέχρι
387 2998 445 3082 τῆς
475 3001 644 3064 Φιλίππου
671 2988 773 3082 άρχής
802 2995 1003 3082 παρέτεινεν.

54 3091 260 3183 καθηγήσατο
280 3088 318 3164 δέ
328 3096 568 3184 Δημοσθένους
580 3089 723 3174 άποστάς
739 3096 797 3180 τῆς
814 3097 932 3183 σχολῆς
951 3095 1004 3163 έπὶ

54 3196 210 3286 δραχμαῖς
227 3202 375 3286 μυρίαις,
395 3192 447 3267 διδ
464 3197 519 3265 καὶ
536 3193 677 3284 μάλιστα
685 3189 851 3282 ,ἐπιφανής
865 3196 1001 3280 ἐγένετο.

53 3290 147 3376 αὐτὸς
166 3295 204 3364 δέ
221 3298 276 3364 καί
293 3293 371 3376 τούς
389 3293 616 3386 ἐπιτροπικοὺς
627 3291 746 3382 λόγους
763 3296 940 3364 συνέταττε
957 3295 1022 3384 τςὸ,

51 3398 277 3487 Δημοσθένει,
296 3392 341 3477 ὥς
356 3423 443 3476 τινες
462 3395 563 3466 εἷπον.
598 3397 812 3465 καταλέλοιπε
832 3395 869 3463 δὲ
885 3390 1003 3479 λόγους

50 3495 111 3588 ξδ,
131 3487 181 3569 τάν
200 3504 264 3566 είσι
281 3494 410 3586 γνήσιοι
427 3495 473 3586 ν’,
491 3498 547 3566 καὶ
565 3502 652 3576 ίδίας
668 3489 792 3586 τέχνας.
821 3494 948 3585 πρῶτος
967 3492 1005 3562 δὲ
