2316 3900
275 139 406 195 ΚΑΤΑ
427 137 806 195 ΚΤΗΣΙΦΩΝΤΟΣ.
946 134 1006 196 133

59 297 162 365 αὐτόν
177 300 240 383 γάρ
259 296 319 364 τόν
336 305 484 383 χρυσοῦν
501 298 683 380 στέφανον,
705 293 741 373 ὃς
758 291 802 362 ἀν
819 299 911 385 ἐντῷ
921 297 1006 364 θεοί-

59 403 180 485 τρφτῷ
199 401 234 464 ἐν
253 395 344 463 ἀστει
361 392 554 481 ἀναρρηθῇ,
578 393 670 478 ἱερὸν
687 392 771 459 εἶναι
788 401 845 478 τῆς
862 390 1007 478 Ἀθηνᾶς

60 495 186 562 κελεύει
197 492 214 561 ὁ
227 493 337 579 νόμος,
349 491 555 578 ἀφελόμενος
566 492 626 559 τὸν
636 491 916 576 στεφανούμενον.
932 499 1006 558 καί·

58 619 109 659 τοι
132 599 179 670 τίς
201 587 244 658 ἀν
266 589 361 677 ὑμῶν
382 592 554 677 τολμήσειε
575 590 740 675 τοσαύτην
767 589 1006 671 ἀνελευθερίαν

58 699 268 774 καταγνῶναι
283 696 345 757 τοῦ
367 688 474 774 δήμου
495 696 562 756 τῶν
577 686 778 774 Ἀθηναίων;
802 686 846 774 μη
869 686 934 773 γάρ
955 687 1005 754 ότι

59 788 169 870 πόλις,
195 785 269 855 ἀλλ’
290 786 364 855 οὐδ’
386 784 429 854 ἀν
446 789 577 873 ἰδιώτης
594 786 671 855 οῦδὲ
690 784 735 865 εἷς
747 785 853 865 οὕτως
866 785 1006 871 ἀγεννὴς

58 890 201 971 γένοιτο,
225 885 308 953 ὥστε
326 885 366 954 δν
383 885 483 966 αύτός
501 892 603 955 ἔδωκε
622 891 787 971 στέφανον
799 885 866 971 ἀμα
879 884 1006 970 ἀνακη-

57 983 188 1065 ρύττειν
206 985 261 1051 καὶ
278 982 494 1069 ἀφαιρεῖσθαι
511 988 566 1052 καί
582 993 775 1068 καθιεροῦν.
798 981 883 1068 ἀλλ’,
906 980 1005 1068 οἶμαι,

57 1079 111 1147 διά
128 1080 164 1147 τό
185 1081 314 1160 ξενικόν
332 1082 415 1150 εἶναι
432 1082 491 1150 τάν
509 1086 676 1167 στέφανον
694 1085 748 1150 καὶ
768 1080 788 1167 ἡ
807 1084 1006 1165 καθιέρωσις

55 1187 217 1264 γίγνεται,
239 1184 294 1247 ἵνα
310 1183 422 1267 μηδείς
433 1179 610 1267 ἀλλοτρίαν
622 1181 757 1251 εὔνοιαν
768 1183 843 1263 περὶ
854 1189 1005 1260 πλείονος

57 1279 255 1362 ποιούμενος
269 1287 326 1365 τῆς
344 1285 499 1364 πατρίδος
514 1287 633 1365 χείρων
651 1284 784 1366 γένηται
800 1278 861 1366 τὴν
883 1280 1002 1366 ψυχήν.

10 1386 38 1443 2⁷
56 1376 128 1445 ἀλλ’
149 1377 210 1444 οῦκ
226 1383 353 1447 έκεῑνον
370 1381 430 1446 τὸν
447 1384 482 1449 ἐν
500 1389 540 1467 τῇ
556 1384 711 1469 ἐκκλησία
723 1383 889 1465 στέφανον
900 1377 1005 1463 ἀναρ-

57 1481 202 1562 ρηθέντα
221 1477 328 1556 οὐδεὶς
345 1488 512 1563 καθιεροῖ,
531 1478 603 1547 ἀλλ’
620 1487 722 1560 ἔξεστι
733 1487 931 1565 κεκτῆσθαι,
949 1484 1004 1545 ἵνα

56 1575 99 1662 μη
112 1577 218 1662 μόνον
229 1577 345 1664 αὐτός,
367 1577 449 1645 ἀλλά
461 1581 515 1646 καί
527 1583 561 1645 οἱ
569 1583 601 1658 ἐξ
611 1581 755 1662 ἐκείνου,
778 1582 906 1663 ἔχοντες
917 1580 954 1644 ἐν
965 1585 1005 1664 τῇ

57 1682 143 1766 οίκίηι
154 1674 190 1743 τό
202 1675 393 1762 ὑπόμνημα,
405 1679 566 1762 μηδέποτε
580 1679 676 1744 κακοὶ
693 1675 754 1762 τὴν
765 1676 874 1761 ψυχὴν
885 1680 931 1752 είς
944 1673 1006 1742 τόν

57 1778 163 1861 δῆμον
179 1782 364 1860 γίγνωνται.
389 1778 443 1841 καὶ
462 1774 515 1840 διά
532 1783 630 1841 τοῦτο
648 1768 888 1859 προσέθηκενό
903 1798 1006 1856 νομο-

55 1875 155 1959 θέτης
166 1869 210 1958 μη
229 1872 453 1958 κηρύττεσθαι
470 1870 530 1938 τόν
547 1869 723 1953 ἀλλότριον
735 1876 902 1955 στέφανον
912 1873 948 1936 έν
960 1877 1006 1958 τῷ
1021 1876 1071 1932 4³⁷

58 1971 200 2061 θεάτρφ,
213 1969 271 2038 έάν
283 1969 327 2056 μη
340 1976 521 2056 ψηφίσηται
533 1968 550 2036 ὁ
564 1974 681 2056 δῆμος,
692 1968 738 2036 ἵν’
751 1967 771 2055 ἡ
783 1969 878 2048 πόλις
889 1966 909 2054 ἡ
921 1976 1005 2056 βου-

56 2075 176 2155 λομένη
195 2068 267 2136 τινά
287 2077 355 2136 τεόν
372 2068 541 2156 ὑμετέρων
559 2079 748 2156 στεφανοῦν
760 2074 912 2157 πρέσβεις
922 2075 1006 2155 πέμ-

56 2184 145 2246 φασα
158 2174 264 2255 δεηθῇ
275 2177 335 2236 τοῦ
349 2169 472 2255 δήμου,
484 2173 539 2236 ἵνα
548 2170 791 2255 κηρυττόμενος
801 2174 897 2255 μείζω
908 2169 1005 2255 χάριν

56 2271 126 2352 είδῇ
137 2273 204 2333 τῶν
216 2269 475 2352 στεφανούντων
486 2269 576 2353 ὑμῖν,
590 2265 641 2336 ὅτι
650 2274 790 2353 κηρῦξαι
799 2270 1001 2348 ἐπετρέψατε.

56 2363 106 2430 ὅτι
119 2362 149 2430 δ’
161 2362 272 2450 ἀληθῆ
283 2368 383 2450 λέγω,
396 2374 465 2433 των
475 2366 590 2449 νόμων
602 2363 714 2430 αὐτῶν
725 2363 897 2431 ἀκούσατε.

446 2472 610 2532 ΝΟΜΟΙ.

10 2574 39 2627 28
137 2559 286 2627 Ἐπειδάν
304 2568 419 2627 τοίνυν
435 2564 659 2640 ἐξαπατῶντες
679 2559 763 2645 ὑμᾶς
782 2565 938 2648 λέγωσιν,
963 2561 1006 2640 ὡς

55 2665 321 2746 προσγέγραπται
339 2664 375 2727 ἐν
397 2669 443 2749 τῷ
465 2660 557 2750 νόμφ
580 2664 697 2740 ἐξεῖναι
718 2670 924 2747 στεφανοῦν,
947 2661 1007 2729 έάν

54 2757 270 2846 φηφίσηταιὸ
289 2763 405 2845 δῆμος,
429 2757 720 2846 ἀπομνημονεύετε
732 2757 843 2838 αὐτοῖς
854 2757 1005 2846 ύποβάλ-
1107 2746 1115 2757 ’

12 2861 16 2866 ’
54 2872 138 2928 λειν·
156 2865 227 2943 ναί,
247 2871 323 2945 είγε
335 2865 374 2928 σέ
382 2888 429 2939 τις
441 2859 523 2945 ἀλλη
536 2860 631 2938 πόλις
643 2874 815 2946 στεφανοῖ·
828 2865 858 2928 εί
870 2863 905 2927 δὲ
916 2857 934 2927 ὁ
947 2865 1007 2945 δῆ-

54 2985 114 3043 μος
135 2957 152 3025 ὁ
170 2958 373 3046 Ἀθηναίων,
394 2958 626 3027 ἀποδέδεικταί
641 2980 694 3026 σοι
709 2958 827 3043 τόπος,
851 2955 937 3026 ὅπου
956 2963 1007 3024 δεῖ
1021 2974 1075 3030 438

54 3064 152 3125 τοῦτο
169 3064 343 3146 γενέσθαι,
367 3057 543 3144 ἀπείρηταί
557 3079 610 3125 σοι
626 3061 685 3137 ἔξω
703 3064 760 3143 τῆς
776 3058 948 3141 ἐκκλησίας
960 3053 1003 3139 μὴ

54 3157 287 3242 κηρύττεσθαι,
309 3157 345 3227 τό
359 3157 423 3244 γάρ
435 3155 581 3244 ,,όῖλλοθι
595 3157 629 3225 δὲ
640 3159 817 3243 μηδαμοῦα
830 3153 850 3221 ό
861 3180 892 3219 τι
904 3158 1003 3232 ἔστιν,

55 3253 136 3340 όλην
147 3255 210 3341 την
220 3254 348 3341 ἡμέραν
365 3258 453 3341 λέγε·
477 3253 519 3322 οὐ
531 3255 595 3340 γάρ
609 3253 804 3337 ἀποδείξεις,
826 3249 870 3330 ἀς
882 3257 1005 3327 ἔννομα

52 3356 229 3439 γέγραφας.
