2340 3916
160 202 204 263 26
578 191 706 243 ιειιον
1023 156 1076 243 οι.
1095 193 1119 244 2.

162 362 350 451 ἀπέδωκεν,
374 353 470 446 οὗτος
495 371 591 452 ἔλαβε
614 367 732 447 ζῶντος
758 367 887 434 ἐκείνου
910 371 973 451 ἔτι,
992 366 1062 442 πῶς
1079 358 1121 432 06

104 490 144 542 28
163 469 353 588 περιφανῶς
388 467 585 554 ἐξελέγχεται
613 460 751 551 άναιδῆς
786 461 849 548 ῶν;
880 459 935 544 Ὡς
970 464 1007 532 δὲ
1042 469 1120 551 ἔχει,

165 562 228 654 ίγῶ
247 568 407 648 ἐπιδείξω.
451 563 564 653 ἐπειδὴ
587 561 672 686 γάρ
674 569 741 633 ἔδει
763 592 809 656 τρι
826 560 964 685 ὀρφανῷ
985 561 1025 632 τά
1042 560 1120 652 χρῆ-

164 695 250 787 ματα
280 660 539 754 ἀποδιδόναι,
523 693 542 784 ρ
571 661 603 733 δ’
633 659 694 733 οὐκ
727 665 813 754 εἶχεν
840 659 965 735 ὁπόθεν
993 660 1120 756 ἀποδῶ,

164 765 253 888 τόκοι
277 766 314 835 δδ
335 770 462 835 πολλοῶ
482 762 603 894 χρόνρν
625 762 885 885 συνερρυηκότες
908 753 994 851 ῆσαν
1017 759 1119 855 αὐτῷ,

163 864 200 937 τδ
217 874 340 956 χωρίον
358 863 484 935 ἕπῶλει.
525 867 579 935 καὶ
602 853 698 945 οάτος
713 868 839 1034 καιροῶ
861 862 1041 954 λαβόμενος
1064 867 1121 933 καὶ

165 965 364 1055 βουλόμενος
381 962 473 1059 αότρί
490 961 730 1056 ἐπηρεάζειν,”
710 993 760 1034 οτι
779 966 833 1054 ε’μδ
846 962 1035 1054 ἐποιήσατο,
1055 970 1121 1033 διε-

165 1065 273 1136 κῶλυε
294 1063 331 1135 τό
354 1073 475 1156 χωρίον
497 1068 684 1156 πραθῆναι,
706 1070 763 1135 ἵνα
785 1091 1008 1184 κατοκωχιμρν
1024 1067 1121 1152 γε’νη-

164 1197 219 1237 ται
236 1169 291 1237 καί
308 1161 506 1288 ἀνργκασθῆ
521 1193 567 1258 τρι
556 1161 746 1287 όρφρινρ5’
728 1170 918 1254 ἀποστῆναι.
954 1162 1120 1286 ῆμφισβῆ-

164 1295 213 1338 τει
237 1256 300 1337 οὖν
323 1262 416 1359 αῶτρὶ
442 1269 562 1386 μέρους
589 1263 679 1346 τινὸς
707 1269 769 1336 τοῶ
797 1274 940 1387 χωρίον,
960 1263 1122 1356 πρότερον

164 1364 245 1438 οὐδὲ
279 1364 409 1436 πῶποτε
442 1363 710 1489 ἀμφισβητήσας,
745 1362 852 1436 καῖ’
817 1365 1019 1488 ἀπηγόρευε
1052 1382 1122 1446 τοῖς

111 1487 147 1538 29
166 1465 371 1638 ῶνρνμένοις
380 1496 424 1556 μη
415 1464 608 1537 ῶνείσθαι.
638 1463 789 1588 κάκεινρς
805 1462 999 1555 ἠγανάκτει,
1018 1465 1120 1587 οἶμαι,

93 1560 95 1565 ’
165 1571 221 1638 καὶ
244 1564 442 1691 ῆνριγκάζετο
466 1563 706 1638 ἀπολείπεσθαι
728 1556 771 1637 06
792 1563 1043 1684 ἠμφισβήτησεν
1064 1555 1122 1636 οῶ·

53 1738 56 1743 .
164 1697 227 1750 τος.
267 1696 304 1738 το
293 1666 360 1737 δὲ
377 1666 457 1738 ἀλλο
480 1663 674 1739 ἀποδίδοται
692 1655 846 1759 Φιλίππω
863 1695 908 1760 τρι
897 1671 1051 1737 Πιτθεῖ
1067 1669 1121 1786 εβ-

167 1767 351 1857 δομῆκοντα
375 1771 485 1857 μνῶν,
517 1769 572 1836 καί
602 1762 689 1836 οὕτω
721 1764 847 1837 διαλύει
878 1764 936 1837 τόν
961 1763 1121 1856 ὀρφανόν,

167 1867 247 1938 ἑπτά
280 1872 363 1958 μνάς
397 1871 452 1938 καί
486 1866 646 1938 τάλαντον
679 1863 823 1947 ἀποδοάς
852 1863 916 1937 ἀπό
942 1871 999 1955 τῆς
1028 1870 1122 1956 τιμῆς

166 1973 227 2039 τοῦ
259 1977 395 2060 χωρίου·
429 1966 540 2061 τοότρι.
570 1969 607 2037 δὲ
640 1965 793 2057 λαγχάνει
820 1973 916 2055 δίκην
940 1969 997 2055 τῆς
1022 1963 1123 2057 ἀπορ

167 2068 300 2159 ρῆσεως.
347 2068 455 2157 λόγων
483 2069 520 2137 δὲ
547 2071 678 2137 πολλῶν
705 2070 893 2157 γενομένων
920 2070 974 2137 καί
1000 2074 1123 2157 ἔχθρας

166 2173 288 2257 πολλῆς
321 2173 433 2252 ἔδοξεν
460 2163 541 2258 ῆμίν
562 2171 697 2257 χρῆναι,
725 2173 782 2238 ἵνα
803 2166 848 2256 μῆ
870 2194 949 2238 ποτε
972 2178 1049 2257 είπη
1073 2196 1122 2248 τις

166 2272 221 2359 ἐμὲ
243 2279 499 2358 φιλοχρηματεῖν
523 2270 579 2337 καὶ
603 2265 742 2358 ἐχθροάς
764 2264 929 2357 ἀδελφοάς
946 2265 1044 2349 ὄντας
1063 2265 1123 2337 αά·

164 2368 242 2450 τούς
265 2367 479 2457 καθιστάναι,
505 2370 675 2462 ἐπιτρίψαι
696 2371 743 2460 τρὶ
764 2396 800 2438 τε
824 2372 968 2458 κηδεστῇ
983 2371 1031 2461 τρῖ
1047 2367 1123 2442 τοτ’·

113 2480 148 2532 30
165 2499 224 2540 του
242 2472 297 2539 καί
314 2485 382 2548 τοῖς
399 2476 508 2558 φίλοις
526 2471 697 2555 διαιτῆσαι.
734 2472 852 2539 ἐκείνοι
871 2465 903 2538 δ’
924 2469 1018 2539 εἶπον
1029 2463 1123 2557 ῆμῑν,

167 2578 196 2640 εί
212 2571 274 2659 μὲν
288 2571 514 2658 ἐπιτρέποιμεν
525 2564 637 2648 αὐτοῖς
650 2564 733 2638 ῶστε
751 2566 791 2638 τά
804 2576 916 2639 δίκαια
928 2572 1123 2656 διαγνῶναι,

166 2667 228 2740 οὐκ
245 2664 288 2740 ἀν
306 2676 433 2758 ἔφασαν
457 2663 634 2756 διαιτῆσαι·
658 2664 843 2760 οὐδὲνγὰρ
868 2675 1000 2739 δεῖσθαι
1024 2666 1123 2759 ἀπέχ-

166 2781 290 2840 θεσθαι
307 2767 492 2861 οὐδετέροις
508 2765 619 2859 ῆμῶν·
645 2775 676 2838 εί
692 2765 723 2838 δ’
744 2767 882 2860 ἐάσομεν
900 2765 1020 2849 αὐτοδς
1037 2773 1124 2858 γνῶ·

141 2899 221 2940 ’ναι
243 2867 283 2938 τά
305 2873 515 2959 συμφέροντα
538 2872 655 2958 πάσιν,
681 2876 809 2958 ἔφασαν
832 2868 1022 2958 διαιτήσειν..
1066 2872 1123 2940 καὶ

165 2965 275 3059 ῆμείς,
299 2976 356 3040 ἵνα
381 2968 423 3058 δῆ
445 2967 646 3061 πραγμάτων
666 2965 924 3060 ἀπαλλαγῶμεν,
950 2966 994 3050 ῶς
1016 2997 1057 3058 γε
1081 2968 1123 3058 δῆ

113 3067 318 3164 31ῶόμεθα,
342 3067 446 3151 οὕτως
465 3073 686 3160 ἐπιτρέπομεν.
728 3074 783 3140 καὶ
808 3074 926 3142 ἐκείνοι
942 3066 1123 3158 ὀμόσαντες

166 3166 247 3294 ἡμῖν
264 3169 392 3263 πρὸς
361 3200 407 3241 τω
395 3174 567 3264 βωμῷ
536 3173 581 3240 τῶ
598 3174 655 3258 τῆς
670 3167 863 3260 Ἀφροδίτης
880 3173 937 3260 τῆς
948 3174 1123 3259 Κεφαλῆσι

166 3269 207 3342 τά
229 3274 439 3393 συμφέροντα
460 3269 666 3359 γνώσεσθαι,
693 3267 892 3360 διῄτησαν
873 3275 957 3361 ημάς
979 3266 1122 3358 ἀποστῆ-

166 3401 222 3443 ναι
245 3362 292 3442 ῶν
321 3361 416 3453 οὗτος
437 3368 666 3461 ῆμφισβῆτησε
688 3373 744 3440 καί
768 3375 886 3442 δοῦναι
910 3369 1056 3461 δωρεάν
1080 3368 1122 3442 06

166 3471 230 3562 γάρ
247 3480 375 3557 ἔφασαν
394 3471 477 3542 εἶναι
495 3467 598 3555 ἀλλην
620 3467 813 3558 ἀπαλλαγῆν
828 3468 1005 3560 οὐδεμίαν,
1030 3469 1123 3560 είμῆ
