2340 3916
125 225 165 286 22
539 215 668 268 ΙΣΔΙΟΤ
988 220 1041 267 On.
1058 222 1084 268 2.

49 388 52 393 ⁸
127 392 187 478 ἐβη
209 386 293 460 ὥστε
311 393 347 458 ἐκ
363 393 420 476 τής
438 384 584 477 ἀδελφῆς
602 390 659 479 τής
683 383 840 476 ἡμετέρας
855 393 976 468 παῖδας
995 384 1087 481 αύτῷ

125 488 170 578 μή
187 491 362 578 γενέσθαι,
389 492 424 558 ἐκ
441 486 561 577 ταύτης
578 492 636 576 τῆς
653 495 758 568 οίκίας
781 483 856 556 νίόν
880 483 971 579 αύτῷ
992 487 1085 576 ποιή-

126 602 267 678 σασθαι,
291 587 374 660 ὅθεν
390 593 447 659 καὶ
468 587 571 678 φύσει
593 594 713 669 παῖδας
738 585 905 676 ἐβουλήθη
928 582 971 657 άν
994 583 1087 681 αύτῷ

125 692 298 777 γενέσθαι·
338 685 458 779 ,μίμων
480 679 563 758 ούν”
595 695 658 777 ἔφη
681 687 866 777 ,,βούλομαι
888 685 948 758 τόν
972 691 1087 778 ἕτερον

77 815 108 865 12
126 789 344 880 ποιήσασθαι,
361 786 507 881 ὁποτέρῳ
525 783 620 877 ὑμῶν
637 793 744 869 καλοῖς
762 784 861 878 ἔχει.”
880 784 971 858 καλό
989 785 1085 858 ἀδελ-

127 889 188 980 φός
205 888 349 971 ἀκούσας
365 893 481 978 ταῦτα,
501 887 614 976 ἐπειδή
631 896 848 978 προετίμησεν
866 885 987 969 αύτούς
1005 888 1086 959 πάν-

127 1020 209 1080 των,
231 988 372 1080 ἐπῄνεσέ
384 1017 420 1059 τε
432 981 509 1070 τούς
520 987 638 1077 λόγους
657 985 776 1078 αύτού,
795 992 850 1058 καί
866 987 959 1059 εἶπεν
969 986 1020 1059 ότι
1036 994 1088 1059 δέ·

127 1119 195 1161 οιτο
218 1087 241 1178 ή
261 1119 297 1160 τε
320 1086 431 1178 ἡλικία
448 1092 502 1159 καὶ
520 1085 541 1178 ἡ
558 1081 711 1180 παρούσα
735 1093 851 1180 ἐρημία
875 1093 1004 1160 ἐκείνου
1027 1094 1090 1160 τού

126 1190 393 1280 θεραπεύσοντος
408 1187 513 1260 αύτδν
526 1193 581 1260 καὶ
601 1187 874 1279 ἐπιδημήσοντος·
912 1193 1008 1279 ,ἐμοὶ
1026 1192 1088 1279 μὲν

127 1280 211 1361 ούν”
230 1297 295 1380 ἔφη
313 1298 512 1381 ,συμβαίνει
529 1286 715 1380 άποδημία,
740 1285 784 1370 ὥς
807 1288 850 1359 σύ
867 1290 981 1360 οἶσθα·
1006 1286 1024 1360 ὁ
1052 1292 1089 1360 δὲ

127 1388 271 1480 ἀδελφός
292 1387 434 1462 ούτοσί”
454 1393 509 1481 ἐμὲ
526 1395 633 1480 λέγων
650 1394 741 1481 ,τοῖν
757 1418 794 1461 τε
811 1394 880 1461 σοῖν
898 1383 1087 1479 ἐπιμελήσε-

127 1520 180 1561 ται
203 1494 257 1561 καλ
280 1495 348 1563 των
372 1496 476 1580 ἐμεῖν,
496 1489 554 1562 ἐάν
577 1492 682 1581 βούλη
705 1495 823 1562 τούτον
850 1489 1087 1579 ποιήσασθαι.”

128 1595 183 1662 καί
200 1587 218 1662 ό
236 1595 412 1680 Μενεκλῆς
429 1596 536 1672 καλῶς
555 1599 618 1681 ἔφη
636 1588 739 1662 αύτδν
756 1594 881 1680 λέγειν,
899 1594 954 1660 καὶ
974 1595 1010 1661 ἐκ
1027 1597 1090 1662 τού

127 1692 252 1784 τρόπον
269 1691 389 1764 τούτον
406 1700 552 1763 ποιεῖταί
566 1719 614 1781 με.

78 1813 110 1864 13
199 1789 255 1874 Ὡς
283 1784 346 1864 ούν
374 1791 456 1863 κατά
483 1790 561 1874 τούς
588 1793 710 1881 νόμους
739 1793 868 1880 ἐγένετο
895 1788 916 1879 ή
945 1800 1088 1880 ποίησις,

128 1897 226 1963 τούτο
254 1890 341 1983 ύμάς
370 1892 529 1982 βούλωμαι
554 1891 692 1976 διδάξαι.
737 1901 798 1961 καί
815 1920 876 1981 ’μοι
904 1889 963 1962 τόν
984 1891 1090 1981 νόμον

128 1991 319 2082 ἀνάγνωθι,
342 1989 377 2074 δς
401 1990 529 2063 κελεύει
551 1991 592 2063 τά
617 1995 739 2063 ἕαντού
762 1996 882 2074 ἐξεῖναι
908 1996 1089 2063 διαθέσθαι

128 2091 220 2173 ὅπως
238 2088 280 2163 άν
299 2096 417 2182 ἐθέλῃ,
443 2092 502 2163 ἐάν
513 2091 563 2183 ,μή
581 2098 697 2173 παῖδες
714 2089 850 2181 ἄρρενες
869 2081 929 2162 οἷσι
947 2091 1087 2181 γνήσιοι.

128 2189 146 2262 ὁ
168 2191 233 2283 γάρ
256 2197 455 2282 νομοθέτης,
485 2184 665 2283 ιόάνδρες,
698 2190 752 2262 διά
780 2197 877 2262 τούτο
905 2190 963 2262 τόν
985 2192 1089 2282 νόμον

130 2300 252 2381 ἔθηκεν
268 2290 391 2381 οὕτως,
409 2289 498 2387 ὅρων
514 2292 620 2383 μόνην
637 2291 764 2381 ταύτην
776 2291 972 2382 καταφυγήν
983 2284 1090 2363 ούσαν

128 2397 187 2482 τῆς
205 2397 338 2484 ἐρημίας
356 2397 410 2464 καὶ
429 2391 629 2487 παραψυχήν
644 2397 705 2463 τού
716 2401 793 2481 βίον
809 2410 878 2474 τοῖς
894 2391 1011 2463 άπαισι
1023 2398 1090 2463 τεόν

129 2491 336 2585 ἀνθρώπων,
360 2493 397 2564 τό
415 2499 536 2578 ἐξεῖναι
559 2492 761 2582 ποιήσασθαι
784 2491 825 2564 ὅν
847 2522 922 2564 τινα
943 2488 987 2563 ἂν
1011 2494 1089 2582 (3015-

80 2607 112 2658 14
129 2604 260 2665 λωνται.
309 2592 472 2666 διδόντων
495 2584 559 2664 ούν
580 2597 648 2664 τῶν
670 2592 783 2683 νόμων
806 2590 899 2686 αύτῷ
920 2607 1090 2684 ποιεῖσθαι

128 2670 187 2764 διά
203 2693 240 2766 τό
257 2695 343 2765 εἶναι
359 2680 500 2783 άπάιδα,
520 2694 576 2784 ἐμὲ
592 2711 749 2783 ποιεῖται,
767 2690 829 2764 ούκ
847 2698 883 2763 ἐν
900 2693 1089 2781 διαθήκαις,

131 2785 159 2863 οδ
188 2792 324 2884 ἄνδρες,
352 2795 499 2884 γράψας,
533 2797 664 2883 μέλλων
691 2791 936 2883 ἀποθνήσκειν,
978 2792 1090 2882 ὥσπερ

131 2892 224 2964 ἄλλοι
256 2896 343 2975 τινὲς
372 2900 441 2965 τοῖν
467 2890 675 2984 ἀνθρώπων,
706 2891 780 2964 οὐδ’
811 2891 985 2965 ἀσθενῶν·
1014 2891 1088 2965 ἄλλ’

130 2991 310 3082 ὑγιαίνων,
335 2985 375 3064 εύ
396 2999 549 3085 φρονεῖν,
574 2985 614 3064 εύ
635 2999 740 3084 νοοῖν,
765 2993 984 3089 ποιησάμενος
1004 2994 1090 3064 είσά·

129 3123 180 3183 γει
197 3122 238 3184 με
257 3102 304 3175 είς
320 3091 397 3176 τούς
419 3094 586 3185 φράτορας
604 3094 778 3184 παρόντων
800 3092 944 3181 τούτων,
968 3098 1024 3165 καὶ
1045 3103 1091 3175 είς

82 3212 113 3263 15
129 3192 207 3276 τούς
226 3193 368 3284 δημότας
379 3223 420 3285 με
438 3193 595 3286 ἐγγράφει
607 3198 662 3265 καί
676 3202 722 3276 είς
739 3192 816 3275 τούς
834 3191 1009 3286 ὀργεωνας.
1035 3199 1091 3264 καὶ

130 3295 204 3366 τότε
220 3296 283 3385 μδν
298 3291 400 3366 ούδδν
415 3293 590 3384 άντέλεγον
601 3291 692 3388 αύτῷ
700 3285 793 3365 οὗτοι
811 3291 856 3376 οδς
872 3291 935 3365 ούιι
953 3285 993 3364 εύ
1009 3323 1090 3385 φρο-

131 3400 260 3467 νούντι·
285 3403 391 3467 καίτοι
414 3394 498 3468 πολύ
521 3394 657 3466 κάλλιον
674 3385 716 3483 ήν
734 3399 838 3480 ζεῖντα
855 3402 990 3465 πείθειν
1008 3400 1091 3466 ἐκεῖ·

131 3525 209 3583 νον,
232 3506 265 3566 εί
278 3523 308 3566 τι
327 3497 516 3584 βούλοιντο,
540 3500 666 3584 μᾶλλον
688 3490 709 3583 ή
732 3493 972 3582 τελευτήσαντα
995 3491 1091 3588 ύβρί·
