2340 3916
190 206 210 268 6
567 204 781 257 Δαιαεναου

141 399 172 447 14
189 393 259 435 τειν
281 392 364 434 κατα
387 368 448 434 τοῦ
472 364 581 455 δήμου
606 360 689 433 δάν
711 365 881 453 βούληται.
917 367 973 434 καὶ
1000 366 1155 457 Τιμοθέῳ

190 474 266 560 μέν,
291 464 316 541 ῶ
333 469 521 559 Ἀθηναῖοι,
547 471 808 560 Πελοπόννησον
825 472 1081 560 περιπλεύσαντι
1099 473 1157 540 καὶ

189 577 252 666 τήν
279 582 316 647 ἐν
343 579 498 670 Κερκύρᾳ
525 585 715 666 ναυμαχίαν
747 577 919 667 νικήσαντι
947 583 1157 665 Λακεδαιμο-

189 693 285 766 νίους
311 688 367 754 καὶ
390 686 551 767 Κόνωνος
573 688 643 754 υίεῐ
662 688 725 754 τού
741 683 822 767 τούς
836 682 998 773 Ἕλληνας
1021 686 1157 753 έλευθε-

190 791 361 882 ρῶσαντος
392 794 448 861 καλ
480 791 599 881 Σάμον
635 791 773 880 λαβόντι
805 792 861 861 καί
892 791 1067 879 Μεθώνην
1099 794 1157 859 καὶ

189 899 334 968 Πύδναν
357 901 413 969 καί
436 905 623 969 Ποτίδαιαν
646 901 702 968 καί
725 897 809 987 πρὸς
825 897 961 980 ταύταις
980 900 1092 986 ἑτέρας
1111 907 1158 966 εί-

189 1027 264 1074 κοσι
278 1006 400 1092 πόλεις,
415 1002 477 1074 ούκ
496 1005 700 1093 ἐποιήσασθε
713 1001 894 1092 ύπόλογον,
909 1002 990 1073 ούδέ
1007 1007 1065 1092 τής
1083 1004 1158 1074 τότε

191 1111 374 1199 ἐνεστώσης
391 1119 531 1201 κρίσεως
550 1109 631 1181 ούδὲ
649 1115 717 1180 τῶν
732 1108 854 1201 ὅρκων,
869 1108 929 1193 οὓς
947 1108 1159 1198 ὀμωμοκότες

152 1242 177 1280 οε
191 1220 323 1305 ἐφέρετε
345 1217 407 1306 τήν
433 1222 562 1307 ψήφου,
587 1219 591 1307 λ
617 1216 941 1307 άντικατηλλάξασθε
963 1216 1021 1298 τάς
1043 1218 1158 1286 τοιαύ-

190 1351 249 1404 τας
267 1322 466 1413 εύεργεσίας,
486 1322 557 1394 ἀλλ’
580 1323 699 1394 ἑκατόν
716 1324 888 1394 ταλάντων
903 1324 1085 1413 ἐτιμήσατε,
1105 1321 1158 1392 ότι

189 1429 328 1566 χρήματ’
351 1430 455 1502 αύτὸν
471 1430 678 1521 Ἀριστοφῶν
697 1437 761 1519 ἔφη
776 1429 865 1521 παρὰ
876 1438 969 1500 Χίων
983 1432 1158 1567 εἰληφέναι

20 1600 24 1609 .
141 1548 172 1597 15
190 1540 246 1605 και
266 1533 417 1608 Ροδίων·
444 1537 506 1608 τὸν
529 1540 566 1606 δε
588 1537 820 1608 κατάπτυστον
841 1542 964 1607 τούτου
986 1540 1043 1606 και
1066 1537 1157 1606 Σκύ-

20 1648 25 1653 ’
121 1644 189 1724 V
190 1655 331 1732 θην
359 1645 515 1732 ἐξάγομαι
543 1644 678 1735 γάρ-
688 1698 697 1732 ,
725 1642 766 1714 δν
793 1641 856 1732 οὐχ
884 1639 932 1725 εἷς
959 1641 1044 1733 άνήρ
1074 1640 1158 1712 ἄλλα

190 1754 281 1820 πάσα
309 1749 326 1820 δ
354 1754 386 1833 ἐξ
408 1749 536 1841 Ἀρείου
564 1751 676 1837 πάγου
704 1742 811 1840 βουλή
841 1751 1005 1839 ζητήσασα
1033 1747 1158 1818 άποπέ-

191 1885 299 1944 φαγκε
313 1858 462 1949 χρήματα
477 1864 564 1946 ἔχειν
577 1856 657 1928 καθ’
679 1855 785 1947 ὑμῶν,
800 1855 893 1928 καὶ“
875 1886 912 1939 ος
926 1854 1159 1944 ἀποπέφανται

191 1969 391 2056 μισθαρνῶν
422 1967 478 2034 καὶ
511 1969 714 2055 δωροδοκῶν
745 1963 828 2034 κατὰ
859 1968 917 2052 τής
948 1964 1074 2044 πόλεως
1102 1964 1159 2031 καὶ

190 2073 297 2138 ταῦτα
315 2072 550 2160 ἐξελήλεγκται,
568 2075 691 2140 τούτου
705 2068 747 2140 ού
765 2071 1033 2159 τιμωρησάμενοι
1051 2070 1158 2158 παρά-

192 2180 311 2263 δειγμα
334 2178 487 2268 ποιήσετε
510 2193 579 2259 τοῖς
602 2176 727 2261 άλλοις;
752 2175 789 2259 ὃς
807 2174 870 2247 ούκ
888 2179 924 2246 έκ
942 2180 1010 2245 τῶν
1028 2185 1160 2265 βασιλι-

191 2285 262 2352 κῶν
285 2286 392 2372 μόνον
420 2283 567 2374 είληφῶς
593 2291 735 2371 χρυσίον
763 2284 909 2372 φανερός
941 2287 1046 2369 ἐστιν,
1075 2280 1159 2352 ἀλλὰ

191 2392 246 2461 καὶ
276 2394 309 2473 ἐξ
337 2390 441 2480 αύτής
466 2394 525 2479 τής
551 2390 678 2472 πόλεως
703 2392 1013 2478 κεχρηματισμένος·
1047 2387 1064 2458 ὁ
1092 2393 1161 2459 νύν

95 2484 98 2491 ’
192 2497 272 2568 οὐδὲ
292 2502 360 2567 τῶν
383 2494 450 2567 ύπὸ
471 2493 638 2587 Ἁρπάλου
661 2499 892 2585 κομισθέντων
915 2497 1092 2587 χρημάτων
1111 2502 1161 2577 είς

142 2633 173 2682 16
191 2604 252 2695 τήν
275 2606 375 2675 πόλιν
402 2602 638 2692 ἀποσχόμενος.
674 2610 782 2673 καίτοι
808 2610 844 2671 τί
868 2606 967 2693 μέρος
995 2605 1063 2672 ἐστὶ
1090 2605 1161 2670 τῶν

192 2709 257 2781 ύπὸ
272 2713 441 2798 Τιμοθέου
459 2713 701 2801 πεπραγμένων
720 2707 862 2796 άγαθῶν
881 2707 920 2792 δὶς
934 2712 1160 2798 Λημοσθένης

193 2820 413 2908 ἐπρέσβευσεν
431 2822 478 2898 είς
498 2817 612 2905 Θήβας
629 2823 819 2906 πρεσβείας;
847 2812 868 2904 ή
886 2823 936 2898 τίς
959 2813 1021 2885 ούκ
1040 2812 1083 2884 δν
1101 2844 1160 2883 κα-

262 3038 301 3085 14.
330 3036 366 3086 ef.
385 3051 423 3087 or
442 3034 763 3102 3,17.-.Λακεδαιμ
782 3026 935 3115 νικήαμντι
957 3050 996 3085 or.
1015 3037 1092 3087 3.-
1111 3037 1161 3087 λοι-

193 3096 321 3183 βόντιὸ.
339 3104 419 3158 Turr.
437 3072 490 3168 (it’a
507 3105 532 3155 N
551 3108 579 3154 et
595 3119 637 3170 pr
650 3106 729 3159 Aor.
742 3103 783 3168 3)·
804 3096 1004 3181 λαβόντος-
1022 3095 1086 3168 ούκ]
1109 3095 1162 3155 ον’·

194 3168 246 3224 δέν
263 3163 373 3223 τούτων
392 3187 431 3222 or.
445 3174 482 3248 3,
489 3177 517 3222 et
534 3171 581 3222 hic
600 3187 707 3254 quoque
725 3174 776 3224 Mr.
795 3160 885 3223 ούδὲν
903 3169 1070 3221 ωενολτμ-
1088 3167 1160 3223 ούδε

192 3232 301 3372 τῶνοέ
321 3237 371 3292 καὶ
389 3227 489 3296 τῶνδ’.
509 3243 627 3291 0r.3.-
593 3234 751 3321 -φέρετε
770 3241 851 3290 inor.
861 3241 877 3290 3
895 3237 1020 3289 NAB.—
989 3230 1160 3290 -άυτικα-

193 3301 284 3360 ταλλά
302 3308 394 3360 ασθαι
411 3307 543 3387 βαβα-
510 3297 652 3359 -οιύτόν
668 3299 840 3372 Ἀριστοφῶν
859 3306 969 3359 Gruter.
982 3306 1069 3362 Dobr.
1080 3308 1160 3358 Turr.

194 3377 256 3434 coll,
276 3393 313 3428 or.
332 3380 362 3428 3.
383 3366 479 3436 αύτδς,

9 3484 12 3491 ·
261 3465 300 3513 15
324 3450 388 3513 ἄλλ’
408 3449 507 3512 ἅπασα
529 3459 594 3511 mal.
612 3461 736 3512 Wm.-
759 3450 1039 3542 duonioeayueva.
1058 3484 1092 3496 -
1109 3459 1161 3512 καὶ

20 3544 88 3664 ι
176 3518 229 3597 δ’ς]
245 3523 338 3582 κάλ’
315 3547 356 3591 ως
372 3547 415 3599 pr
427 3529 475 3586 Ad.
493 3557 528 3569 -
546 3521 635 3599 μόνος
653 3527 709 3584 Az.
725 3552 758 3564 -
775 3522 790 3578 δ
809 3524 942 3592 νύνήκαὶ
959 3543 1012 3578 νυν
1030 3526 1094 3578 mal.
1108 3528 1160 3578 Mr.
