2340 3916
129 198 174 261 40
510 194 728 247 εαεοκιεοε

132 339 367 426 σκευάζεσθαι,
390 333 412 423 ἣ
437 336 577 424 φεύγειν
596 335 725 417 αότοδς
748 339 785 406 ἐκ
808 339 867 424 τῆς
885 337 1014 419 πόλεως
1041 340 1102 407 καὶ

131 441 265 511 ἀπιέναι
282 439 328 518 ὣς
346 438 492 526 τάχιστα.

65 570 114 620 106
198 541 273 612 Ἵνα
286 542 324 613 δὲ
338 543 448 628 είδάμε
456 594 466 628 ,
481 531 507 608 6
522 539 657 629 ἄνδρες,
671 538 723 608 ὅτι
735 539 776 608 τά
792 542 999 628 πεποιημένα
1012 539 1104 628 ὑμῖν

132 652 181 725 είς
204 643 366 732 ὁμόνοιαν
389 641 430 711 οὐ
455 646 567 722 κακῶς
592 649 674 728 ἔχει,
705 640 792 710 άλλά
818 641 859 710 τά
886 643 1102 731 προσήκοντα

130 750 188 818 καὶ
206 746 247 814 τά
266 746 484 833 συμφέροντα
510 742 600 831 ὑμῖν
614 742 733 824 αὐτοῖς
755 743 948 830 ἐποιήσατε,
972 747 1103 833 βραχέα

130 848 296 937 βούλομαι
319 849 377 915 καὶ
403 847 480 934 περὶ
503 845 635 914 τούτων
654 851 773 914 εἰπεῖν.
809 850 845 914 oc
866 846 934 936 γάρ
959 847 1105 935 πατέρες

132 956 168 1020 οἱ
195 949 352 1037 ὑμέτεροι
381 944 574 1034 γινομένων
597 952 639 1036 τῇ
666 947 761 1016 πόλει
787 949 903 1015 κακῶν
929 947 1105 1035 μεγάλων,

132 1049 187 1120 ὅτε
213 1057 249 1120 οί
269 1049 432 1137 τόραννοι
455 1048 518 1136 μὲν
542 1047 634 1134 εἶχον
657 1050 720 1135 τὴν
742 1048 861 1134 πόλιν,
888 1047 906 1117 ὁ
931 1047 971 1118 δὲ
995 1052 1104 1138 δῆμος

13 1174 32 1188 “·
133 1160 275 1240 ἔφευγε,
299 1150 495 1238 νικήσαντες
518 1150 701 1239 μαχόμενοι
716 1147 799 1229 τούς
824 1151 1018 1238 τυράννους
1044 1153 1102 1220 ἐπὶ

132 1261 331 1344 Παλληνίῳ,
344 1255 614 1341 στρατηγοῦντος
624 1251 807 1341 Λεωγόρου
816 1256 877 1321 τοῦ
888 1252 1101 1341 προπάππου

131 1359 193 1424 τοό
214 1359 296 1443 ε’μοῦ
315 1354 373 1422 καὶ
388 1362 519 1444 Χαρίου
534 1345 576 1423 οὗ
593 1357 720 1434 ἐκεῖνος
734 1353 796 1442 τὴν
808 1353 985 1443 θυγατέρα
998 1353 1102 1443 εἶχεν,

134 1459 167 1538 ἐξ
193 1447 232 1544 ἧς
256 1456 274 1525 ὁ
298 1455 456 1546 ἡμέτερος
479 1447 523 1542 ἦν
541 1455 699 1543 πάππος,
722 1455 946 1536 κατελθόντες
963 1463 1012 1535 είς
1038 1457 1104 1543 τὴν

133 1563 281 1647 πατρίδα
298 1559 381 1637 τοδς
397 1556 461 1646 μὲν
478 1556 700 1646 ἀπέκτειναν,
722 1559 793 1626 τόν
810 1555 849 1626 δέ
866 1558 982 1645 φυγὴν
999 1558 1102 1626 κατέ-

132 1682 287 1748 γνωσαν,
310 1659 393 1739 τούς
411 1658 450 1728 δὲ
472 1661 584 1746 μένειν
604 1663 641 1728 έν
658 1662 700 1748 τῇ
719 1657 815 1728 πόλει
839 1659 998 1739 ἐάσαντες
1023 1657 1101 1746 ἠτί-

29 1798 32 1803 ·
65 1792 115 1842 107
132 1784 259 1852 μωσαν.
294 1760 439 1850 ὕστερον
464 1759 502 1829 δὲ
525 1760 628 1847 ἡνίκα
652 1761 812 1849 βασιλεδς
838 1760 1105 1849 ἐπεστράτευσεν

134 1867 190 1934 ἐπὶ
224 1865 286 1951 τὴν
319 1862 482 1950 Ἑλλάδα,
523 1863 663 1949 γνόντες
696 1864 766 1931 τῶν
807 1866 997 1957 συμφορῶν
1030 1865 1105 1932 τοῖν

135 1968 304 2035 ἐπιουσῶν
321 1965 359 2033 τδ
377 1964 523 2052 μέγεθος
535 1966 592 2033 καὶ
605 1964 669 2050 την
686 1962 904 2053 παρασκευὴν
920 1966 982 2033 τοῦ
1000 1972 1101 2053 βασι-

132 2068 237 2155 λέως,
257 2073 410 2152 ἔγνωσαν
428 2065 511 2145 τοός
524 2093 559 2135 τε
573 2066 765 2154 φεάγοντας
778 2065 1025 2148 καταδέξασθαι
1041 2068 1103 2135 καλ

132 2168 214 2248 τοδς
238 2167 381 2256 άτίμους
406 2169 580 2254 ἐπιτίμους
604 2171 738 2254 ποιῆσαι
761 2168 819 2236 καὶ
837 2166 954 2255 κοινὴν
977 2167 1042 2253 τήν
1064 2194 1103 2237 τε

134 2275 304 2358 σωτηρίαν
321 2270 378 2337 καὶ
396 2267 478 2348 τούς
495 2269 679 2349 κινδύνους
696 2268 912 2355 ποιήσασθαι.
945 2269 1101 2359 πράξαν-

132 2398 186 2451 τες
220 2370 259 2440 δὲ
288 2375 414 2460 ταῦτα,
449 2371 507 2440 καὶ
542 2371 658 2451 δόντες
692 2369 852 2459 άλληλοις
883 2378 1010 2451 πίστεις
1041 2372 1102 2440 καὶ

133 2470 258 2562 ὅρκους
275 2472 463 2561 μεγάλους,
481 2471 602 2560 ἠξίουν
620 2475 709 2560 σφᾶς
728 2471 855 2552 αὐτοὺς
872 2472 1104 2560 προτάξαντες

133 2574 198 2664 πρό
216 2579 285 2643 τῶν
301 2574 469 2662 Ἑλλήνων
487 2573 649 2643 άπάντωυ
672 2572 863 2662 άπαντησαι
878 2589 950 2653 τοῖς
967 2575 1101 2662 βαρβά-

134 2703 204 2761 ροις
222 2677 486 2764 Μαραθῶνάδε,
503 2685 703 2765 νομίσαντες
719 2674 781 2763 τὴν
797 2675 965 2765 σφετέραν
983 2673 1103 2745 αὐτῶν

131 2777 255 2866 άρετην
276 2776 397 2866 ίκανην
414 2775 501 2847 εἶναι
523 2782 571 2870 τῷ
590 2777 711 2866 πλήθει
727 2781 776 2869 τῷ
802 2780 944 2847 ἐντείνων
960 2775 1100 2846 άντιτά-

131 2881 269 2960 ξασθαι·
287 2879 514 2968 μαχεσάμενοί
530 2907 564 2949 τε
584 2883 726 2967 ἐνίκων,
750 2881 808 2948 καὶ
826 2878 889 2967 την
905 2906 941 2948 τε
956 2877 1102 2949 Ἐλλάδα

201 3044 258 3095 106.
277 3039 399 3109 βραγεια
416 3043 440 3092 A
446 3041 695 3110 ,βραχείαΒ.-
659 3038 818 3109 ἔφευγε
831 3042 919 3094 τιὸ
939 3037 1043 3110 έφυγςε
1062 3043 1099 3096 οἱ.

132 3113 189 3162 107.
206 3137 240 3148 —
257 3111 305 3162 Χα
305 3107 400 3187 ρίου]
401 3079 531 3163 Κάλλίου
549 3109 586 3161 Sl.
604 3127 631 3176 p.
649 3111 757 3176 5(οο11.
770 3110 873 3162 Herod.
891 3113 918 3174 6,
937 3060 1044 3176 121)‚q
1044 3111 1101 3161 uod

133 3179 210 3242 prob.
228 3180 307 3259 Emp3
318 3174 422 3229 -τῶν
432 3174 487 3256 δε]
506 3175 573 3239 τους
592 3174 668 3232 δὲῙι
686 3195 727 3245 p.r
747 3178 850 3230 etAB.

201 3248 282 3323 107„
286 3246 379 3309 ‚immo
405 3239 460 3326 τὴν
486 3240 649 3312 βασιλέως“
675 3246 790 3298 Bk.-
755 3237 979 3328 -φεόγοντας
1004 3245 1099 3298 Turn:

131 3305 339 3393 φυγόντας.-
306 3306 524 3378 -πράξαντας
547 3315 571 3364 Α
594 3319 622 3366 et
640 3330 680 3380 pr.
702 3315 792 3364 Μ.-
807 3308 941 3370 διδόντες
957 3313 1040 3365 ABL.
1065 3339 1100 3349 -

129 3374 379 3509 {2666'2‘6
392 3374 1102 3514 2.22.¹32¹3.‘2;.6¹kf.,⁶2⁰¹..2626t6‘16‘556

131 3511 217 3581 τέραν
235 3508 304 3580 ni]
323 3516 359 3566 cf.
378 3516 465 3568 Thuc.
483 3520 512 3582 3,
531 3520 571 3571 66.
