2340 3916
462 168 678 222 PRAEFA'I'IO.
1012 172 1070 227 vn

92 302 207 387 quales
234 304 312 366 sunt
339 300 569 384 Δημοσθένην
595 306 629 368 et
655 303 843 387 Διογένην,
873 326 954 388 quos
980 310 1067 373 recte

93 403 181 469 idem
208 401 383 469 Schillerus
415 404 456 467 ab
483 403 660 468 Andocidis
689 408 774 469 certe
809 410 913 472 aetate
942 407 1067 473 alienos

95 505 225 570 iudicat
270 502 355 571 Sunt
382 508 415 568 et
441 505 505 569 alia
531 527 600 570 non
626 527 728 589 pauca
753 528 835 591 quae
857 508 969 574 eodem
997 510 1067 575 iure

96 610 221 671 mutare
253 607 373 690 possis,
407 607 471 671 nisi
504 606 592 690 quod
623 606 698 672 libri
725 608 761 671 in
788 608 834 673 eis
860 609 943 674 nulli
971 610 1067 676 adsti-

100 708 274 792 pulantur:
323 712 407 773 certe
453 729 557 792 neque
595 705 852 791 Ἀλκμκιονίδου
894 732 954 794 pro
989 708 1067 775 Ἀλ-

96 809 288 892 κμεωνίδου
315 809 368 895 (1,
391 813 411 891 ὅ
436 809 490 894 16)
511 810 657 875 Atticum
685 809 767 875 duco
792 811 846 896 (cf.
869 832 951 895 quae
973 812 1068 878 effert

95 908 259 995 Sauppius
280 910 321 974 ad
334 909 427 975 Dem.
450 910 507 995 21,
532 913 595 976 144
615 916 648 976 et
669 912 705 976 in
726 912 819 996 epist.
842 911 883 976 ad
897 912 1065 979 Baiterum

95 1012 147 1089 de,
161 1012 327 1077 Alcibiade
356 1013 457 1077 altero
485 1035 516 1096 p.
545 1012 643 1098 XIV)
670 1035 775 1098 neque
809 1015 1065 1080 συνεκέκλεισσο

97 1115 146 1197 (1,
178 1113 232 1193 48)
264 1136 322 1198 pro
356 1112 584 1198 συνεκέκλῃτο
616 1115 703 1179 illius
736 1116 865 1199 aetatis3
899 1120 934 1182 at
965 1117 993 1181 si
1020 1117 1062 1181 ad

96 1215 330 1280 severissimam
350 1237 497 1281 normam
518 1237 571 1280 eas
593 1237 644 1280 res
666 1217 793 1303 exigere
814 1217 964 1298 velimus,
988 1218 1063 1283 ilico

92 1317 188 1402 σῴζω
227 1338 355 1400 quoque
389 1323 421 1382 et
454 1316 596 1403 θνῄσκω
631 1319 724 1382 unice
758 1340 853 1383 verae
886 1320 1063 1404 scripturae

95 1418 294 1484 reducendae
323 1418 442 1484 forent.
481 1420 600 1484 Θέλειν
622 1423 670 1484 est
694 1421 727 1503 l,
757 1419 799 1484 22
830 1419 901 1507 (ubi
928 1418 972 1504 μή
999 1418 1064 1487 ’θέ-

95 1523 216 1595 λοντας
237 1519 347 1604 Tun.)
371 1525 404 1585 et
425 1522 460 1604 4,
490 1522 518 1585 7.
541 1522 598 1604 37,
627 1521 741 1585 εἵνεκα
763 1523 795 1603 1,
823 1521 874 1586 29.
897 1522 938 1587 86
966 1522 1062 1605 (ΑΒ).

97 1622 157 1688 103
180 1622 249 1707 (A).
275 1621 410 1705 117,2,
435 1623 484 1687 13.
518 1619 697 1706 ,Ξύμμαχος
724 1626 757 1686 et
784 1622 942 1707 ξυμφοραί
968 1645 1063 1708 saepe

27 1728 32 1733 '
95 1723 157 1788 ΖΜ
170 1725 335 1808 praebent,
354 1723 388 1798 ἐς
402 1744 468 1787 uno
483 1723 555 1788 loco
571 1724 633 1806 3,3
649 1721 724 1787 AB:
747 1745 828 1807 quae
844 1744 939 1788 nemo
955 1724 1060 1791 adhuc

92 1827 223 1910 recepit.
269 1830 336 1890 ΣΣ
358 1847 417 1909 pro
445 1828 507 1889 ΤΤ
524 1825 639 1908 optimi
660 1823 735 1887 libri
757 1825 793 1889 in
821 1825 971 1909 genuinis
994 1847 1064 1891 ora-

91 1928 237 1993 tionibus
251 1949 410 2011 nusquam
424 1927 590 2011 praebent,
605 1927 641 1989 in
655 1929 770 2009 quarta
784 1926 907 1990 mutavi
921 1929 1063 1992 Moloc-

94 2031 212 2111 clav§
235 2031 286 2113 41,
310 2050 505 2113 quamquam
524 2027 611 2092 haud
632 2028 765 2112 ignarus
786 2027 883 2092 huius
904 2028 1061 2095 orationis

95 2131 185 2194 etin
205 2131 256 2195 his
278 2136 311 2196 et
337 2132 373 2194 in
395 2131 466 2194 aliis
494 2131 589 2194 rebus
616 2151 745 2195 causam
774 2133 954 2214 separatam
982 2151 1060 2196 esse.

94 2230 194 2297 Cuius
222 2235 335 2296 auctor
361 2231 523 2297 Isocrateo
551 2232 654 2318 magis
684 2251 802 2319 genere
831 2231 957 2296 dicendi
985 2254 1062 2297 usus

93 2355 199 2417 neque
227 2333 353 2398 hiatum
379 2333 474 2398 facile
501 2333 658 2416 tolerans,
686 2333 715 2397 si
744 2354 761 2396 e
791 2332 860 2397 sola
881 2333 987 2398 forma
1016 2334 1063 2399 lo·

91 2434 214 2518 quendi
241 2435 405 2519 aestimes,
434 2435 518 2499 circa
544 2434 685 2500 medium
715 2437 866 2518 quartum
898 2434 1062 2499 saeculum

93 2536 193 2600 fuisse
215 2536 350 2600 videtur.

179 2636 308 2702 Scholia
336 2638 492 2721 quaedam
519 2637 572 2702 vel
600 2636 794 2722 glossemata
815 2636 851 2699 in
872 2635 970 2700 verba
991 2638 1059 2700 An·

91 2738 215 2804 decidis
241 2739 405 2822 irrepsisse
432 2761 501 2804 non
527 2743 576 2804 est
598 2737 685 2822 quod
706 2737 902 2822 dubitemus;
931 2743 965 2803 at
987 2760 1060 2804 cum

91 2863 271 2925 numquam
285 2841 423 2904 multum
437 2840 601 2905 lectitatus
615 2839 669 2903 hic
683 2839 821 2923 scriptor
834 2839 943 2920 fuerit,
959 2841 1063 2906 multa

89 2963 131 3006 ea
153 2942 326 3025 crebraque
354 2963 422 3006 esse
449 2941 622 3006 verisimile
650 2962 718 3006 non
745 2941 881 3006 videtur.
926 2939 1062 3027 Scripsit

91 3043 360 3108 commentarium
381 3044 417 3107 in
436 3042 613 3108 Andocidis
645 3043 816 3126 orationes,
845 3041 944 3108 Suida
969 3046 1061 3127 teste,

94 3144 245 3210 Valerius
272 3145 402 3228 Theon,
434 3149 466 3209 et
494 3147 685 3230 argumenta
717 3144 852 3210 duarum
880 3148 964 3209 certe
993 3167 1062 3210 ora·

91 3247 219 3310 tionum
248 3268 336 3312 nune
363 3268 491 3331 quoque
518 3250 661 3310 manent.
712 3245 926 3310 Perlustranti
953 3249 1061 3311 autem

92 3347 174 3412 mihi
202 3352 356 3432 quattuor
384 3348 443 3414 has
472 3348 634 3413 orationes
667 3349 746 3412 haee
774 3350 947 3413 occurrunt
979 3368 1061 3431 quae

92 3449 191 3514 talem
213 3450 351 3533 speeiem
373 3472 506 3534 praese
528 3450 613 3514 ferre
635 3448 812 3515 videantur.
841 3451 868 3532 l,
894 3448 954 3513 133
977 3451 1062 3513 λεύ-
