2340 3916
151 183 193 250 70
501 188 753 246 ΑΙΣΧΙΝΟΤ

81 361 133 418 207
153 375 199 433 μα
213 344 392 436 ὁλοσχοίνῳ
400 343 544 436 άβρόχῳ,
557 349 612 414 καὶ
624 350 750 413 πείσειν
756 343 956 431 Ἀθηναίους
967 347 1030 432 μὲν
1041 372 1105 413 κα-

151 448 569 532 ταδὲξασθαιΛεωσθένην,
578 451 744 513 Φίλιππον
751 441 779 512 δ’
790 440 978 530 Ἀθηναίοις
986 441 1105 530 Ἀμφί-

153 555 250 615 πολιν
261 546 456 615 άποδοὺναι.
469 550 525 613 ἵνα
534 544 619 630 δὲμὴ
628 551 826 630 μακρολογῶ
836 541 1026 629 τηντοότου
1035 547 1104 611 διε·
1119 551 1152 602 ⁶22

153 644 232 724 ξιάν
243 641 493 731 ὑπερηφανίαν,
513 643 557 722 ὣς
569 645 704 728 τάχιστα
715 641 841 728 ἥκομεν
854 648 899 720 είς
910 645 1105 710 Μακεδονί-

151 771 203 830 αν,
217 741 534 830 συνετάξαμενὴμάς
546 739 679 827 αὑτοὺς,
694 739 777 810 ὅταν
789 747 977 827 προσίωμεν
983 746 1104 809 Φιλίπ-

151 867 213 930 πῳ,
225 840 304 921 τοὺς
315 841 563 928 πρεσβυτάτους
581 841 734 925 πρώτους
746 845 855 925 λε’γειν
871 843 926 908 καὶ
942 837 1022 918 τοὺς
1033 847 1105 907 λοι-

152 940 236 1019 ποὺς
248 938 329 1009 καθ’
342 937 490 1026 ἡλικίαν·
502 938 660 1025 ἐτύγχανε
672 937 700 1006 δ’
710 936 976 1025 ἡμῶννεάτατος
988 933 1046 1024 οὑν,
1061 936 1105 1016 ὑς

82 1050 135 1105 208
152 1046 227 1125 ἔφη,
238 1044 469 1126 Δημοσθένης.
482 1036 640 1123 ἐπειδὴδὲ
652 1037 950 1126 είσεκλήθημεν,-
959 1037 1014 1106 καὶ
1024 1037 1106 1104 τού-

152 1137 290 1224 τοιςῆδη
303 1163 358 1223 μοι
369 1138 502 1224 σφόδρα
509 1142 683 1224 προσέχετε
693 1136 753 1205 τόν
760 1144 861 1204 νοῦνς
874 1142 1033 1205 εντεῦθεν
1040 1135 1104 1222 γάρ

152 1238 341 1317 κατόψεσθε
358 1235 544 1320 άνθράπου
562 1237 698 1324 φθόνον
708 1234 958 1324 ὑπερβάλλοντα
969 1238 1025 1303 καὶ
1036 1239 1105 1303 δει-

152 1335 217 1421 νην
229 1339 354 1404 δειλίαν
365 1336 432 1423 άμα
444 1339 498 1405 καὶ
509 1338 724 1424 κακοήθειαν,
738 1339 793 1404 καὶ
804 1335 958 1415 τοιαύτας
968 1337 1106 1422 ἐπιβου-

154 1434 212 1511 λάς
225 1430 299 1501 κατ’
311 1431 447 1518 άνδρτόν
461 1441 627 1502 συσσίτων
638 1435 693 1501 καὶ
704 1436 961 1520 συμπρέσβεων,
979 1429 1018 1510 άς
1028 1429 1103 1500 οὐδ’

153 1531 197 1604 άν
208 1533 290 1604 κατά
299 1543 367 1604 τῶν
375 1540 538 1622 ἐχθίστων
548 1563 596 1617 τις
608 1543 680 1625 είκῇ
691 1538 871 1624 ποιήσαιτο.
883 1535 962 1616 τοὺς
972 1537 1037 1623 γάρ
1048 1543 1106 1622 τῆς

154 1637 280 1715 πόλεως
297 1634 380 1714 άλας
395 1639 452 1705 καὶ
469 1635 530 1724 τὴν
551 1643 712 1722 δημοσίαν
732 1635 896 1722 τράπεζαν
916 1637 991 1720 περὶ
1012 1640 1106 1704 πλεί-

154 1755 235 1803 στου
247 1735 289 1821 δη’
301 1755 382 1821 φησι
393 1749 577 1823 ποιεῖσθαι,
600 1735 662 1806 οὑκ
674 1733 723 1805 τόν
739 1737 925 1823 ἐπιχώριος,
943 1736 1105 1823 εἰρήσεται

84 1845 136 1901 *λο9
154 1833 229 1921 γάρ,
242 1831 317 1902 οὐδ’
330 1835 473 1920 ἐγγενής.
487 1833 578 1922 ἡμεῖς
589 1835 640 1922 δέ,
660 1833 709 1916 οἷς
720 1835 792 1921 ίερά
804 1841 858 1905 καλ
869 1837 969 1923 τάφοι
980 1834 1107 1921 προγό-
1120 1847 1154 1899 ’23

154 1958 224 1999 νων
241 1930 450 2018 ὑπάρχουσιν
467 1937 504 2002 ἐν
521 1943 563 2022 τῇ
573 1940 704 2019 πατρίδι
715 1939 770 2004 καὶ
781 1938 943 2023 διατριβαὶ
955 1937 1009 2003 καὶ
1020 1954 1104 2002 συν-

153 2031 266 2118 ήθειαι
276 2030 356 2116 μεθ’
374 2029 472 2118 ὑμῶν
489 2035 674 2119 ἐλευθέριοι
686 2037 741 2104 καὶ
749 2037 850 2121 γάμοι
861 2035 944 2104 κατά
955 2029 1104 2113 τοὺςνό-

153 2156 238 2216 μους
248 2133 303 2198 καλ
315 2131 469 2217 κηδεσταὶ
479 2135 534 2200 καὶ
545 2135 661 2219 τέκνα,
681 2132 841 2221 Ἀθήνησι
852 2136 913 2220 μὲν
923 2125 1009 2220 ἦμεν
1018 2130 1104 2212 άξιοι

153 2235 212 2313 τῆς
228 2224 387 2313 ὑμετέρας
404 2235 558 2316 πίστεως,
580 2229 621 2298 οὐ
638 2233 703 2319 γάρ
721 2232 764 2300 άν
775 2257 854 2301 ποτε
865 2230 951 2318 ἡμᾶς
962 2235 1102 2313 εἵλεσθε,

153 2324 311 2405 ἐλθόντες
323 2324 355 2395 δ’
375 2334 420 2407 είς
431 2335 648 2399 Μακεδονίαν
659 2334 814 2419 ἐξαίφνης
824 2329 1008 2417 ἐγενόμεθα
1019 2353 1104 2415 προ-

85 2434 137 2487 210
154 2424 255 2493 δόται.
278 2422 296 2493 ὁ
314 2426 350 2495 δέ
369 2425 468 2496 οόδέν
488 2426 638 2515 άπρατον
653 2435 738 2515 ἔχων
754 2433 852 2516 μέρος
868 2437 929 2497 τοῦ
940 2427 1102 2515 σάματος,

153 2522 228 2593 οὐδ’
248 2523 335 2594 ὅθεν
349 2525 410 2614 την
424 2527 712 2615 φωνηνπροίεται,
732 2527 776 2607 ὦς
799 2523 847 2596 &v
866 2525 1063 2613 Ἀριστείδης
1085 2522 1106 2588 ὅ

151 2621 231 2704 τοὺς
243 2626 371 2711 φόρους
382 2628 478 2707 τάξας
489 2643 557 2707 τοϊς
565 2627 737 2715 Ἕλλησιν,
756 2624 774 2694 ὁ
787 2631 913 2705 δίκαιος
925 2624 1104 2694 ἐπικαλού-

152 2751 267 2810 μενος,
291 2731 496 2810 δυσχεραίνει
508 2730 563 2796 καὶ
573 2728 753 2796 καταπτύει
764 2730 973 2813 δωροδοκίας.
996 2720 1102 2790 άκοό-
1120 2737 1153 2788 ⁶24

153 2844 230 2890 σατε
248 2822 288 2909 δη
305 2825 385 2902 τοός
400 2851 435 2892 τε
452 2822 629 2912 ἡμετέρους
644 2827 780 2913 λόγους,
803 2823 1008 2910 οὑςείπομεν
1019 2819 1103 2903 ὑπὲρ

153 2917 257 3006 ὑμῶν,
270 2923 325 2989 καλ
337 2922 438 2991 πάλιν
449 2921 553 3003 οὑςτδ
565 2929 647 3010 μέγα
658 2925 779 3011 ὄφελος
788 2933 846 3011 τῆς
857 2923 982 3003 πόλεως
993 2932 1104 3010 είρηκε

153 3026 389 3108 Δημοσθένης,
407 3020 453 3089 ἵν’
472 3025 588 3109 ἐφεξῆς
598 3023 747 3092 καὶκατὰ
757 3021 878 3110 μικρόν
889 3019 972 3106 πρὸς
983 3022 1104 3088 ἕκαστα

153 3124 525 3221 τῶνοκατηγορημένων
551 3119 815 3209 ἀπολογήσωμαι.
850 3123 975 3189 ἐπαινοῖ
1003 3116 1033 3186 δ’
1058 3124 1104 3196 είς

152 3216 343 3307 ὑπερβολὴν
358 3219 485 3299 πάντας
500 3218 602 3307 ὑμᾶς,
627 3213 654 3289 ά
671 3221 805 3307 ἄνδρες,
828 3218 881 3287 ότι
897 3226 974 3307 σιγῇ
984 3218 1039 3286 καὶ
1051 3222 1104 3285 δι-

152 3323 252 3396 καίως
263 3315 359 3404 ἡμῶν
369 3315 522 3388 άκοόετε·
537 3319 637 3406 ὥστε,
650 3321 710 3388 ἐάν
719 3318 805 3406 τιμὴ
819 3319 910 3388 λύσω
921 3327 989 3386 τοῖν
1000 3344 1104 3403 κατη-

153 3421 356 3502 γορημένων,
373 3414 434 3503 οὐχ
445 3415 542 3504 ὑμᾶς,
556 3416 630 3487 ἄλλ’
643 3420 789 3504 ἐμαυτόν
801 3419 997 3506 αίτιάσομαι,
