2340 3916
313 189 445 247 ΚΑΤΑ
468 189 849 248 ΚΤΗΣΙΦΩΝΤΟΣ.
994 183 1055 248 187

48 361 84 414 ιλ3
104 369 183 428 σαν;
207 346 295 415 οὕτω
312 350 349 415 δὲ
366 361 435 427 ταῖς
446 353 562 424 αἰτίαις
574 349 753 432 ἐνέφραξας
763 345 820 427 τάς
831 348 914 416 κατά
927 354 1054 415 σαυτοῦ

103 454 275 530 τιμωρίας,
300 441 383 512 ὥστε
400 442 461 511 τόν
478 449 641 512 κίνδυνον
656 443 739 512 εἶναι
757 443 800 531 μη
812 452 864 514 σολ
876 454 923 536 τῷ
934 447 1053 532 άδικη-

103 567 207 628 σαντι,
220 543 303 612 άλλά
316 559 383 625 τοῖς
394 549 568 630 ἐπεξιοῦσι,
581 542 688 611 πολύν
699 545 760 629 μὲν
770 542 830 612 τὰν
839 542 1052 631 Ἁλέξανδρον

102 647 156 712 καί
168 650 335 711 Φίλιππον
346 647 382 710 ἐν
393 658 462 722 ταῖς
475 649 642 729 διαβολαῖς
659 646 790 730 φέρων,
813 644 1005 730 αίτιοίμενος
1017 648 1054 711 δέ

101 770 194 822 τινας
211 746 396 828 ἐμποδίζειν
413 743 492 821 τοῦς
503 752 560 830 της
571 743 698 822 πόλεως
716 769 863 830 καιρους,
876 741 927 812 άεὶ
938 744 975 812 τὸ
988 768 1053 810 πα-

103 842 164 925 ρόν
178 842 437 928 λυμαινόμενος,
459 839 495 910 τὸ
515 843 551 911 δὲ
566 844 687 928 μέλλον
698 843 1050 929 κατεπαγγελλόμενος.

102 939 143 1008 ού
161 940 197 1008 τὸ
220 950 410 1011 τελευταίαν
431 946 701 1028 εἰσαγγέλλεσθαι
723 944 853 1028 μέλλων
875 940 934 1008 ὑπ’
957 945 1051 1027 ἐμοῦ,
1069 947 1121 1005 616

100 1041 161 1127 τὴν
179 1040 350 1121 Ἀναξίνου
365 1041 532 1128 σύλληψιν
547 1049 610 1110 τοῦ
627 1041 775 1128 Ὠρείτου
794 1041 1051 1127 κατασκευάσας,

50 1161 84 1214 24
100 1149 160 1208 τοῦ
179 1141 218 1208 τά
230 1139 445 1229 ἀγοράσματα
458 1139 651 1228 Ὀλυμπιάδι
669 1140 903 1229 άγοράζοντος,
927 1141 1053 1209 καὶτὸν

101 1240 204 1311 αὐτὸν
215 1243 322 1327 ἄνδρα
334 1244 599 1330 διαστρεβλύσας
610 1250 649 1330 τῇ
661 1250 787 1311 σαυτοῦ
797 1245 893 1327 χειρί,
907 1247 1052 1327 ἔγραψας

100 1340 204 1409 αὐτὸν
214 1342 353 1432 θανάτῳ
365 1347 540 1428 ζημιοῦσαις
562 1345 616 1409 καλ
634 1340 723 1426 παρά
734 1350 781 1432 τῷ
793 1340 882 1432 αύτῷ
894 1346 930 1408 ἐν
947 1339 1049 1431 Ὠρεῷ

99 1441 256 1525 κατήγου,
270 1443 325 1509 καὶ
337 1439 401 1508 άπό
413 1449 471 1523 τῆς
483 1439 584 1527 αύτῆς
595 1445 752 1527 τραπέζης
763 1446 884 1528 ἔφαγες
894 1444 948 1509 καὶ
964 1447 1051 1519 ἔπιες

98 1539 153 1606 καὶ
166 1544 327 1622 ἔσπεισας,
340 1542 394 1607 καὶ
406 1540 467 1625 την
479 1537 591 1619 δεξιάν
602 1544 754 1626 ἐνέβαλες
765 1539 872 1624 ἄνδρα
884 1547 984 1626 φίλον
995 1542 1050 1605 καί

98 1639 410 1724 ξένονποιούμενος.
427 1641 481 1707 καὶ
496 1647 616 1706 τοῦτον
625 1636 880 1724 άπέκτεινας,καὶ
890 1640 965 1720 περὶ
972 1638 1051 1704 τού-

97 1764 165 1803 των
182 1741 218 1805 ἐν
236 1737 360 1804 άπασιν
375 1739 562 1824 Ἀθηναίοις
585 1737 786 1822 ἐξελεγχθεὶς
808 1730 869 1803 ὑπ’
892 1739 974 1821 ἐμοῦ
995 1737 1050 1803 καί

98 1839 233 1920 κληθεὶς
244 1835 439 1914 ξενοκτόνος
451 1834 493 1902 ού
504 1835 542 1901 τὸ
554 1833 703 1922 άσέβημα
713 1832 866 1921 ἠρνήσω,
879 1831 954 1902 ἄλλ’
968 1831 1050 1901 άπε-

98 1941 218 2024 κρίνω,
255 1933 309 2018 ἐφ’
330 1926 359 2023 ᾦ
375 1932 559 2020 άνεβόησεν
576 1931 594 2001 ὁ
613 1938 715 2019 δῆμος
731 1935 786 2001 καὶ
804 1931 879 2000 ὅσοι
890 1935 978 2013 ξένοι
989 1957 1049 2001 πε-

99 2034 274 2112 ριέστασαν
283 2028 345 2118 τὴν
354 2036 546 2119 ἐκκλησίαν·
558 2039 691 2118 ἔφησθα
698 2033 762 2118 γάρ
771 2031 849 2112 τούς
859 2032 1049 2119 τηςπόλεως

99 2130 182 2209 άλας
198 2133 272 2214 περὶ
291 2137 444 2211 πλείονος
455 2132 660 2218 ποιήσασθαι
671 2139 729 2219 τῆς
740 2135 869 2218 ξενικῆς
879 2134 1045 2218 τραπέζης.

48 2257 78 2307 25
98 2229 270 2308 ἐπιστολάς
288 2230 323 2297 δὲ
335 2237 417 2315 σιγῦ
430 2235 563 2312 ψευδεῖς
572 2232 626 2297 καί
637 2231 858 2299 κατασκόπων
869 2229 1048 2317 συλλήψεις

96 2334 150 2396 καί
172 2331 340 2416 βασάνους
361 2327 414 2398 ἐπ’
439 2336 555 2408 αἰτίαις
577 2327 765 2416 άγενήτοις,
796 2326 839 2407 ὡς
861 2332 943 2414 ἐμοῦ
966 2328 1049 2414 μετά

94 2457 196 2497 τινων
203 2434 240 2499 ἐν
250 2438 291 2518 τῇ
302 2430 395 2498 πόλει
407 2435 609 2515 νεωτερίζειν
620 2432 836 2515 βουλομένου.
849 2432 959 2494 ἔπειτα
972 2429 1049 2493 ἐπε·
1064 2442 1114 2500 617

96 2537 205 2611 ρωτοῖν
227 2556 283 2614 με,
309 2529 352 2606 ὡς
374 2527 437 2612 ἐγώ
462 2527 693 2611 πυνθάνομαι,
715 2529 840 2612 μέλλει,
863 2536 911 2603 τίς
932 2519 975 2591 άν
997 2533 1046 2611 είη

94 2635 244 2706 τοιοῦτος
256 2625 382 2711 ίατρὸς,
406 2625 495 2705 ὅστις
505 2631 551 2714 τῷ
564 2633 722 2711 νοσοῦντι
731 2623 853 2710 μεταξύ
865 2623 927 2709 μὲν
939 2619 1046 2692 άσθε-

95 2733 211 2793 νοῦντι
230 2725 334 2810 μηδὲν
352 2723 594 2811 συμβουλεύοι,
616 2723 870 2809 τελευτησαντος
887 2718 923 2788 δέ
938 2717 1044 2790 αὐτοῦ

93 2825 203 2893 ε’λθοόν
215 2830 260 2902 είς
270 2823 310 2891 τά
323 2829 421 2891 ἔνατα
434 2828 546 2903 διεξίοι
558 2822 640 2909 πρὸς
649 2820 727 2900 τούς
738 2829 890 2904 οἰκείους,
903 2817 925 2888 ά
936 2823 1047 2908 ἐπιτη-
1063 2834 1116 2889 618

48 2946 75 2998 26
95 2925 214 3003 δεύσας
229 2921 325 3010 ὑγιὴς
343 2919 387 2991 άν
405 2926 543 3008 ἐγένετο.
567 2921 692 2990 σαυτδν
710 2917 741 2988 δ’
762 2919 824 2989 οῦκ
847 2919 1043 3008 άντερωτᾷς,

93 3031 140 3100 τίς
152 3019 195 3090 άν
207 3033 256 3108 είη
274 3020 471 3109 δημαγωγὸς
487 3030 653 3106 τοιοῦτος,
677 3018 766 3099 ὅστις
781 3018 843 3112 τὸν
859 3020 919 3107 μέν
938 3024 1044 3105 δῆμον

92 3129 268 3188 θωπεῦσαι
280 3122 432 3207 δύναιτο,
456 3119 535 3200 τούς
547 3120 583 3189 δὲ
596 3117 748 3206 καιρούς,
770 3124 808 3187 ἐν
823 3115 871 3198 οἷς
888 3112 932 3206 ἦν
943 3120 1009 3199 σύζ
1026 3159 1044 3171 -

93 3231 173 3287 σθαι
185 3220 246 3305 τὴν
258 3219 373 3304 πάλιν,
385 3221 559 3308 άποδοίτο,
571 3218 650 3301 τοῦς
660 3217 690 3288 δ’
703 3212 743 3287 εύ
753 3226 964 3305 φρονοῦντας
975 3244 1043 3285 κω-

91 3321 167 3387 λύοι
179 3319 368 3405 διαβάλλων
378 3321 630 3408 συμβουλεύειν,
644 3315 792 3401 άποδράς
802 3314 833 3384 δ’
849 3319 884 3384 ἐκ
894 3323 1044 3384 τῦνκιν-

91 3411 1048 3504 δύνωνκαὶτὴνπόλινάνηκέστοιςκακοίςπεριβαλύνάξιοί
