2340 3916
182 215 243 279 178
531 222 786 279 ΑΙΣΧΙΝΟΥ

180 375 245 465 γάρ
264 404 332 464 τοι,
355 373 398 456 ώς
416 376 478 465 ἐγώ
498 385 558 446 τοῦ
576 379 700 465 πατρὸς
713 389 774 447 τού
786 382 929 465 ἐμαυτοῦ
940 380 1133 449 έπυνθανό·
1157 400 1159 405 “

180 503 264 564 μην,
288 473 324 555 ὂς
340 481 395 562 ἔτη
411 477 506 564 βιούς
523 477 722 563 ἐνενήκοντα
735 480 790 545 καὶ
801 482 897 546 πέντε
909 479 1131 565 ἐτελεύτησεν,

181 571 339 643 ἁπάντων
349 572 521 662 μετασχών
532 583 599 644 τών
611 575 725 644 πόνων
735 585 777 664 τῇ
788 577 898 663 πόλει,
922 573 958 656 ὂς
976 577 1133 654 πολλάκις

181 673 265 761 πρός
282 675 338 761 ἐμὲ
355 675 475 762 διεξῄει
486 678 538 745 ἐπὶ
550 684 678 762 σχολῆς.
693 681 756 762 ἔφη
769 673 851 761 γάρ,
874 673 928 742 ὅτε
940 672 1059 758 άρτίως
1072 701 1131 740 κα-

181 773 359 859 τεληλύθει
377 771 394 841 ὁ
415 778 537 860 δῆμος,
561 783 654 852 εἴτις
671 780 766 842 εἰσίοι
782 773 917 860 γραφὴν
929 774 1133 859 παρανόμων

111 893 162 949 531
182 876 228 949 εἰς
248 871 476 956 δικαστήριον,
500 870 584 939 εἶναι
602 870 719 958 ὅμοιον
735 869 772 940 τό
790 872 895 958 ὄνομα
907 875 959 938 καὶ
971 869 1007 938 τὸ
1023 879 1130 957 ἔργον.

180 975 213 1035 τί
228 969 293 1055 γάρ
315 972 405 1037 ἐστιν
422 968 645 1054 άνοσιώτερον
655 968 778 1053 ἀνδρὸς
790 971 966 1056 παράνομοι
978 975 1131 1054 λέγοντος

115 1085 160 1142 182
182 1071 236 1137 καὶ
248 1069 467 1153 πράττοντος;
480 1072 534 1137 καὶ
546 1067 608 1156 τὴν
619 1068 797 1155 άκρόασιν,
823 1067 867 1148 ώς
884 1072 1008 1146 ἐκεῖνος
1022 1067 1126 1154 άπήγ-
1149 1080 1160 1130 l

180 1176 311 1253 γελλευ,
338 1165 379 1234 ού
396 1165 455 1236 τόν
471 1166 574 1236 αύτὸν
590 1169 717 1253 τρόπον
728 1172 918 1254 ἐποιοῦντο,
943 1167 1052 1251 ώσπερ
1063 1177 1129 1235 νῦν

178 1271 333 1350 γίγνεται,
346 1262 421 1332 ἄλλ’
434 1258 520 1351 ἦσαν
531 1265 616 1333 πολύ
627 1265 846 1353 χαλεπώτεροι
858 1271 893 1333 οἱ
901 1267 1050 1334 δικασταὶ
1062 1280 1129 1344 τοῖς

178 1364 218 1430 τά
238 1363 414 1450 παράνομα
430 1364 621 1450 γράφουσιν
641 1364 824 1432 αὐτοῦτοῦ
845 1363 1050 1450 κατηγόρου,
1073 1365 1129 1430 καὶ

180 1461 335 1540 πολλάκις
347 1461 544 1543 άνεπόθιζον
555 1460 614 1530 τόυ
625 1467 814 1548 γραμματέα
831 1466 886 1530 καὶ
898 1465 1051 1530 ἐκέλευον
1062 1461 1127 1528 πά-

178 1570 231 1629 λιν
246 1558 509 1645 ἀναγιγνώσκειν
523 1558 601 1640 τούς
614 1562 739 1646 νόμους
757 1564 811 1629 καὶ
827 1560 865 1629 τὰ
882 1562 1053 1648 ψήφισμα,
1076 1563 1131 1628 καὶ

177 1657 352 1746 ἡλίσκοντο
365 1664 400 1728 οἱ
408 1660 583 1745 παράνομα
594 1661 794 1746 γράφοντες,
814 1658 876 1727 οὐκ
888 1665 918 1728 εἰ
928 1661 1053 1740 πάντας
1064 1684 1130 1726 πα-

178 1762 404 1849 ραπηδήσειαν
415 1759 494 1840 τούς
507 1762 647 1847 νόμους,
671 1759 743 1828 ἀλλ’
758 1767 788 1828 εἰ
798 1768 877 1847 μίαν
886 1761 993 1847 μόνον
1004 1768 1129 1829 συλλα-

177 1859 243 1948 βὴν
270 1860 520 1944 παραλλάξειαν.
553 1858 589 1928 τό
613 1858 648 1929 δέ
669 1863 746 1928 νυνὶ
770 1861 968 1946 γιγνόμενον
991 1867 1127 1946 πράγμα

177 1957 509 2044 ὑπερκαταγέλαστόν
520 1961 623 2025 ἐστιν·
645 1955 662 2026 ό
675 1960 735 2044 μὲν
745 1956 810 2044 γάρ
823 1956 1032 2046 γραμματεύς
1044 1957 1128 2025 άνα-

176 2056 354 2141 γιγνώσκει
368 2055 404 2121 τὸ
418 2055 631 2141 παράνομον,
655 2059 688 2122 οἱ
703 2057 739 2122 δὲ
756 2058 903 2124 δικασταὶ
917 2055 1027 2140 ώσπερ
1039 2058 1128 2144 έπςο-

178 2151 239 2239 δὴν
257 2149 279 2238 ἢ
298 2151 474 2235 άλλότριόν
490 2179 521 2219 τι
539 2161 673 2238 πράγμα
695 2151 903 2238 ἀκροώμενοι
922 2150 1006 2236 πρὸς
1028 2154 1126 2241 ἓτέρφ

8 2302 12 2307 -
178 2253 243 2320 τιυὶ
260 2249 323 2337 τὴν
339 2249 475 2337 γνώμην
493 2255 632 2334 ἔχουσιν.
655 2248 718 2336 ἤδη
738 2247 771 2317 δ’
788 2253 824 2317 ἐκ
843 2257 910 2317 τών
922 2258 1048 2336 τεχνών
1059 2258 1127 2317 τών
1149 2268 1170 2317 Γ

1 2365 2 2370 ’
106 2361 158 2416 ⁶83
178 2350 419 2435 Δημοσθένους
438 2347 574 2436 αἰσχρόν
591 2353 670 2427 ἔθος
688 2352 724 2418 έν
741 2364 808 2428 τοῖς
824 2353 1045 2435 δικαστηρίοις
1062 2376 1127 2416 πα-

177 2451 365 2533 ραδέχεσθε.
386 2448 619 2534 μετενήνεκται
635 2446 699 2533 γάρ
717 2445 797 2533 ὑμῖν
812 2447 853 2514 τά
869 2457 926 2535 τῆς
938 2449 1064 2527 πόλεως
1075 2452 1128 2516 δι’·

178 2572 269 2614 κατα
293 2543 384 2632 ὁμὲν
394 2545 458 2631 γάρ
470 2546 652 2632 κατήγορος
663 2544 887 2632 ἀπολογεῖται,
910 2545 928 2614 ὁ
942 2546 977 2614 δὲ
988 2546 1126 2632 φεύγων

177 2645 238 2731 τὴν
257 2642 391 2730 γραφὴν
408 2659 599 2730 κατηγορεῖ,
620 2648 655 2711 οἱ
670 2644 704 2712 δὲ
724 2649 872 2712 δικασταὶ
889 2649 993 2712 ἐνίοτε
1006 2636 1053 2710 ών
1065 2648 1127 2729 μέν

178 2752 240 2812 εἰσι
258 2745 364 2826 κριταὶ
380 2743 676 2828 ἐπιλανθάνονται,
698 2734 747 2810 ώυ
765 2741 796 2811 δ’
816 2742 878 2812 οὐκ
890 2746 951 2812 εἰσὶ
965 2749 1125 2830 δικασταὶ,

176 2842 249 2925 περὶ
260 2840 390 2907 τούτων
401 2838 640 2925 ἀναγκάζονται
651 2838 711 2927 την
722 2849 838 2927 ψῆφον
849 2847 973 2927 φέρειν.
991 2845 1077 2926 λέγει
1090 2843 1126 2909 δὲ

175 2938 359 3025 ὁφεύγων,
382 2935 426 3006 άν
437 2939 501 3023 άρα
519 2936 602 3006 ποθ’
619 2937 741 3025 άψηται
755 2947 817 3006 τοῦ
833 2939 1038 3025 πράγματος,
1065 2935 1127 3024 ούχ

176 3034 218 3116 ώς
230 3043 353 3123 ἔννομα
370 3038 554 3122 γέγραφεν,
577 3031 651 3106 ἄλλ’
672 3035 715 3118 ὡς
731 3036 793 3124 ἤδη
806 3041 884 3106 ποτὲ
895 3039 949 3104 καὶ
960 3038 1126 3123 πρότερον

175 3139 286 3224 ἕτερος
297 3143 432 3204 τοιαῦτα
443 3136 572 3222 γράψας
584 3135 762 3225 ἀπέφυγεν.
782 3137 837 3225 ἐφ’
850 3132 879 3230 ᾦ
888 3141 943 3207 καὶ
954 3141 1030 3207 νυνὶ
1042 3144 1126 3225 μέγα

174 3249 314 3319 φρονεῖν
330 3232 441 3302 α’κούω
458 3242 688 3323 Κτησιφῶντα.
712 3237 831 3324 ἐτόλμα
849 3237 881 3306 δ’
899 3243 936 3307 έν
952 3237 1032 3326 ὑμῖν
1043 3264 1124 3307 ποτε
1144 3257 1170 3310 1·

175 3332 403 3419 σεμνύνεσθαι
417 3331 621 3421 Ἀριστοφώυ
639 3338 761 3415 ἐκεῖνος
783 3334 799 3403 ὁ
821 3335 984 3423 Ἀζηυιεύς
1006 3339 1124 3423 λέγων,

174 3427 225 3496 ὅτι
245 3428 378 3517 γραφάς
404 3433 610 3519 παρανόμων
631 3438 797 3520 πέφευγεν
819 3436 1045 3521 ἑβδομήκοντα
1068 3439 1124 3504 καὶ
