2340 3916
55 197 86 246 p.
104 179 146 231 39.
271 178 360 231 ΠΕΡΙ
378 180 453 232 ΤΟΤ
471 181 624 232 ΠΤΡΡΟΤ
642 182 806 234 ΚΔΗΡΟΤ.
978 190 1018 252 33

133 345 188 432 Ὡς
205 353 267 441 μὲν
291 355 382 435 ἔδοξε
404 356 601 443 παραχρῆμα
625 348 729 433 εὐθύς
752 353 825 424 τότε
847 353 887 424 τίι
910 360 1019 444 ψευδῆ

55 456 266 542 μαρτυρῆσαι
277 451 482 542 Νικόδημος,
495 446 712 524 ἐπιδέδεικται
724 452 796 524 τότε
806 460 900 524 πᾶσι·
919 478 1017 547 προσ·

57 551 133 640 ήκει
157 553 195 623 δὲ
217 557 272 623 καλ
295 550 376 643 παρ’
394 549 476 643 ὑμῖν
496 559 565 634 τοῖς
588 556 665 641 περὶ
688 550 794 624 αὐτου
815 555 934 627 τούτου
956 554 1018 644 τὴν

58 659 160 741 δίκην
182 655 337 744 με’λλουσι
361 665 559 743 ψηφιεῖσθαι
584 658 794 743 ἐξελεχθῆναι
815 653 877 744 την
899 656 1019 726 τούτου

56 761 255 846 μαρτυρίαν.
284 758 439 844 ἐπιθυμῶ
456 755 495 824 δὲ
510 755 715 845 πρῶτονμὲν
731 758 807 843 περὶ
825 752 929 827 αὐτου
945 755 1018 827 τού·
1037 769 1053 820 8

56 882 119 924 του
143 858 330 943 πυθέσθαι,
354 851 398 943 ἦν
418 854 493 926 τινα
516 882 595 925 ποτε
617 854 738 946 προτκιί
759 878 863 945 φησιν
886 853 1020 937 ἐπιδοδς

59 958 219 1026 ἐκδοῦναι
241 953 303 1044 τὴν
325 951 475 1044 ἀδελφὴν
496 950 514 1025 ὁ
532 953 788 1046 μεμαρτυρηκοδς
810 960 857 1050 τῷ
877 955 937 1028 τδν
953 984 1019 1047 τρι·

56 1054 223 1127 τάλαντον
240 1057 332 1127 οἶκον
354 1060 558 1148 κεκτημένῳ,
584 1057 653 1126 εἶτα
676 1056 816 1148 πότερον
838 1054 858 1146 ἡ
878 1056 1019 1147 ἐγγυητὴ

57 1154 148 1245 γυνὴ
164 1153 302 1227 ἀπέλιπε
323 1155 382 1228 τδν
399 1154 507 1247 ἄνδρα
524 1160 629 1240 ζῶντα
651 1152 672 1246 ἢ
689 1157 944 1246 τελευτησαντος
961 1156 1019 1230 τδν

56 1254 213 1328 οἷκον’
171 1261 290 1347 αυτοῦ,
315 1259 370 1328 καί
388 1255 467 1347 παρ’
485 1254 564 1328 ὅτου
583 1256 809 1348 ἐκομίσατο
772 1287 834 1380 την
850 1263 907 1347 τῆς
924 1256 1019 1329 ἆδελ-

58 1360 127 1479 φης
145 1375 268 1482 προῖκα
281 1349 452 1481 οὖτος,π
413 1362 452 1428 ἐπ
454 1356 526 1447 ειδη
542 1356 778 1447 τετελευτηκώς
794 1349 867 1452 ἦν
856 1389 881 1429 ω
899 1388 1019 1450 μεμαρ·

56 1457 204 1547 τύρηκεν
225 1449 321 1540 οὗτος
345 1455 451 1547 αὐτὴν
475 1454 701 1579 ἑγγυησαι,
678 1488 699 1547 η
724 1466 756 1529 εί
775 1457 820 1549 μὴ
844 1464 1053 1550 ἐκομίζετο,9

56 1553 180 1629 ὁποίαν
199 1566 295 1648 δίκην
317 1568 411 1683 σίτου
434 1554 456 1647 ἢ
478 1563 536 1648 τῆς
559 1557 692 1650 προικδς
715 1556 816 1649 αὐτῆς
841 1564 876 1631 ἕν
895 1571 1019 1632 είκοσιν

59 1667 146 1730 ἔτεσι
163 1687 209 1754 πμ
199 1658 384 1750 ἔχοντι
349 1689 409 1731 τον
432 1661 436 1748 Ι
460 1663 583 1749 κλῆρον
601 1659 800 1731 δικάσασθαι
817 1656 1018 1750 ἠξίωσεν,
997 1690 1020 1780 η

61 1771 94 1830 εί
113 1789 174 1831 του
198 1757 388 1853 ἀνθρώπων
414 1764 564 1832 ἐναντίον
587 1764 778 1852 προσῆλθεν
804 1765 951 1849 ἐγκαλων
973 1766 1020 1856 τῷ

59 1860 253 1956 κληρονόμῳ
277 1865 418 1952 περὶ
375 1891 433 1950 της
456 1858 589 1951 προικδς
612 1865 670 1949 της
688 1857 833 1950 αδελφῆς
858 1865 894 1933 ἐν
910 1861 1017 1955 χρόνῳ

57 1983 216 2056 τοσουτῳ.
248 1971 330 2082 περί
349 1990 384 2032 τε
406 1953 468 2032 οὖν
491 1962 619 2033 τούτων
641 1957 791 2050 ἡδέως
770 1991 812 2033 αν
834 1971 1016 2053 πυθοίμην,

58 2060 79 2132 ὅ
94 2092 126 2133 τι
145 2060 220 2133 ποτ’
238 2092 281 2151 ην
297 2061 335 2133 τδ
353 2073 459 2134 αίτιον
475 2091 535 2133 του
523 2065 657 2184 μηδδη
673 2061 800 2133 τούτων
816 2068 1017 2152 γεγενῆσθαι

57 2166 201 2254 περὶ
159 2192 216 2253 της
239 2168 397 2286 ἐγγυητῆς
420 2159 480 2254 (ὥς
502 2191 750 2257 μεμαρτυρηκεν
772 2153 881 2254 ουτος)
904 2194 1017 2252 γυναι·

57 2263 137 2387 κη’ς,
166 2267 222 2334 καὶ
251 2261 332 2359 πρδς
354 2263 481 2344 τούτοις
512 2274 545 2333 εί
563 2292 612 2345 τις
638 2261 735 2346 αλλος
759 2262 922 2388 ἐγγηητην
945 2272 1018 2355 ἔσχε
1038 2287 1068 2337 1ss

57 2394 123 2454 την
140 2392 258 2435 τουτου
280 2361 431 2454 ἆδελφην
453 2381 611 2453 γυναικα,
636 2394 657 2453 η
680 2369 747 2434 τοῖν
764 2363 924 2456 πρότερον
943 2396 1017 2458 χρη-

57 2467 215 2555 σαμένων
238 2469 318 2551 πρὶν
340 2469 466 2553 γνῶναι
483 2461 541 2536 τδν
557 2460 717 2556 ἡμέτερον
738 2477 834 2536 θείου
853 2462 973 2553 αὐτήν,
997 2463 1018 2554 ἢ

56 2563 133 2636 ὅσοι
151 2569 279 2636 ἐκείνου
301 2565 541 2654 γιγνώσκοντος
565 2569 758 2654 ἐπλησίαζον
781 2562 881 2654 αὐτῇ,
905 2561 926 2652 ἢ
947 2562 1017 2636 ὅσοι

56 2663 201 2788 ὕστερον
223 2670 417 2755 ἐπλησίαζον
444 2663 711 2753 τετελευτηκότος
741 2669 882 2736 ἐκείνου
917 2669 1018 2752 δῆλον

56 2797 126 2857 γαρ
148 2795 198 2836 οτι
220 2765 279 2838 τδν
302 2763 406 2838 αυτδν
432 2765 555 2858 τρόπον
583 2795 600 2836 ο
589 2761 766 2854 αδελφδς
789 2795 894 2854 αυτην
916 2789 1017 2835 απασι

55 2885 131 2948 τοῖς
148 2866 382 2956 πλησιαζουσιν
400 2866 563 2938 ἐδεδώκει.
591 2857 708 2957 περὶ
681 2896 728 2936 ων
747 2895 761 2936 ε
764 2865 917 2954 ίδεησειε
935 2864 1015 2936 καθ’
1036 2887 1069 2938 11

58 2972 200 3039 ἕκαστον
219 2974 383 3057 διελθεῖν,
402 2964 464 3038 οὐκ
481 2997 524 3038 αν
536 2995 625 3038 πανυ
637 2966 756 3057 μικρὸν
768 2975 864 3057 ἔργον
879 2969 1014 3075 γέηοιτο

59 3067 122 3139 ἐαν
138 3058 264 3157 μὲν
222 3097 285 3140 ουν
306 3065 400 3160 ὑμεῖς
426 3067 596 3156 κελεύητε,
622 3071 697 3157 περὶ
717 3072 815 3138 ἐνίων
831 3076 1017 3189 μνησθείην

58 3165 104 3240 διν
129 3165 253 3240 αὐταῖν·
289 3177 321 3240 εί
343 3172 382 3242 δέ
401 3191 488 3240 τισιν
509 3197 604 3258 υμων
634 3164 775 3262 ἆηδὲς’
756 3195 892 3238 ακουειν
917 3168 1016 3256 ἐστίν,

60 3268 173 3360 ωσπερ
193 3274 262 3360 ἐμοὶ
280 3273 388 3359 λέγειν
404 3300 436 3340 τι
453 3272 528 3359 περὶ
545 3267 690 3358 τούτων,
709 3265 810 3349 αὐτὰς
826 3265 882 3348 τὰς
894 3297 1016 3359 μαρτυ-

60 3379 136 3461 ρίας
159 3365 240 3460 υμῖν
257 3374 434 3494 παρέξομαι
457 3399 514 3451 τας
538 3377 804 3461 μαρτυρηθείσας
828 3372 922 3438 ἐν
880 3396 920 3458 τη
939 3395 1016 3456 προ

59 3474 141 3562 τέρα
159 3478 196 3541 δί
181 3479 248 3562 ίκη,
267 3500 316 3542 ων
331 3468 471 3564 ουδεμιᾷ
489 3468 732 3558 ἐπισκήψασθαι
755 3466 899 3557 ηξίωσαν
916 3496 1017 3538 ουτοι.

113 3587 224 3638 Imus
846 3589 864 3648 3
