<?xml version="1.0" encoding="UTF-8"?>
<!DOCTYPE html PUBLIC "-//W3C//DTD XHTML 1.0 Transitional//EN"
    "http://www.w3.org/TR/xhtml1/DTD/xhtml1-transitional.dtd">
<html xmlns="http://www.w3.org/1999/xhtml" xml:lang="en" lang="en">
 <head>
  <title>
</title>
<meta http-equiv="Content-Type" content="text/html;charset=utf-8" />
  <meta name='ocr-system' content='tesseract 3.04.00' />
  <meta name='ocr-capabilities' content='ocr_page ocr_carea ocr_par ocr_line ocrx_word'/>
</head>
<body>
  <div class='ocr_page' id='page_1' title='image "./orationescumali00isaegoog/orationescumali00isaegoog_0183.png"; bbox 0 0 2340 3916; ppageno 0'>
   <div class='ocr_carea' id='block_1_1' title="bbox 155 202 1118 274">
    <p class='ocr_par' dir='ltr' id='par_1_1' title="bbox 155 202 1118 274">
     <span class='ocr_line' id='line_1_1' title="bbox 155 202 1118 274; baseline -0.008 -11"><span class='ocrx_word' id='word_1_1' title='bbox 155 210 216 274; x_wconf 80' lang='grc'><strong><em>132</em></strong></span> <span class='ocrx_word' id='word_1_2' title='bbox 568 203 697 254; x_wconf 67' lang='lat' dir='ltr'><strong><em>umor</em></strong></span> <span class='ocrx_word' id='word_1_3' title='bbox 814 235 818 246; x_wconf 82' lang='lat'><strong>·</strong></span> <span class='ocrx_word' id='word_1_4' title='bbox 1005 202 1056 253; x_wconf 64' lang='grc' dir='ltr'><strong><em>Οτι.</em></strong></span> <span class='ocrx_word' id='word_1_5' title='bbox 1078 203 1118 255; x_wconf 87' lang='grc'><strong><em>10.</em></strong></span> 
     </span>
    </p>
   </div>
   <div class='ocr_carea' id='block_1_2' title="bbox 156 368 1117 465">
    <p class='ocr_par' dir='ltr' id='par_1_2' title="bbox 156 368 1117 465">
     <span class='ocr_line' id='line_1_2' title="bbox 156 368 1117 465; baseline -0.002 -18"><span class='ocrx_word' id='word_1_6' title='bbox 156 382 188 461; x_wconf 80' lang='grc' dir='ltr'><strong><em>ἔξ</em></strong></span> <span class='ocrx_word' id='word_1_7' title='bbox 211 373 323 447; x_wconf 73' lang='grc' dir='ltr'><strong><em>αὐτοῖν</em></strong></span> <span class='ocrx_word' id='word_1_8' title='bbox 345 379 413 446; x_wconf 76' lang='grc' dir='ltr'><strong><em>των</em></strong></span> <span class='ocrx_word' id='word_1_9' title='bbox 430 373 543 465; x_wconf 87' lang='grc' dir='ltr'><strong><em>νόμων</em></strong></span> <span class='ocrx_word' id='word_1_10' title='bbox 564 379 686 456; x_wconf 74' lang='grc' dir='ltr'><strong><em>ίκανοὶς</em></strong></span> <span class='ocrx_word' id='word_1_11' title='bbox 708 368 852 464; x_wconf 78' lang='grc' dir='ltr'><strong><em>ήχοῦμαι</em></strong></span> <span class='ocrx_word' id='word_1_12' title='bbox 869 369 1117 464; x_wconf 76' lang='grc' dir='ltr'><strong><em>ἀποδεδεῖχθαι.</em></strong></span> 
     </span>
    </p>
   </div>
   <div class='ocr_carea' id='block_1_3' title="bbox 37 470 1153 3583">
    <p class='ocr_par' dir='ltr' id='par_1_3' title="bbox 155 470 1118 567">
     <span class='ocr_line' id='line_1_3' title="bbox 155 470 1118 567; baseline -0.002 -19"><span class='ocrx_word' id='word_1_13' title='bbox 155 474 242 548; x_wconf 73' lang='grc' dir='ltr'><strong><em>οὕτω</em></strong></span> <span class='ocrx_word' id='word_1_14' title='bbox 262 479 298 547; x_wconf 77' lang='grc' dir='ltr'><strong><em>δέ</em></strong></span> <span class='ocrx_word' id='word_1_15' title='bbox 316 480 370 549; x_wconf 83' lang='grc' dir='ltr'><strong><em>καὶ</em></strong></span> <span class='ocrx_word' id='word_1_16' title='bbox 388 474 515 557; x_wconf 81' lang='grc' dir='ltr'><strong><em>τούτοις</em></strong></span> <span class='ocrx_word' id='word_1_17' title='bbox 533 474 682 567; x_wconf 85' lang='grc' dir='ltr'><strong><em>φανερόν</em></strong></span> <span class='ocrx_word' id='word_1_18' title='bbox 702 479 791 546; x_wconf 90' lang='grc' dir='ltr'><strong><em>έστιν</em></strong></span> <span class='ocrx_word' id='word_1_19' title='bbox 808 470 858 545; x_wconf 82' lang='grc' dir='ltr'><strong><em>ὅτι</em></strong></span> <span class='ocrx_word' id='word_1_20' title='bbox 876 471 916 544; x_wconf 79' lang='grc' dir='ltr'><strong><em>οὐ</em></strong></span> <span class='ocrx_word' id='word_1_21' title='bbox 935 474 1118 564; x_wconf 89' lang='grc' dir='ltr'><strong><em>προσηκόν-</em></strong></span> 
     </span>
    </p>

    <p class='ocr_par' dir='ltr' id='par_1_4' title="bbox 50 571 1119 769">
     <span class='ocr_line' id='line_1_4' title="bbox 50 571 1118 668; baseline -0.006 -18"><span class='ocrx_word' id='word_1_22' title='bbox 50 636 52 641; x_wconf 84' lang='grc'><em>.</em></span> <span class='ocrx_word' id='word_1_23' title='bbox 154 607 219 659; x_wconf 91' lang='grc' dir='ltr'><strong><em>τως</em></strong></span> <span class='ocrx_word' id='word_1_24' title='bbox 238 585 348 668; x_wconf 82' lang='grc' dir='ltr'><strong><em>ἔχουσι</em></strong></span> <span class='ocrx_word' id='word_1_25' title='bbox 365 580 469 647; x_wconf 77' lang='grc' dir='ltr'><strong><em>ταῦτα</em></strong></span> <span class='ocrx_word' id='word_1_26' title='bbox 492 573 532 645; x_wconf 77' lang='grc' dir='ltr'><strong><em>τὰ</em></strong></span> <span class='ocrx_word' id='word_1_27' title='bbox 555 576 720 666; x_wconf 84' lang='grc' dir='ltr'><strong><em>χρήματα,</em></strong></span> <span class='ocrx_word' id='word_1_28' title='bbox 745 571 830 645; x_wconf 75' lang='grc' dir='ltr'><strong><em>ὥστε</em></strong></span> <span class='ocrx_word' id='word_1_29' title='bbox 846 571 908 644; x_wconf 81' lang='grc' dir='ltr'><strong><em>οὐκ</em></strong></span> <span class='ocrx_word' id='word_1_30' title='bbox 927 578 980 644; x_wconf 84' lang='grc' dir='ltr'><strong><em>έπὶ</em></strong></span> <span class='ocrx_word' id='word_1_31' title='bbox 997 579 1046 668; x_wconf 75' lang='grc' dir='ltr'><strong><em>τῷ</em></strong></span> <span class='ocrx_word' id='word_1_32' title='bbox 1070 581 1118 644; x_wconf 76' lang='grc' dir='ltr'><strong><em>δι-</em></strong></span> 
     </span>
     <span class='ocr_line' id='line_1_5' title="bbox 155 672 1119 769; baseline -0.005 -19"><span class='ocrx_word' id='word_1_33' title='bbox 155 687 257 760; x_wconf 88' lang='grc' dir='ltr'><strong><em>καίως</em></strong></span> <span class='ocrx_word' id='word_1_34' title='bbox 271 675 484 769; x_wconf 88' lang='grc' dir='ltr'><strong><em>Ἀρίσταρχον</em></strong></span> <span class='ocrx_word' id='word_1_35' title='bbox 502 681 698 767; x_wconf 73' lang='grc' dir='ltr'><strong><em>εἰσαχθῆναι</em></strong></span> <span class='ocrx_word' id='word_1_36' title='bbox 717 683 764 758; x_wconf 88' lang='grc' dir='ltr'><strong><em>είς</em></strong></span> <span class='ocrx_word' id='word_1_37' title='bbox 781 672 858 756; x_wconf 77' lang='grc' dir='ltr'><strong><em>τούς</em></strong></span> <span class='ocrx_word' id='word_1_38' title='bbox 875 674 1043 766; x_wconf 76' lang='grc' dir='ltr'><em>φράτορας</em></span> <span class='ocrx_word' id='word_1_39' title='bbox 1060 673 1119 746; x_wconf 82' lang='grc' dir='ltr'><strong><em>τὸν</em></strong></span> 
     </span>
    </p>

    <p class='ocr_par' dir='ltr' id='par_1_5' title="bbox 38 771 1153 1171">
     <span class='ocr_line' id='line_1_6' title="bbox 38 771 1118 869; baseline -0.005 -18"><span class='ocrx_word' id='word_1_40' title='bbox 38 803 41 808; x_wconf 85' lang='grc'><em>“</em></span> <span class='ocrx_word' id='word_1_41' title='bbox 155 779 255 869; x_wconf 76' lang='grc' dir='ltr'><strong><em>λόγον</em></strong></span> <span class='ocrx_word' id='word_1_42' title='bbox 278 783 452 850; x_wconf 77' lang='grc' dir='ltr'><strong><em>ποιοῦνται</em></strong></span> <span class='ocrx_word' id='word_1_43' title='bbox 475 776 579 867; x_wconf 88' lang='grc' dir='ltr'><strong><em>μόνον</em></strong></span> <span class='ocrx_word' id='word_1_44' title='bbox 602 774 685 846; x_wconf 79' lang='grc' dir='ltr'><strong><em>ἀλλά</em></strong></span> <span class='ocrx_word' id='word_1_45' title='bbox 708 780 763 848; x_wconf 84' lang='grc' dir='ltr'><strong><em>καὶ</em></strong></span> <span class='ocrx_word' id='word_1_46' title='bbox 788 782 884 863; x_wconf 79' lang='grc' dir='ltr'><strong><em>δίκην</em></strong></span> <span class='ocrx_word' id='word_1_47' title='bbox 907 779 1011 864; x_wconf 82' lang='grc' dir='ltr'><strong><em>φασὶν</em></strong></span> <span class='ocrx_word' id='word_1_48' title='bbox 1032 771 1118 866; x_wconf 76' lang='grc' dir='ltr'><strong><em>ὑπὲρ</em></strong></span> 
     </span>
     <span class='ocr_line' id='line_1_7' title="bbox 154 874 1153 974; baseline -0.006 -23"><span class='ocrx_word' id='word_1_49' title='bbox 154 879 284 951; x_wconf 81' lang='grc' dir='ltr'><strong><em>τούτων</em></strong></span> <span class='ocrx_word' id='word_1_50' title='bbox 300 883 368 951; x_wconf 79' lang='grc' dir='ltr'><strong><em>των</em></strong></span> <span class='ocrx_word' id='word_1_51' title='bbox 385 876 561 974; x_wconf 77' lang='grc' dir='ltr'><strong><em>χρημάτων</em></strong></span> <span class='ocrx_word' id='word_1_52' title='bbox 577 875 636 948; x_wconf 87' lang='grc' dir='ltr'><strong><em>τόν</em></strong></span> <span class='ocrx_word' id='word_1_53' title='bbox 653 881 778 969; x_wconf 80' lang='grc' dir='ltr'><strong><em>πατέρα</em></strong></span> <span class='ocrx_word' id='word_1_54' title='bbox 795 874 854 947; x_wconf 81' lang='grc' dir='ltr'><strong><em>τὸν</em></strong></span> <span class='ocrx_word' id='word_1_55' title='bbox 878 879 1007 946; x_wconf 79' lang='grc' dir='ltr'><strong><em>ἕαντῶν</em></strong></span> <span class='ocrx_word' id='word_1_56' title='bbox 1030 880 1118 949; x_wconf 86' lang='grc' dir='ltr'><strong><em>,έκτε-</em></strong></span> <span class='ocrx_word' id='word_1_57' title='bbox 1150 958 1153 969; x_wconf 37' lang='grc' dir='ltr'>Ι</span> 
     </span>
     <span class='ocr_line' id='line_1_8' title="bbox 154 974 1119 1070; baseline -0.004 -20"><span class='ocrx_word' id='word_1_58' title='bbox 154 985 337 1070; x_wconf 75' lang='grc' dir='ltr'><strong><em>τικέναι,“</em></strong></span> <span class='ocrx_word' id='word_1_59' title='bbox 322 1009 394 1069; x_wconf 85' lang='grc' dir='ltr'><strong><em>ινα,</em></strong></span> <span class='ocrx_word' id='word_1_60' title='bbox 419 1007 461 1049; x_wconf 95' lang='grc' dir='ltr'><strong><em>αν</em></strong></span> <span class='ocrx_word' id='word_1_61' title='bbox 484 976 528 1067; x_wconf 83' lang='grc' dir='ltr'><strong><em>μή</em></strong></span> <span class='ocrx_word' id='word_1_62' title='bbox 552 974 625 1047; x_wconf 88' lang='grc' dir='ltr'><strong><em>κατ’</em></strong></span> <span class='ocrx_word' id='word_1_63' title='bbox 657 981 785 1048; x_wconf 79' lang='grc' dir='ltr'><strong><em>ἐκεῖνον</em></strong></span> <span class='ocrx_word' id='word_1_64' title='bbox 815 983 950 1058; x_wconf 77' lang='grc' dir='ltr'><strong><em>δικαίως</em></strong></span> <span class='ocrx_word' id='word_1_65' title='bbox 975 981 1119 1047; x_wconf 75' lang='grc' dir='ltr'><strong><em>δοκοῖσιν</em></strong></span> 
     </span>
     <span class='ocr_line' id='line_1_9' title="bbox 156 1074 1119 1171; baseline -0.003 -20"><span class='ocrx_word' id='word_1_66' title='bbox 156 1088 260 1171; x_wconf 81' lang='grc' dir='ltr'><strong><em>ἔχειν,</em></strong></span> <span class='ocrx_word' id='word_1_67' title='bbox 283 1109 366 1150; x_wconf 88' lang='grc' dir='ltr'><strong><em>κατα</em></strong></span> <span class='ocrx_word' id='word_1_68' title='bbox 387 1106 426 1167; x_wconf 83' lang='grc' dir='ltr'><strong><em>χε</em></strong></span> <span class='ocrx_word' id='word_1_69' title='bbox 442 1083 545 1148; x_wconf 78' lang='grc' dir='ltr'><strong><em>ταῦτα</em></strong></span> <span class='ocrx_word' id='word_1_70' title='bbox 569 1076 703 1159; x_wconf 90' lang='grc' dir='ltr'><strong><em>είκότως</em></strong></span> <span class='ocrx_word' id='word_1_71' title='bbox 726 1080 894 1170; x_wconf 80' lang='grc' dir='ltr'><strong><em>προσῆκον</em></strong></span> <span class='ocrx_word' id='word_1_72' title='bbox 912 1074 1024 1158; x_wconf 79' lang='grc' dir='ltr'><strong><em>αὐτοῖς</em></strong></span> <span class='ocrx_word' id='word_1_73' title='bbox 1042 1085 1119 1166; x_wconf 84' lang='grc' dir='ltr'><strong><em>φαί-</em></strong></span> 
     </span>
    </p>

    <p class='ocr_par' dir='ltr' id='par_1_6' title="bbox 105 1173 1118 1371">
     <span class='ocr_line' id='line_1_10' title="bbox 105 1173 1118 1301; baseline -0.001 -52"><span class='ocrx_word' id='word_1_74' title='bbox 105 1199 137 1250; x_wconf 85' lang='grc'><strong><em>16</em></strong></span> <span class='ocrx_word' id='word_1_75' title='bbox 154 1210 258 1269; x_wconf 92' lang='grc' dir='ltr'><strong><em>νηται.</em></strong></span> <span class='ocrx_word' id='word_1_76' title='bbox 302 1175 437 1269; x_wconf 45' lang='grc' dir='ltr'><strong><em>ἐγωδᾎ</em></strong></span> <span class='ocrx_word' id='word_1_77' title='bbox 458 1209 484 1248; x_wconf 93' lang='grc' dir='ltr'><strong><em>ω</em></strong></span> <span class='ocrx_word' id='word_1_78' title='bbox 509 1175 695 1269; x_wconf 76' lang='grc' dir='ltr'><strong><em>ανδρες,</em></strong></span> <span class='ocrx_word' id='word_1_79' title='bbox 676 1191 727 1249; x_wconf 86' lang='grc' dir='ltr'><strong><em>οτι</em></strong></span> <span class='ocrx_word' id='word_1_80' title='bbox 756 1175 818 1249; x_wconf 79' lang='grc' dir='ltr'><strong><em>οὐκ</em></strong></span> <span class='ocrx_word' id='word_1_81' title='bbox 840 1173 952 1266; x_wconf 84' lang='grc' dir='ltr'><strong><em>αληθή</em></strong></span> <span class='ocrx_word' id='word_1_82' title='bbox 973 1181 1118 1301; x_wconf 83' lang='grc' dir='ltr'><strong><em>λέχονσι,</em></strong></span> 
     </span>
     <span class='ocr_line' id='line_1_11' title="bbox 155 1269 1119 1402; baseline -0.003 -51"><span class='ocrx_word' id='word_1_83' title='bbox 155 1280 308 1370; x_wconf 83' lang='grc' dir='ltr'><strong><em>μεγαλοις</em></strong></span> <span class='ocrx_word' id='word_1_84' title='bbox 325 1276 411 1370; x_wconf 78' lang='grc' dir='ltr'><strong><em>ὑμᾶς</em></strong></span> <span class='ocrx_word' id='word_1_85' title='bbox 428 1287 613 1371; x_wconf 80' lang='grc' dir='ltr'><strong><em>τεκμηρίοις</em></strong></span> <span class='ocrx_word' id='word_1_86' title='bbox 632 1273 763 1375; x_wconf 78' lang='grc' dir='ltr'><strong><em>διδάξω.</em></strong></span> <span class='ocrx_word' id='word_1_87' title='bbox 795 1287 826 1349; x_wconf 89' lang='grc' dir='ltr'><strong><em>εί</em></strong></span> <span class='ocrx_word' id='word_1_88' title='bbox 840 1307 904 1370; x_wconf 83' lang='grc' dir='ltr'><strong><em>γαρ</em></strong></span> <span class='ocrx_word' id='word_1_89' title='bbox 921 1269 981 1368; x_wconf 85' lang='grc' dir='ltr'><strong><em>ήν,</em></strong></span> <span class='ocrx_word' id='word_1_90' title='bbox 994 1274 1044 1402; x_wconf 69' lang='grc' dir='ltr'><strong><em>ρὸς</em></strong></span> <span class='ocrx_word' id='word_1_91' title='bbox 1063 1307 1119 1349; x_wconf 90' lang='grc' dir='ltr'><strong><em>ου-</em></strong></span> 
     </span>
    </p>

    <p class='ocr_par' dir='ltr' id='par_1_7' title="bbox 64 1371 1120 1976">
     <span class='ocr_line' id='line_1_12' title="bbox 64 1371 1120 1472; baseline -0.002 -21"><span class='ocrx_word' id='word_1_92' title='bbox 64 1464 68 1472; x_wconf 29' lang='grc'>.</span> <span class='ocrx_word' id='word_1_93' title='bbox 155 1410 205 1452; x_wconf 92' lang='grc' dir='ltr'><strong><em>τοι</em></strong></span> <span class='ocrx_word' id='word_1_94' title='bbox 223 1376 433 1471; x_wconf 81' lang='grc' dir='ltr'><strong><em>λέγουσιν,</em></strong></span> <span class='ocrx_word' id='word_1_95' title='bbox 413 1379 585 1472; x_wconf 86' lang='grc' dir='ltr'><strong><em>νπόχρεως</em></strong></span> <span class='ocrx_word' id='word_1_96' title='bbox 597 1371 694 1462; x_wconf 82' lang='grc' dir='ltr'><strong><em>οὗτος</em></strong></span> <span class='ocrx_word' id='word_1_97' title='bbox 711 1375 878 1471; x_wconf 82' lang='grc' dir='ltr'><strong><em>ὁκλήρος,</em></strong></span> <span class='ocrx_word' id='word_1_98' title='bbox 895 1376 968 1449; x_wconf 88' lang='grc' dir='ltr'><strong><em>οντ’</em></strong></span> <span class='ocrx_word' id='word_1_99' title='bbox 987 1374 1030 1449; x_wconf 75' lang='grc' dir='ltr'><strong><em>ἂν</em></strong></span> <span class='ocrx_word' id='word_1_100' title='bbox 1040 1378 1120 1470; x_wconf 91' lang='grc' dir='ltr'><strong><em>χρή-</em></strong></span> 
     </span>
     <span class='ocr_line' id='line_1_13' title="bbox 155 1476 1119 1606; baseline -0.002 -54"><span class='ocrx_word' id='word_1_101' title='bbox 155 1511 241 1570; x_wconf 84' lang='grc' dir='ltr'><strong><em>ματα</em></strong></span> <span class='ocrx_word' id='word_1_102' title='bbox 274 1510 366 1552; x_wconf 86' lang='grc' dir='ltr'><strong><em>οντοι</em></strong></span> <span class='ocrx_word' id='word_1_103' title='bbox 400 1477 487 1606; x_wconf 68' lang='grc' dir='ltr'><strong><em>νπὲρ</em></strong></span> <span class='ocrx_word' id='word_1_104' title='bbox 521 1509 632 1550; x_wconf 90' lang='grc' dir='ltr'><strong><em>αντων</em></strong></span> <span class='ocrx_word' id='word_1_105' title='bbox 662 1483 806 1564; x_wconf 72' lang='grc' dir='ltr'><strong><em>ἐξέτινον</em></strong></span> <span class='ocrx_word' id='word_1_106' title='bbox 841 1476 897 1569; x_wconf 79' lang='grc' dir='ltr'><strong><em>(οὐ</em></strong></span> <span class='ocrx_word' id='word_1_107' title='bbox 927 1509 990 1570; x_wconf 81' lang='grc' dir='ltr'><strong><em>γαρ</em></strong></span> <span class='ocrx_word' id='word_1_108' title='bbox 1018 1502 1119 1571; x_wconf 89' lang='grc' dir='ltr'><strong><em>προσ-</em></strong></span> 
     </span>
     <span class='ocr_line' id='line_1_14' title="bbox 155 1577 1118 1706; baseline -0.004 -53"><span class='ocrx_word' id='word_1_109' title='bbox 155 1587 237 1706; x_wconf 79' lang='grc' dir='ltr'><strong><em>ήκρν</em></strong></span> <span class='ocrx_word' id='word_1_110' title='bbox 256 1579 386 1671; x_wconf 73' lang='grc' dir='ltr'><strong><em>αὐτοῖς,</em></strong></span> <span class='ocrx_word' id='word_1_111' title='bbox 409 1578 484 1651; x_wconf 75' lang='grc' dir='ltr'><strong><em>ἀλλ’</em></strong></span> <span class='ocrx_word' id='word_1_112' title='bbox 503 1577 553 1662; x_wconf 86' lang='grc' dir='ltr'><strong><em>οἷς</em></strong></span> <span class='ocrx_word' id='word_1_113' title='bbox 572 1577 735 1670; x_wconf 78' lang='grc' dir='ltr'><strong><em>ἐγένετο</em></strong></span> <span class='ocrx_word' id='word_1_114' title='bbox 717 1610 738 1703; x_wconf 88' lang='grc' dir='ltr'><strong><em>η</em></strong></span> <span class='ocrx_word' id='word_1_115' title='bbox 758 1578 817 1699; x_wconf 81' lang='grc' dir='ltr'><strong><em>ἐμή</em></strong></span> <span class='ocrx_word' id='word_1_116' title='bbox 834 1579 999 1670; x_wconf 88' lang='grc' dir='ltr'><strong><em>μήτηρπ</em></strong></span> <span class='ocrx_word' id='word_1_117' title='bbox 960 1585 1015 1650; x_wconf 84' lang='grc' dir='ltr'><strong><em>ἐπί</em></strong></span> <span class='ocrx_word' id='word_1_118' title='bbox 1001 1586 1118 1670; x_wconf 75' lang='grc' dir='ltr'><strong><em>ίδικος,</em></strong></span> 
     </span>
     <span class='ocr_line' id='line_1_15' title="bbox 154 1673 1119 1812; baseline -0.002 -60"><span class='ocrx_word' id='word_1_119' title='bbox 154 1711 282 1764; x_wconf 90' lang='grc' dir='ltr'><strong><em>τοντοις</em></strong></span> <span class='ocrx_word' id='word_1_120' title='bbox 311 1679 492 1780; x_wconf 73' lang='grc' dir='ltr'><strong><em>ἀναγκαῖον</em></strong></span> <span class='ocrx_word' id='word_1_121' title='bbox 514 1673 557 1770; x_wconf 79' lang='grc' dir='ltr'><strong><em>ἦν</em></strong></span> <span class='ocrx_word' id='word_1_122' title='bbox 580 1677 665 1772; x_wconf 71' lang='grc' dir='ltr'><strong><em>ὑπὲρ</em></strong></span> <span class='ocrx_word' id='word_1_123' title='bbox 694 1679 806 1752; x_wconf 84' lang='grc' dir='ltr'><strong><em>αντων</em></strong></span> <span class='ocrx_word' id='word_1_124' title='bbox 840 1679 1119 1812; x_wconf 66' lang='grc' dir='ltr'><strong><em>βουλεύσασθαι),</em></strong></span> 
     </span>
     <span class='ocr_line' id='line_1_16' title="bbox 155 1778 1119 1873; baseline -0.002 -19"><span class='ocrx_word' id='word_1_125' title='bbox 155 1812 233 1854; x_wconf 88' lang='grc' dir='ltr'><strong><em>ουτε</em></strong></span> <span class='ocrx_word' id='word_1_126' title='bbox 250 1813 293 1855; x_wconf 95' lang='grc' dir='ltr'><strong><em>αν</em></strong></span> <span class='ocrx_word' id='word_1_127' title='bbox 311 1790 500 1854; x_wconf 87' lang='grc' dir='ltr'><strong><em>είσεποίονν</em></strong></span> <span class='ocrx_word' id='word_1_128' title='bbox 518 1790 565 1864; x_wconf 86' lang='grc' dir='ltr'><strong><em>είς</em></strong></span> <span class='ocrx_word' id='word_1_129' title='bbox 587 1786 707 1853; x_wconf 82' lang='grc' dir='ltr'><strong><em>τοῦτον</em></strong></span> <span class='ocrx_word' id='word_1_130' title='bbox 723 1780 782 1853; x_wconf 82' lang='grc' dir='ltr'><strong><em>τὸν</em></strong></span> <span class='ocrx_word' id='word_1_131' title='bbox 798 1785 921 1873; x_wconf 87' lang='grc' dir='ltr'><strong><em>κλήρον</em></strong></span> <span class='ocrx_word' id='word_1_132' title='bbox 943 1779 1020 1852; x_wconf 83' lang='grc' dir='ltr'><strong><em>νίόν</em></strong></span> <span class='ocrx_word' id='word_1_133' title='bbox 1035 1778 1119 1871; x_wconf 87' lang='grc' dir='ltr'><strong><em>Ἀρι-</em></strong></span> 
     </span>
     <span class='ocr_line' id='line_1_17' title="bbox 156 1879 1119 2011; baseline -0.001 -58"><span class='ocrx_word' id='word_1_134' title='bbox 156 1883 301 2007; x_wconf 79' lang='grc' dir='ltr'><strong><em>σταρχχο,</em></strong></span> <span class='ocrx_word' id='word_1_135' title='bbox 324 1887 500 1982; x_wconf 76' lang='grc' dir='ltr'><strong><em>μέλλοντες</em></strong></span> <span class='ocrx_word' id='word_1_136' title='bbox 522 1879 803 2011; x_wconf 73' lang='grc' dir='ltr'><strong><em>ὠφεληθήσεσθαι</em></strong></span> <span class='ocrx_word' id='word_1_137' title='bbox 826 1884 888 1971; x_wconf 74' lang='grc' dir='ltr'><strong><em>μέν</em></strong></span> <span class='ocrx_word' id='word_1_138' title='bbox 917 1885 1040 1972; x_wconf 80' lang='grc' dir='ltr'><strong><em>μηδέν,</em></strong></span> <span class='ocrx_word' id='word_1_139' title='bbox 1068 1891 1119 1971; x_wconf 80' lang='grc' dir='ltr'><strong><em>ζη-</em></strong></span> 
     </span>
    </p>

    <p class='ocr_par' dir='ltr' id='par_1_8' title="bbox 105 1979 1120 2175">
     <span class='ocr_line' id='line_1_18' title="bbox 105 1979 1120 2112; baseline -0.007 -54"><span class='ocrx_word' id='word_1_140' title='bbox 105 2005 137 2058; x_wconf 82' lang='grc'><strong><em>17</em></strong></span> <span class='ocrx_word' id='word_1_141' title='bbox 155 1985 388 2106; x_wconf 87' lang='grc' dir='ltr'><strong><em>μιωθήσεσθαι</em></strong></span> <span class='ocrx_word' id='word_1_142' title='bbox 418 1984 457 2053; x_wconf 73' lang='grc' dir='ltr'><strong><em>δὲ</em></strong></span> <span class='ocrx_word' id='word_1_143' title='bbox 479 1982 614 2072; x_wconf 78' lang='grc' dir='ltr'><strong><em>μεγαλα</em></strong></span> <span class='ocrx_word' id='word_1_144' title='bbox 655 1979 677 2071; x_wconf 86' lang='grc' dir='ltr'><strong><em>ή</em></strong></span> <span class='ocrx_word' id='word_1_145' title='bbox 702 1987 807 2112; x_wconf 69' lang='grc' dir='ltr'><strong><em>ἕτεροι</em></strong></span> <span class='ocrx_word' id='word_1_146' title='bbox 831 1986 909 2072; x_wconf 86' lang='grc' dir='ltr'><strong><em>μέν,</em></strong></span> <span class='ocrx_word' id='word_1_147' title='bbox 939 1981 1019 2054; x_wconf 74' lang='grc' dir='ltr'><strong><em>ὅταν</em></strong></span> <span class='ocrx_word' id='word_1_148' title='bbox 1042 1987 1120 2073; x_wconf 82' lang='grc' dir='ltr'><strong><em>περὶ</em></strong></span> 
     </span>
     <span class='ocr_line' id='line_1_19' title="bbox 155 2080 1119 2175; baseline -0.001 -22"><span class='ocrx_word' id='word_1_149' title='bbox 155 2113 332 2174; x_wconf 86' lang='grc' dir='ltr'><strong><em>χρηματων</em></strong></span> <span class='ocrx_word' id='word_1_150' title='bbox 351 2088 554 2173; x_wconf 76' lang='grc' dir='ltr'><strong><em>δνστνχωσι,</em></strong></span> <span class='ocrx_word' id='word_1_151' title='bbox 573 2113 651 2165; x_wconf 87' lang='grc' dir='ltr'><strong><em>τονς</em></strong></span> <span class='ocrx_word' id='word_1_152' title='bbox 669 2087 849 2175; x_wconf 82' lang='grc' dir='ltr'><strong><em>σφετέρους</em></strong></span> <span class='ocrx_word' id='word_1_153' title='bbox 867 2080 979 2155; x_wconf 79' lang='grc' dir='ltr'><strong><em>αντων</em></strong></span> <span class='ocrx_word' id='word_1_154' title='bbox 996 2089 1119 2164; x_wconf 75' lang='grc' dir='ltr'><strong><em>παῖδας</em></strong></span> 
     </span>
    </p>

    <p class='ocr_par' dir='ltr' id='par_1_9' title="bbox 156 2182 1119 2306">
     <span class='ocr_line' id='line_1_20' title="bbox 156 2182 1119 2306; baseline -0.001 -51.982"><span class='ocrx_word' id='word_1_155' title='bbox 156 2187 244 2265; x_wconf 87' lang='grc' dir='ltr'><strong><em>είς</em></strong></span> <span class='ocrx_word' id='word_1_156' title='bbox 227 2189 359 2302; x_wconf 83' lang='grc' dir='ltr'><strong><em>ετέρονς</em></strong></span> <span class='ocrx_word' id='word_1_157' title='bbox 390 2193 502 2264; x_wconf 85' lang='grc' dir='ltr'><strong><em>οίκονς</em></strong></span> <span class='ocrx_word' id='word_1_158' title='bbox 527 2188 796 2306; x_wconf 79' lang='grc' dir='ltr'><strong><em>είσποιοῦσιν,“</em></strong></span> <span class='ocrx_word' id='word_1_159' title='bbox 781 2214 837 2255; x_wconf 92' lang='grc' dir='ltr'><strong><em>ινα</em></strong></span> <span class='ocrx_word' id='word_1_160' title='bbox 865 2182 910 2274; x_wconf 88' lang='grc' dir='ltr'><strong><em>μή</em></strong></span> <span class='ocrx_word' id='word_1_161' title='bbox 933 2183 1119 2274; x_wconf 78' lang='grc' dir='ltr'><strong><em>μετάσχωσι</em></strong></span> 
     </span>
    </p>

    <p class='ocr_par' dir='ltr' id='par_1_10' title="bbox 94 2273 1118 2878">
     <span class='ocr_line' id='line_1_21' title="bbox 94 2273 1118 2408; baseline 0.001 -54"><span class='ocrx_word' id='word_1_162' title='bbox 94 2296 96 2301; x_wconf 76' lang='grc'><strong>’</strong></span> <span class='ocrx_word' id='word_1_163' title='bbox 153 2288 212 2408; x_wconf 82' lang='grc' dir='ltr'><strong><em>τής</em></strong></span> <span class='ocrx_word' id='word_1_164' title='bbox 235 2288 295 2354; x_wconf 79' lang='grc' dir='ltr'><strong><em>τού</em></strong></span> <span class='ocrx_word' id='word_1_165' title='bbox 312 2311 435 2375; x_wconf 88' lang='grc' dir='ltr'><strong><em>πατρος</em></strong></span> <span class='ocrx_word' id='word_1_166' title='bbox 452 2280 598 2373; x_wconf 78' lang='grc' dir='ltr'><strong><em>ἀτιμίας</em></strong></span> <span class='ocrx_word' id='word_1_167' title='bbox 624 2273 715 2355; x_wconf 76' lang='grc' dir='ltr'><strong><em>οὗτοι</em></strong></span> <span class='ocrx_word' id='word_1_168' title='bbox 734 2283 811 2354; x_wconf 55' lang='lat' dir='ltr'><strong><em>&amp;W</em></strong></span> <span class='ocrx_word' id='word_1_169' title='bbox 790 2314 855 2377; x_wconf 93' lang='grc' dir='ltr'><strong><em>αρα</em></strong></span> <span class='ocrx_word' id='word_1_170' title='bbox 878 2280 962 2366; x_wconf 64' lang='grc' dir='ltr'><strong><em>εἰς’</em></strong></span> <span class='ocrx_word' id='word_1_171' title='bbox 942 2284 1118 2376; x_wconf 90' lang='grc' dir='ltr'><strong><em>νπόχρεων</em></strong></span> 
     </span>
     <span class='ocr_line' id='line_1_22' title="bbox 154 2382 1118 2475; baseline -0.002 -20"><span class='ocrx_word' id='word_1_172' title='bbox 154 2382 235 2455; x_wconf 92' lang='grc' dir='ltr'><strong><em>ονσί</em></strong></span> <span class='ocrx_word' id='word_1_173' title='bbox 233 2414 275 2455; x_wconf 93' lang='grc' dir='ltr'><strong><em>αν</em></strong></span> <span class='ocrx_word' id='word_1_174' title='bbox 220 2387 354 2455; x_wconf 82' lang='grc' dir='ltr'><strong><em>ίκαί</em></strong></span> <span class='ocrx_word' id='word_1_175' title='bbox 377 2384 526 2455; x_wconf 77' lang='grc' dir='ltr'><strong><em>οἶκονί</em></strong></span> <span class='ocrx_word' id='word_1_176' title='bbox 495 2391 683 2455; x_wconf 87' lang='grc' dir='ltr'><strong><em>είσεποίονν</em></strong></span> <span class='ocrx_word' id='word_1_177' title='bbox 705 2389 791 2475; x_wconf 78' lang='grc' dir='ltr'><strong><em>σφᾶς</em></strong></span> <span class='ocrx_word' id='word_1_178' title='bbox 814 2383 952 2475; x_wconf 79' lang='grc' dir='ltr'><strong><em>αὐτούς,</em></strong></span> <span class='ocrx_word' id='word_1_179' title='bbox 976 2392 1034 2457; x_wconf 91' lang='grc' dir='ltr'><strong><em>ινα</em></strong></span> <span class='ocrx_word' id='word_1_180' title='bbox 1062 2388 1118 2455; x_wconf 80' lang='grc' dir='ltr'><strong><em>καὶ</em></strong></span> 
     </span>
     <span class='ocr_line' id='line_1_23' title="bbox 155 2482 1116 2578; baseline -0.002 -22"><span class='ocrx_word' id='word_1_181' title='bbox 155 2515 196 2556; x_wconf 91' lang='grc' dir='ltr'><strong><em>τα</em></strong></span> <span class='ocrx_word' id='word_1_182' title='bbox 211 2513 403 2578; x_wconf 90' lang='grc' dir='ltr'><strong><em>νπαρχοντα</em></strong></span> <span class='ocrx_word' id='word_1_183' title='bbox 420 2488 718 2574; x_wconf 80' lang='grc' dir='ltr'><strong><em>προσαπολέσειαν;</em></strong></span> <span class='ocrx_word' id='word_1_184' title='bbox 742 2514 804 2556; x_wconf 93' lang='grc' dir='ltr'><strong><em>ονκ</em></strong></span> <span class='ocrx_word' id='word_1_185' title='bbox 828 2495 895 2557; x_wconf 79' lang='grc' dir='ltr'><strong><em>ἔστι</em></strong></span> <span class='ocrx_word' id='word_1_186' title='bbox 912 2516 1028 2576; x_wconf 78' lang='grc' dir='ltr'><strong><em>ταντα,</em></strong></span> <span class='ocrx_word' id='word_1_187' title='bbox 1047 2482 1116 2556; x_wconf 90' lang='grc' dir='ltr'><strong><em>αλλ’</em></strong></span> 
     </span>
     <span class='ocr_line' id='line_1_24' title="bbox 156 2577 1118 2711; baseline 0 -55"><span class='ocrx_word' id='word_1_188' title='bbox 156 2582 252 2676; x_wconf 72' lang='grc' dir='ltr'><strong><em>ὁμὲν</em></strong></span> <span class='ocrx_word' id='word_1_189' title='bbox 269 2590 389 2711; x_wconf 82' lang='grc' dir='ltr'><strong><em>κλῆρος</em></strong></span> <span class='ocrx_word' id='word_1_190' title='bbox 408 2577 630 2676; x_wconf 77' lang='grc' dir='ltr'><strong><em>ἐλεύθερος</em></strong></span> <span class='ocrx_word' id='word_1_191' title='bbox 608 2615 650 2674; x_wconf 92' lang='grc' dir='ltr'><strong><em>ην</em></strong></span> <span class='ocrx_word' id='word_1_192' title='bbox 667 2589 781 2657; x_wconf 81' lang='grc' dir='ltr'><strong><em>καί</em></strong></span> <span class='ocrx_word' id='word_1_193' title='bbox 739 2616 797 2675; x_wconf 91' lang='grc' dir='ltr'><strong><em>της</em></strong></span> <span class='ocrx_word' id='word_1_194' title='bbox 815 2591 893 2677; x_wconf 83' lang='grc' dir='ltr'><strong><em>έμής</em></strong></span> <span class='ocrx_word' id='word_1_195' title='bbox 910 2584 1031 2677; x_wconf 79' lang='grc' dir='ltr'><strong><em>μητρὸς</em></strong></span> <span class='ocrx_word' id='word_1_196' title='bbox 1051 2589 1118 2676; x_wconf 80' lang='grc' dir='ltr'><strong><em>έχέ-</em></strong></span> 
     </span>
     <span class='ocr_line' id='line_1_25' title="bbox 154 2684 1118 2810; baseline 0.001 -53"><span class='ocrx_word' id='word_1_197' title='bbox 154 2716 246 2777; x_wconf 83' lang='grc' dir='ltr'><strong><em>νετο,</em></strong></span> <span class='ocrx_word' id='word_1_198' title='bbox 270 2716 361 2757; x_wconf 89' lang='grc' dir='ltr'><strong><em>ουτοι</em></strong></span> <span class='ocrx_word' id='word_1_199' title='bbox 387 2689 424 2757; x_wconf 77' lang='grc' dir='ltr'><strong><em>δὲ</em></strong></span> <span class='ocrx_word' id='word_1_200' title='bbox 449 2691 772 2810; x_wconf 79' lang='grc' dir='ltr'><strong><em>φιλοχρηματοῦντες</em></strong></span> <span class='ocrx_word' id='word_1_201' title='bbox 800 2691 855 2757; x_wconf 82' lang='grc' dir='ltr'><strong><em>καὶ</em></strong></span> <span class='ocrx_word' id='word_1_202' title='bbox 885 2684 1057 2775; x_wconf 83' lang='grc' dir='ltr'><strong><em>έκείνην’</em></strong></span> <span class='ocrx_word' id='word_1_203' title='bbox 1038 2715 1118 2758; x_wconf 88' lang='grc' dir='ltr'><strong><em>απο-</em></strong></span> 
     </span>
     <span class='ocr_line' id='line_1_26' title="bbox 157 2787 873 2910; baseline 0.003 -54"><span class='ocrx_word' id='word_1_204' title='bbox 157 2791 362 2910; x_wconf 84' lang='grc' dir='ltr'><strong><em>στεροῦντες</em></strong></span> <span class='ocrx_word' id='word_1_205' title='bbox 368 2816 474 2857; x_wconf 89' lang='grc' dir='ltr'><strong><em>ταντα</em></strong></span> <span class='ocrx_word' id='word_1_206' title='bbox 491 2814 600 2858; x_wconf 83' lang='grc' dir='ltr'><strong><em>ταντα</em></strong></span> <span class='ocrx_word' id='word_1_207' title='bbox 587 2787 873 2910; x_wconf 81' lang='grc' dir='ltr'><strong><em>ἐμηχανήσαντο.</em></strong></span> 
     </span>
    </p>

    <p class='ocr_par' dir='ltr' id='par_1_11' title="bbox 104 2885 1119 3380">
     <span class='ocr_line' id='line_1_27' title="bbox 104 2885 1119 2980; baseline 0.006 -28"><span class='ocrx_word' id='word_1_208' title='bbox 104 2900 138 2953; x_wconf 84' lang='grc'><strong><em>18</em></strong></span> <span class='ocrx_word' id='word_1_209' title='bbox 193 2885 291 2968; x_wconf 82' lang='grc' dir='ltr'><strong><em>Ἴσως</em></strong></span> <span class='ocrx_word' id='word_1_210' title='bbox 318 2915 382 2958; x_wconf 89' lang='grc' dir='ltr'><strong><em>ονν</em></strong></span> <span class='ocrx_word' id='word_1_211' title='bbox 410 2916 452 2958; x_wconf 92' lang='grc' dir='ltr'><strong><em>αν</em></strong></span> <span class='ocrx_word' id='word_1_212' title='bbox 474 2917 541 2977; x_wconf 83' lang='grc' dir='ltr'><strong><em>τις,</em></strong></span> <span class='ocrx_word' id='word_1_213' title='bbox 573 2917 598 2957; x_wconf 93' lang='grc' dir='ltr'><strong><em>ω</em></strong></span> <span class='ocrx_word' id='word_1_214' title='bbox 622 2886 759 2980; x_wconf 75' lang='grc' dir='ltr'><strong><em>ανδρες,</em></strong></span> <span class='ocrx_word' id='word_1_215' title='bbox 788 2886 845 2959; x_wconf 79' lang='grc' dir='ltr'><strong><em>τὸν</em></strong></span> <span class='ocrx_word' id='word_1_216' title='bbox 873 2887 994 2980; x_wconf 90' lang='grc' dir='ltr'><strong><em>χρόνον</em></strong></span> <span class='ocrx_word' id='word_1_217' title='bbox 1022 2917 1119 2977; x_wconf 87' lang='grc' dir='ltr'><strong><em>νμων</em></strong></span> 
     </span>
     <span class='ocr_line' id='line_1_28' title="bbox 154 2986 1119 3118; baseline 0 -61"><span class='ocrx_word' id='word_1_218' title='bbox 154 2986 357 3077; x_wconf 81' lang='grc' dir='ltr'><strong><em>θανμασειε,</em></strong></span> <span class='ocrx_word' id='word_1_219' title='bbox 376 3015 446 3069; x_wconf 87' lang='grc' dir='ltr'><strong><em>πως</em></strong></span> <span class='ocrx_word' id='word_1_220' title='bbox 464 3015 544 3059; x_wconf 88' lang='grc' dir='ltr'><strong><em>ποτε</em></strong></span> <span class='ocrx_word' id='word_1_221' title='bbox 557 2986 717 3060; x_wconf 77' lang='grc' dir='ltr'><strong><em>πολνν“</em></strong></span> <span class='ocrx_word' id='word_1_222' title='bbox 675 3018 781 3114; x_wconf 80' lang='grc' dir='ltr'><strong><em>ρντως</em></strong></span> <span class='ocrx_word' id='word_1_223' title='bbox 796 3018 811 3059; x_wconf 88' lang='grc' dir='ltr'><strong><em>ε</em></strong></span> <span class='ocrx_word' id='word_1_224' title='bbox 813 2988 952 3118; x_wconf 74' lang='grc' dir='ltr'><strong><em>ίήσαμεν</em></strong></span> <span class='ocrx_word' id='word_1_225' title='bbox 969 2986 1058 3058; x_wconf 72' lang='grc' dir='ltr'><strong><em>μαλ’</em></strong></span> <span class='ocrx_word' id='word_1_226' title='bbox 1039 3016 1119 3058; x_wconf 88' lang='grc' dir='ltr'><strong><em>απο-</em></strong></span> 
     </span>
     <span class='ocr_line' id='line_1_29' title="bbox 155 3086 1118 3181; baseline 0.002 -25"><span class='ocrx_word' id='word_1_227' title='bbox 155 3087 368 3179; x_wconf 82' lang='grc' dir='ltr'><strong><em>στερούμενοι</em></strong></span> <span class='ocrx_word' id='word_1_228' title='bbox 391 3118 453 3160; x_wconf 90' lang='grc' dir='ltr'><strong><em>ονκ</em></strong></span> <span class='ocrx_word' id='word_1_229' title='bbox 469 3118 554 3181; x_wconf 83' lang='grc' dir='ltr'><strong><em>ημεν</em></strong></span> <span class='ocrx_word' id='word_1_230' title='bbox 573 3086 624 3161; x_wconf 80' lang='grc' dir='ltr'><strong><em>ἐπ’</em></strong></span> <span class='ocrx_word' id='word_1_231' title='bbox 644 3087 743 3179; x_wconf 83' lang='grc' dir='ltr'><strong><em>αντά,</em></strong></span> <span class='ocrx_word' id='word_1_232' title='bbox 768 3086 851 3160; x_wconf 84' lang='grc' dir='ltr'><strong><em>ἄλλα</em></strong></span> <span class='ocrx_word' id='word_1_233' title='bbox 867 3092 945 3161; x_wconf 85' lang='grc' dir='ltr'><strong><em>νυνὶ</em></strong></span> <span class='ocrx_word' id='word_1_234' title='bbox 964 3092 1041 3180; x_wconf 80' lang='grc' dir='ltr'><strong><em>περὶ</em></strong></span> <span class='ocrx_word' id='word_1_235' title='bbox 1059 3086 1118 3158; x_wconf 80' lang='grc' dir='ltr'><strong><em>αὐ-</em></strong></span> 
     </span>
     <span class='ocr_line' id='line_1_30' title="bbox 154 3187 1118 3280; baseline 0 -22"><span class='ocrx_word' id='word_1_236' title='bbox 154 3192 222 3258; x_wconf 72' lang='grc' dir='ltr'><strong><em>τῶν</em></strong></span> <span class='ocrx_word' id='word_1_237' title='bbox 245 3187 324 3270; x_wconf 72' lang='grc' dir='ltr'><strong><em>τούς</em></strong></span> <span class='ocrx_word' id='word_1_238' title='bbox 349 3188 466 3280; x_wconf 76' lang='grc' dir='ltr'><strong><em>λόγους</em></strong></span> <span class='ocrx_word' id='word_1_239' title='bbox 490 3189 685 3280; x_wconf 76' lang='grc' dir='ltr'><strong><em>ποιούμεθα.</em></strong></span> <span class='ocrx_word' id='word_1_240' title='bbox 733 3188 796 3279; x_wconf 71' lang='grc' dir='ltr'><strong><em>ἐμοὶ</em></strong></span> <span class='ocrx_word' id='word_1_241' title='bbox 821 3191 857 3260; x_wconf 70' lang='grc' dir='ltr'><strong><em>δέ</em></strong></span> <span class='ocrx_word' id='word_1_242' title='bbox 880 3190 970 3279; x_wconf 80' lang='grc' dir='ltr'><strong><em>οἶμαι</em></strong></span> <span class='ocrx_word' id='word_1_243' title='bbox 992 3191 1054 3279; x_wconf 71' lang='grc' dir='ltr'><strong><em>μὲν</em></strong></span> <span class='ocrx_word' id='word_1_244' title='bbox 1076 3187 1118 3259; x_wconf 80' lang='grc' dir='ltr'><strong><em>ού</em></strong></span> 
     </span>
     <span class='ocr_line' id='line_1_31' title="bbox 157 3287 1119 3380; baseline 0.002 -22"><span class='ocrx_word' id='word_1_245' title='bbox 157 3295 287 3361; x_wconf 75' lang='grc' dir='ltr'><strong><em>δίκαιον</em></strong></span> <span class='ocrx_word' id='word_1_246' title='bbox 305 3289 390 3361; x_wconf 75' lang='grc' dir='ltr'><strong><em>εἶναι</em></strong></span> <span class='ocrx_word' id='word_1_247' title='bbox 409 3287 464 3361; x_wconf 77' lang='grc' dir='ltr'><strong><em>διὰ</em></strong></span> <span class='ocrx_word' id='word_1_248' title='bbox 481 3295 578 3360; x_wconf 76' lang='grc' dir='ltr'><strong><em>τοῦτο</em></strong></span> <span class='ocrx_word' id='word_1_249' title='bbox 596 3298 731 3360; x_wconf 81' lang='grc' dir='ltr'><strong><em>ἔλαττον</em></strong></span> <span class='ocrx_word' id='word_1_250' title='bbox 743 3297 846 3380; x_wconf 85' lang='grc' dir='ltr'><strong><em>έχειν,</em></strong></span> <span class='ocrx_word' id='word_1_251' title='bbox 867 3301 901 3360; x_wconf 84' lang='grc' dir='ltr'><strong><em>εί</em></strong></span> <span class='ocrx_word' id='word_1_252' title='bbox 913 3320 962 3371; x_wconf 88' lang='grc' dir='ltr'><strong><em>τις</em></strong></span> <span class='ocrx_word' id='word_1_253' title='bbox 979 3288 1024 3380; x_wconf 89' lang='grc' dir='ltr'><strong><em>μή</em></strong></span> <span class='ocrx_word' id='word_1_254' title='bbox 1044 3294 1119 3360; x_wconf 78' lang='grc' dir='ltr'><strong><em>έδν·</em></strong></span> 
     </span>
    </p>

    <p class='ocr_par' dir='ltr' id='par_1_12' title="bbox 37 3387 1119 3583">
     <span class='ocr_line' id='line_1_32' title="bbox 37 3387 1118 3481; baseline 0.001 -20"><span class='ocrx_word' id='word_1_255' title='bbox 37 3410 42 3425; x_wconf 91' lang='grc'><em>’</em></span> <span class='ocrx_word' id='word_1_256' title='bbox 155 3389 245 3479; x_wconf 82' lang='grc' dir='ltr'><strong><em>νήθη</em></strong></span> <span class='ocrx_word' id='word_1_257' title='bbox 272 3387 292 3478; x_wconf 87' lang='grc' dir='ltr'><strong><em>ή</em></strong></span> <span class='ocrx_word' id='word_1_258' title='bbox 316 3392 539 3480; x_wconf 85' lang='grc' dir='ltr'><strong><em>κατημέλησεν</em></strong></span> <span class='ocrx_word' id='word_1_259' title='bbox 568 3387 709 3481; x_wconf 75' lang='grc' dir='ltr'><strong><em>(οὐγὰρ</em></strong></span> <span class='ocrx_word' id='word_1_260' title='bbox 732 3390 830 3462; x_wconf 76' lang='grc' dir='ltr'><strong><em>τοῦτό</em></strong></span> <span class='ocrx_word' id='word_1_261' title='bbox 853 3395 921 3461; x_wconf 88' lang='grc' dir='ltr'><strong><em>έστι</em></strong></span> <span class='ocrx_word' id='word_1_262' title='bbox 947 3395 1118 3480; x_wconf 83' lang='grc' dir='ltr'><strong><em>σκεπτέον,</em></strong></span> 
     </span>
     <span class='ocr_line' id='line_1_33' title="bbox 156 3485 1119 3583; baseline 0.001 -23"><span class='ocrx_word' id='word_1_263' title='bbox 156 3486 239 3560; x_wconf 75' lang='grc' dir='ltr'><strong><em>ἄλλα</em></strong></span> <span class='ocrx_word' id='word_1_264' title='bbox 261 3488 298 3561; x_wconf 82' lang='grc' dir='ltr'><strong><em>τὰ</em></strong></span> <span class='ocrx_word' id='word_1_265' title='bbox 321 3495 456 3583; x_wconf 73' lang='grc' dir='ltr'><strong><em>πρᾶγμα</em></strong></span> <span class='ocrx_word' id='word_1_266' title='bbox 480 3497 511 3561; x_wconf 86' lang='grc' dir='ltr'><strong><em>εί</em></strong></span> <span class='ocrx_word' id='word_1_267' title='bbox 535 3497 663 3562; x_wconf 74' lang='grc' dir='ltr'><strong><em>δίκαιον</em></strong></span> <span class='ocrx_word' id='word_1_268' title='bbox 686 3485 798 3582; x_wconf 82' lang='grc' dir='ltr'><strong><em>ήμή)</em></strong></span> <span class='ocrx_word' id='word_1_269' title='bbox 821 3488 908 3582; x_wconf 82' lang='grc' dir='ltr'><strong><em>ὅμως</em></strong></span> <span class='ocrx_word' id='word_1_270' title='bbox 932 3496 1045 3582; x_wconf 88' lang='grc' dir='ltr'><strong><em>μέντοι</em></strong></span> <span class='ocrx_word' id='word_1_271' title='bbox 1063 3494 1119 3575; x_wconf 77' lang='grc' dir='ltr'><strong><em>καὶ</em></strong></span> 
     </span>
    </p>
   </div>
   <div class='ocr_carea' id='block_1_4' title="bbox 0 0 1175 3916">
    <p class='ocr_par' dir='ltr' id='par_1_13' title="bbox 0 0 1175 3916">
     <span class='ocr_line' id='line_1_34' title="bbox 0 0 1175 3916; baseline 0 0"><span class='ocrx_word' id='word_1_272' title='bbox 0 0 1175 3916; x_wconf 95' lang='lat' dir='ltr'><strong><em> </em></strong></span> 
     </span>
    </p>
   </div>
  </div>
 </body>
</html>
