2340 3916
114 185 174 246 140
458 186 712 242 ΑΙΣΧΙΝΟΤ

46 352 98 406 458
113 353 171 430 τῆς
183 344 330 430 εἰρήνης,
353 342 435 411 ολλλόι
448 346 502 411 καὶ
514 349 696 429 συμμαχίας
708 340 793 427 ύμολς
806 343 1064 428 βουλεύσασθαι,

113 441 156 530 μή
169 449 420 528 περιμείναντας
438 445 516 518 τοὺς
527 446 678 526 πρέσβεις
689 438 766 519 τούς
779 438 975 526 ὑμετέρους,
988 436 1062 506 ἀλλ’

114 535 220 619 εὐθύς
243 538 323 626 μετόι
347 536 387 606 τό
404 538 571 606 Διονύσια
592 536 631 603 τό
648 541 686 604 ἐν
708 537 815 624 ἄστει,
838 547 879 626 τῇ
892 535 994 624 ὀγδόη
1010 541 1065 604 καί

113 637 212 724 ἐνάτη
223 639 276 704 ἐπὶ
287 641 374 704 δέκα.
393 636 444 704 ότι
456 641 475 703 δ
480 633 487 658 '
502 635 611 720 ἄληθή
627 638 728 720 λέγω,
747 633 909 703 ἀκούσατε
920 645 989 704 τῶν
1000 650 1065 721 ψη-

113 735 295 820 φισμιὶτων.

436 839 729 899 ΨΗΦῙΣΜΑΤΑ.

192 929 321 1017 Ἐπειδὴ
332 939 458 1017 τοίνυν,
471 924 498 997 ῶ
506 928 686 1016 Ἀθηναῖοι,
698 931 923 1015 παρεληλύθει
934 930 1066 998 τόιΔιο-
1082 937 1116 991 69

113 1031 228 1114 νύσια,
256 1033 426 1114 ἐγίγνοντο
446 1032 481 1096 δέ
498 1033 534 1095 αἰ
550 1032 733 1113 ἐκκλησίαι,
755 1031 792 1095 έν
810 1028 844 1095 δέ
864 1035 903 1114 τή
921 1030 1064 1115 προτέρᾳ

44 1140 95 1193 459
110 1135 178 1194 τῶν
190 1130 373 1211 ἐκκλησιῶν
391 1125 590 1212 ἀνεγνώσθη
603 1126 710 1212 δόγμα
722 1124 838 1194 κοινόν
848 1133 916 1192 τῶν
932 1125 1064 1210 συμμό-

111 1250 196 1310 χσιν,
219 1215 261 1291 οὗ
273 1225 313 1290 τὰ
325 1223 487 1308 κεφάλαια
499 1226 552 1292 διίι
569 1227 719 1311 βραχέων
731 1224 793 1309 ἐγώ
808 1231 948 1309 προερῶ.
973 1230 1065 1306 πρῶ-

111 1348 170 1388 τον
188 1324 249 1406 μέν
265 1320 328 1406 γόιρ
346 1327 494 1407 ἔγραψαν
508 1319 590 1403 ὑπὲρ
608 1321 741 1407 εἰρήνης
758 1316 843 1407 ὑμᾶς
860 1321 968 1407 μόνον
981 1326 1065 1405 βου-

111 1420 314 1504 λεύσασθαι,
335 1418 372 1486 τὸ
391 1420 426 1486 δέ
443 1428 500 1505 τῆς
518 1427 700 1506 συμμαχίας
719 1417 825 1504 ὄνομα
843 1415 1063 1503 ὑπερέβησαν,

46 1529 95 1582 460
112 1516 174 1584 ούκ
186 1520 447 1604 ἐπιλελησμένοι,
465 1517 615 1585 ἀλλὰκαὶ
630 1516 691 1604 τήν
703 1518 839 1603 εἰρήνην
850 1513 1065 1600 ἀναγκαιοτέ-

113 1642 176 1700 ραν
193 1615 349 1702 ήκαλλίω
367 1614 661 1704 ὑπολαμβάνοντες
674 1616 773 1684 εἰναν
795 1621 905 1682 ἔπειτα
917 1613 1065 1700 ἀπήντη-

112 1735 176 1782 σαν
192 1714 304 1800 όρθῶς
322 1714 492 1801 ἰασόμενοι
509 1716 546 1783 τό
570 1722 813 1803 Δημοσθένους
836 1714 1065 1799 δωροδόκημα,

112 1817 166 1881 καί
178 1817 416 1900 προσέγραψαν
428 1818 463 1883 ἐν
474 1823 522 1906 τῶ
533 1815 671 1902 δόγματι
682 1818 802 1894 έξείναι
813 1821 860 1904 τῷ
871 1815 1064 1902 βουλομένῳ
1083 1827 1116 1882 70

1 1936 2 1939 ’
111 1911 361 1998 τῶνἙλλήνων
383 1916 419 1981 έν
440 1917 525 1998 τρισὶ
546 1916 645 2000 μησίν
666 1918 711 1990 εἰς
732 1910 794 1999 τήν
815 1909 922 1997 αὐτήν
941 1911 1065 1997 στήλην

4 2089 7 2099 A
112 2008 369 2095 ἀναγεγράφθαι
388 2009 460 2096 μετ’
484 2009 670 2097 Ἀθηναίων
687 2013 741 2079 καί
758 2006 902 2096 μετέχειν
919 2016 986 2076 τῶν
1004 2008 1064 2095 ὅρ-

112 2135 181 2174 κων
192 2111 246 2174 καί
260 2116 328 2175 τῶν
346 2117 544 2194 συνθηκῶν,
568 2110 630 2176 δύο
641 2115 776 2195 μέγιστα
786 2108 1065 2194 προκαταλαμβά-

112 2231 243 2290 νοντες,
261 2214 395 2290 πρῶτον
407 2208 468 2292 μὲν
479 2203 539 2272 τόν
549 2207 673 2292 χρόνον
683 2205 743 2273 τόν
755 2213 812 2290 τής
822 2205 985 2292 τριμήνου
996 2217 1065 2283 ταῖς

112 2311 180 2369 τῶν
188 2300 354 2390 Ἐλλήνων
363 2310 550 2390 πρεσβείαις
559 2302 676 2371 ἰκανὸν
685 2306 842 2389 γενέσθαι
852 2301 1065 2386 παρασκευῶ-

112 2407 235 2487 ζοντες,
260 2409 369 2469 ἔπειτα
391 2400 452 2488 τήν
476 2410 545 2470 τῶν
559 2400 727 2488 Ἑλλήνων
751 2401 887 2469 εύνοιαν
910 2409 951 2490 τή
971 2400 1066 2468 πόλει

111 2500 191 2587 μετοὶ
203 2511 322 2569 κοινοῦ
332 2507 510 2582 συνεδρίου
522 2503 693 2590 κτῶμενοι,
704 2501 750 2572 ἵν’
763 2509 794 2570 εἰ
806 2508 1064 2589 παραβαίνοιντο

111 2602 147 2666 αλ
155 2607 340 2687 συνθῆκαι,
363 2600 406 2686 μή
417 2600 514 2686 μόνοι
530 2599 607 2688 μηδ’
623 2601 850 2686 ύπαριίσκευοι
863 2600 1066 2686 πολεμήσαι-

111 2724 188 2783 μεν,
211 2696 232 2763 όί
243 2707 307 2765 νῦν
323 2697 404 2785 ήμῑν
417 2711 538 2768 παθεῖν
550 2705 673 2787 συνέβη
686 2700 740 2769 διὰ
753 2702 987 2787 Δημοσθένην.
1012 2698 1064 2766 ότι

112 2794 144 2862 δ’
162 2795 274 2880 οἰληθή
294 2800 395 2883 λέγω,
420 2802 451 2879 ἐξ
469 2798 574 2867 αύτού
595 2809 656 2868 τοῦ
676 2800 838 2887 δόγματος
860 2797 1064 2875 ἀκούσαντες

110 2893 314 2979 μαθήσεσθε.

350 3003 445 3062 ΑΘΓ
443 3003 513 3062 MA
534 3005 815 3066 ΣΥΜΜΑΧΩΝ.

198 3092 312 3181 Τούτῳ
323 3101 370 3181 τῷ
389 3092 526 3179 δόγματι
538 3112 707 3164 συνειπεῖν
719 3095 888 3183 ὁμολογῶ,
910 3096 964 3161 καλ
976 3093 1062 3160 πύν-
1079 3104 1113 3159 71

108 3214 160 3266 τες
177 3192 211 3255 οἰ
225 3192 262 3256 έν
278 3197 317 3275 τῇ
336 3192 478 3279 προτέρα
495 3200 563 3260 τῶν
580 3196 761 3280 ἐκκλησιῶν
779 3197 1060 3279 δημηγοροῦντες·

108 3283 192 3352 καὶὸ
206 3292 308 3372 δήμος
323 3285 454 3374 ολπήλθε
466 3291 623 3378 τοιαύτην
635 3290 710 3360 τινόι
723 3291 824 3372 δόξαν
836 3288 997 3380 εἰληφῶς,
1018 3288 1062 3369 ῶς

109 3389 195 3451 ἔσται
215 3387 276 3469 μὲν
294 3384 314 3471 ή
334 3388 463 3476 εἰρήνη,
487 3394 561 3473 περὶ
580 3393 614 3459 δέ
634 3399 817 3477 συμμαχίας
836 3387 899 3459 ούκ
921 3391 1059 3476 ἄμεινον

52 3598 110 3648 E
