2340 3916
44 233 72 285 p.
90 216 133 269 ιι.
198 216 289 267 Πιει
306 213 383 266 σου
401 201 682 269 mmmm
694 215 859 269 ιιιωεον.
967 222 1008 282 67

47 390 145 478 μέρος
171 383 252 458 ὅσον
277 414 338 478 περ
364 391 406 476 τῇ
430 391 528 477 μητρὶ
545 390 587 477 τῇ
605 391 674 476 ἐμή.
711 390 781 456 ἐπεὶ
800 384 833 456 δ’
852 378 915 458 οὖν
932 384 1009 458 ἀπέ-
1027 407 1061 458 27

49 509 107 577 στη
124 491 346 576 Δικαιογίνης
371 503 444 569 ταῖς
461 491 593 576 γυναιξὶ
610 504 684 558 τοῖν
703 493 800 557 δυοῖν
817 492 1011 578 μεροῖντοῦ

50 587 190 680 κλήρου,
219 586 313 677 ἠξίου
335 584 353 658 ὁ
376 587 554 680 Λεωχάρης
582 586 641 659 τδν
669 595 913 678 Πρωταρχίδην
950 617 1010 660 πα-

51 687 224 779 ραδιδόναι
252 685 343 782 αὑτῷ
370 686 432 778 τήν
466 698 639 761 συνοικίαν
665 685 711 777 ἢν
735 689 823 777 εἶχεν
851 684 925 760 ἀντὶ
953 695 1010 778 τῆς

53 789 200 882 προικός,
228 786 272 887 ἀς
298 788 369 863 ὄντι
396 793 540 879 ε’γγυητῇ
565 785 671 884 αὐτῷ,
697 787 735 861 τὸ
759 790 796 859 δὲ
812 793 910 879 μέρος
926 786 1011 882 ὑπὲρ

54 895 106 981 τῆς
138 889 296 981 γυναικὸς
329 895 391 962 τον
421 890 546 983 κλήρου
571 888 651 982 παρ’
679 887 784 961 αὑτοῦ
810 897 1010 980 κομίζεσθαι.

55 989 252 1084 παραλαβὼν
278 993 316 1062 δὲ
331 989 394 1081 τήν
411 1000 585 1062 συνοικίαν
601 989 638 1062 τδ
655 996 753 1083 μέρος
770 987 812 1061 οὐ
829 995 1010 1083 παρέδωκε.

57 1092 251 1164 καὶτούτων
275 1088 358 1183 ὑμῖν
383 1092 534 1184 μάρτνρα
558 1090 617 1164 τδν
643 1097 888 1184 Πρωταρχίδην
914 1097 1012 1185 παρί-

58 1197 152 1282 ξομαι.

452 1340 612 1392 ΜΑΡΤΤΣ.

125 1499 210 1584 Περὶ
225 1496 263 1565 δὲ
281 1498 455 1584 ἐπισκευῆς
473 1499 535 1566 τοῦ
551 1502 730 1584 βαλανείου
748 1499 802 1566 καί
820 1504 1011 1587 οἰκοδομίας
1028 1520 1064 1580 κα

61 1595 284 1687 καὶπρότερον
309 1601 422 1689 ἐἴρηκε
437 1599 658 1684 Δικαιογένης
676 1597 732 1666 καί
749 1601 814 1668 νῦν
833 1608 913 1678 ἰσως
932 1603 1011 1688 ἐρεῖ,

61 1690 98 1776 ὥς
122 1692 380 1786 ὁμολογήσαντες
411 1694 505 1789 αὐτῷ
533 1693 722 1768 ἀποδώσειν
752 1694 792 1767 τά
818 1694 1013 1787 ἀναλωμένα

61 1792 115 1865 οὐκ
131 1794 358 1887 ἀπεδώκαμεν,
377 1802 433 1869 καί
449 1794 499 1868 ὅτι
518 1795 572 1867 διδ
583 1799 680 1867 τοάτο
694 1793 735 1867 οὐ
755 1797 893 1869 δύναται
911 1797 1013 1869 ἀπαλ-

60 1895 187 1968 λάσσειν
212 1895 289 1979 τούς
307 1897 465 1989 χρήστας,
492 1895 572 1968 οὐδὲ
589 1894 670 1987 ἡμῖν
696 1903 904 1989 παραδοῦναι
922 1896 944 1968 ἀ
963 1906 1017 1971 δεῖ

60 1994 163 2068 αὐτόν.
207 1994 301 2088 ἡμεῖς
328 2002 382 2088 δέ,
409 1989 436 2069 ὦ
461 1996 599 2089 ἀνδρες,
628 2000 681 2069 ἐπὶ
706 2002 769 2070 τοῦ
786 2006 1010 2091 δικαστηρίου,
1030 2029 1064 2084 29

59 2093 108 2167 ὅτε
123 2095 348 2188 ήναγκάζομεν
365 2096 468 2170 αάτδν
479 2096 684 2189 ἀφίστασθαι
694 2099 835 2191 τούτων,
854 2099 929 2173 ἀντὶ
946 2105 1014 2173 των

59 2204 266 2292 λατουργιάν
291 2203 347 2271 καί
371 2205 440 2272 τω”ν
458 2208 505 2282 εἰς
521 2199 562 2270 τά
586 2200 829 2292 οἰκοδομήματα
846 2200 1013 2292 ἀναλωμί·

59 2329 122 2372 νων
147 2298 290 2391 ἀφεῖμεν
316 2299 408 2396 αὐτῷ
431 2299 511 2382 τοδς
537 2300 703 2394 καρπούς,
729 2299 819 2372 οὕτω
836 2307 903 2373 ταῖν
923 2310 1013 2374 δικα·

10 2492 15 2499 Ι
58 2406 140 2472 miv
162 2400 433 2528 γιγνωσκόντων·
460 2399 601 2495 ὕστερον
626 2398 657 2472 δ’
677 2399 740 2472 οὐκ
757 2399 1013 2493 ἀναγκαζόμενοι

58 2497 127 2573 ἀλλ’
156 2501 286 2585 εκόντες
314 2509 432 2594 ἔδομεν
449 2500 541 2596 αὕτη)
558 2501 620 2591 τήν
639 2501 713 2573 ἐν”
692 2524 784 2573 αστει
801 2532 819 2572 ο
822 2511 912 2573 ἰκίαν
930 2507 1012 2592 ἐξαι-

58 2605 207 2691 μεθέντες
226 2600 307 2694 πρὸς
324 2632 371 2698 τῳ
358 2607 487 2697 τρίτω
504 2607 596 2726 μέρει
613 2631 673 2673 του
661 2601 852 2692 κλήρον”
834 2631 920 2693 εχειν
938 2599 1013 2674 ἀντὶ

55 2708 120 2774 τοῖν
138 2700 496 2794 ἐπεσκευασμίνων,“
474 2733 518 2792 ην
535 2731 630 2784 ουτος
648 2700 723 2774 ἀντὶ
741 2711 1014 2794 πεντακισχιλίων

57 2807 211 2927 δραχμῶν
236 2807 408 2896 παρέδωκε
435 2812 572 2876 Φιλονεί
570 2832 626 2896 κω.
681 2811 799 2893 ἔδομεν
827 2807 864 2874 δὲ
890 2801 930 2876 οὐ
959 2804 1015 2876 διά
1031 2821 1066 2874 30

53 2903 114 2994 τήν
138 2934 199 2976 τον
186 2908 464 2994 Δικαιογίνους
488 2904 706 2997 χρηστότητα,
735 2933 761 2974 ω
787 2903 918 2995 ἀνδρες,
937 2903 1012 2976 ἀλλ’

55 3004 364 3096 ἐπιδεικνύμενοι”
345 3036 395 3077 οτι
413 3035 454 3077 ον
445 3001 549 3095 ’περὶ
567 3014 719 3086 πλείονος
735 3003 884 3128 χρήματα
901 3033 1014 3077 ποιον-

52 3119 141 3195 μεθα
166 3135 234 3177 των
251 3114 399 3196 οἰκείων,
427 3102 541 3176 ουδ’
521 3135 563 3175 αν
588 3105 677 3176 πάνυ
696 3097 880 3198 πονηροὶ
853 3131 922 3177 ωσι.
959 3111 1014 3178 καί

52 3206 116 3299 γάρ
142 3206 304 3299 πρότερον
329 3205 378 3279 ὅτ’
399 3205 453 3296 ἐφ’
473 3203 553 3297 ἡμῖν
579 3210 707 3295 ἐγένετο
724 3212 946 3296 Δικαιογένην
968 3237 1014 3277 τι·

53 3309 273 3401 μωρήσασθαι
299 3312 355 3380 καί
373 3305 560 3399 ἀφελέσθαι
577 3305 599 3377 ἀ
618 3307 722 3397 εἶχεν,
749 3306 812 3378 οὐκ
832 3307 1014 3395 ἐβουλήθη

54 3438 115 3499 μεν
130 3412 201 3480 των
209 3407 332 3482 τούτου
355 3411 360 3498 Ι
383 3408 567 3497 κτήσασθαι
585 3404 698 3498 οὐδέν,
718 3406 801 3479 ἀλλά
816 3406 858 3478 τά
873 3403 1015 3497 ἡμέτερα

54 3510 160 3600 μόνον
185 3517 389 3599 κομίσασθαι
415 3509 542 3603 ἐξήρκει
559 3505 647 3598 ἡμῖν.
684 3500 780 3591 οὗτος
799 3505 832 3578 δ’
852 3503 901 3579 ὅτ’
923 3504 1015 3600 ἰκρά·

820 3628 864 3695 5*
