2340 3916
284 190 375 241 ΠΕΡΙ
393 189 470 241 ΤΗΣ
488 189 642 243 ΕΑΤΤΟΤ
658 190 846 247 ΚΔΘΟΔΟΤ.
1008 191 1050 257 63

79 333 171 401 πάνυ
191 329 234 400 ἀν
252 357 308 419 μοι
324 335 427 400 τοῦτο
447 333 484 401 ἐν
502 332 633 421 μεγάλῃ
649 329 758 421 ἡδονῇ
776 335 917 419 γένοιτο.
946 333 992 415 ῦς
1010 333 1049 406 δέ

78 436 135 503 καὶ
154 438 268 502 δικαία
288 436 399 521 ἐστίν,
418 444 560 504 εἴσεσθε.
593 430 615 500 ά
632 435 698 525 γάρ
716 461 772 522 μοι
790 433 889 504 αὐτοὶ
907 437 1048 522 γνόντες

77 563 113 605 τε
131 538 188 604 καὶ
203 533 430 623 ὑποσχόμενοι
444 539 558 624 ἐδοτε,
575 531 720 626 ῦστερον
734 536 773 606 δέ
788 538 912 625 ἑτέροις
926 538 1047 608 πειθό-

77 664 173 727 μενοι
202 636 403 726 ἀφείλεσθε,
434 637 537 708 ταῦθ’
571 635 681 727 ῦμάς,
712 645 745 708 εί
773 637 836 726 μὲν
867 640 1048 728 βούλεσθε,

78 742 180 827 αίτῦ,
205 747 237 810 εί
258 739 297 809 δὲ
316 737 384 828 [μὴ]
407 740 593 828 βούλεσθε,
618 738 758 809 ἀπαιτῶ.
797 740 868 830 ὁρῦ
892 741 932 811 δὲ
955 741 1046 828 ἀμάς
1064 753 1098 804 23

79 841 240 921 πολλάκις
265 842 322 910 καὶ
341 841 477 924 δοῦλοις
495 841 691 932 ἀνθρώποις
709 844 766 912 καλ
787 845 894 924 ξένοις
913 868 1042 912 παντο·

78 950 200 1024 δαποῑς
219 951 391 1015 πολιτείαν
405 945 563 1025 διδόντας
580 971 616 1014 τε
628 947 687 1014 καὶ
705 951 754 1024 είς
772 944 924 1035 χρήματα
941 946 1047 1034 μεγά-

79 1055 139 1127 λας
162 1046 310 1135 δωρεάς,
341 1053 378 1116 οἳ
399 1042 443 1115 ἀν
474 1045 565 1134 ῦμάς
588 1055 779 1134 φαίνωνται
809 1050 987 1128 ποιοῦντές
1017 1075 1049 1116 τι

79 1147 222 1235 ἀγαθόν.
255 1149 434 1218 καὶταῦτα
452 1151 567 1236 μέντοι
583 1146 700 1237 ὀρθῶς
718 1148 817 1237 ῦμεῖς
836 1154 1047 1239 φρονοῦντες

80 1255 205 1320 δίδοτε
233 1248 324 1320 οὕτω
349 1251 415 1339 γάρ
434 1246 479 1318 ἀν
504 1249 574 1319 ἀπὸ
601 1258 768 1320 πλείστων
793 1250 990 1342 ἀνθρώπων
1008 1242 1047 1321 εῦ

79 1353 245 1439 πάσχοιτε.
275 1352 340 1439 ἐγώ
355 1359 477 1421 τοίνυν
495 1357 660 1423 τοσοῦτον
673 1350 774 1440 ῦμαῑν
792 1354 899 1441 μόνον
914 1355 1047 1443 δέομαι·

79 1455 118 1522 τὸ
134 1455 290 1543 ψήφισμα
304 1451 322 1523 ὃ
337 1461 525 1524 Μενίππου
541 1454 696 1535 εἰπόντος
712 1458 940 1544 ἐψηφίσασθε,
958 1454 1052 1525 είναί

79 1583 136 1644 μοι
159 1555 294 1638 ἄδειαν,
318 1556 421 1625 πάλιν
447 1555 602 1626 ἀπόδοτε.
646 1555 878 1644 ἀναγνώσεται
900 1556 938 1627 δέ
962 1556 1049 1644 ῦμίν

80 1657 181 1727 αῦτό·
209 1665 257 1728 ἔτι
282 1659 348 1747 γάρ
366 1660 424 1727 καὶ
442 1663 510 1728 νῦν
530 1660 755 1747 ἐγγέγραπται
774 1662 811 1729 ἐν
834 1663 883 1749 τῷ
902 1665 1050 1746 βουλευ-

79 1768 195 1852 τηρίφ.

473 1855 661 1908 ΨΗΦΙΣΜΑ.

163 2016 266 2084 Τουτὶ
285 2014 322 2083 τὸ
342 2014 497 2102 ψήφισμα
516 2039 532 2082 ο
552 2012 720 2102 ἠκούσατε
738 2014 970 2103 ψηφισάμενοί
980 2040 1048 2103 μοι,
1066 2039 1100 2089 24

81 2107 309 2204 ῦἈθηναίοι,
329 2115 473 2205 ὕστερον
487 2113 670 2203 ἀφείλεσθε
687 2114 787 2206 χάριν
803 2118 906 2208 ἑτέρῳ
923 2118 1050 2205 φέρον-

80 2245 142 2298 τες.
189 2225 352 2287 πείθεσθε
380 2210 445 2287 οῦν
470 2244 525 2306 μοι
533 2270 544 2306 ,
570 2220 626 2287 καὶ
650 2216 713 2306 ἤδη
739 2216 919 2288 παύσασθε
946 2227 980 2287 εί
1001 2244 1050 2311 τῳ

80 2319 179 2406 ῦμῦν
198 2320 359 2408 διάβολόν
376 2347 408 2387 τι
428 2322 464 2389 ἐν
482 2324 525 2408 τῇ
545 2321 664 2410 γνώμῃ
684 2322 762 2409 περὶ
782 2323 866 2408 ἐμοῦ
880 2321 1050 2408 παρέστη-

81 2448 147 2490 κεν.
186 2428 218 2491 εί
241 2421 306 2511 γάρ
325 2419 388 2490 ὅσα
407 2426 443 2490 οἱ
465 2420 641 2510 ἀνθρωποι
661 2419 734 2510 (τῇ)
758 2420 876 2510 γνώμῃ
896 2419 1050 2508 ἀμαρτά-

81 2544 197 2611 υουσι,
223 2523 261 2592 τὸ
287 2528 385 2610 σῶμα
408 2521 526 2592 αῦτῦν
551 2524 595 2611 μὴ
621 2522 730 2592 αἴτιόν
762 2525 870 2608 ἐστιν,
899 2524 982 2608 ἐμοῦ
1011 2522 1050 2589 τὸ

81 2625 144 2713 μέν
165 2629 260 2714 σῦμα
284 2623 444 2713 τυγχάνει
462 2623 589 2694 ιαῦτὸν
610 2630 657 2694 ἐτι
675 2622 735 2712 ὄν,
759 2620 841 2712 ὅπερ
859 2627 918 2710 τῆς
937 2628 1048 2702 αἰτίας

82 2726 307 2816 ἀπήλλακται,
334 2725 354 2816 ἡ
379 2726 417 2796 δὲ
441 2726 558 2815 γνάμη
584 2724 661 2796 ἀντὶ
686 2730 744 2814 τῆς
763 2726 928 2816 προτέρας
955 2724 1052 2813 ἑτέρα

82 2832 163 2899 νυνὶ
189 2832 404 2920 παρέστηκεν.
449 2828 554 2898 οῦδὲν
579 2819 642 2898 οῦν
669 2834 716 2898 ἐτι
740 2826 958 2896 ὑπολείπεται
983 2823 1050 2919 ὅτφ

82 2931 125 2999 ἀν
149 2960 205 3020 μοι
228 2936 366 3013 δικαίως
400 2934 635 3020 διαβεβλῇσθε.
681 2927 792 3018 ὥσπερ
824 2927 861 2998 δέ
892 2933 951 3016 τῆς
976 2928 1051 2997 τότε
1069 2953 1102 3003 25

150 3116 192 3164 22.
210 3108 249 3181 μὴ
269 3118 335 3165 ante
354 3107 495 3177 βοῦλεσθε
514 3127 575 3162 cum
591 3110 624 3162 R.
643 3109 788 3162 delendum
805 3108 924 3163 videtur.

151 3184 192 3233 23.
215 3179 406 3246 παντοδαπῆς
427 3196 466 3245 v.‚
492 3195 542 3233 em.
574 3195 643 3233 cum.
669 3177 762 3244 Steph.
786 3179 819 3229 R.
844 3203 876 3214 -
899 3174 1050 3252 πολιτείαν

84 3265 145 3331 οιχαι
163 3251 195 3301 R.
215 3249 274 3314 (qui
292 3255 319 3301 et
337 3250 399 3300 πολ.
413 3263 443 3299 τε
457 3246 516 3300 διδ.
530 3244 581 3299 καὶ
595 3248 641 3311 εἰ.)
656 3242 749 3299 Turn:
768 3243 927 3304 πολιτείας.
937 3269 969 3279 -
980 3257 1050 3294 ανα-

83 3333 244 3451 γεγρῦῖτῦά
262 3317 360 3451 ἳῦάμχ
383 3385 543 3461 scripsit...
563 3374 620 3448 γνά
643 3379 727 3449 yAd,
751 3372 848 3448 γνάμχ
866 3394 891 3429 v.
918 3403 953 3414 -
980 3367 1049 3439 ἐμοῦ

83 3446 114 3504 τὸ
139 3448 194 3534 μὲν
218 3469 280 3504 eum
298 3453 330 3503 R.
354 3452 420 3503 Bk.:
445 3444 523 3529 ὁμου,
542 3449 573 3502 τδ
596 3398 660 3517 μῦ.
683 3473 716 3484 -
738 3441 923 3526 zuvwvuku
949 3460 985 3495 ου
1003 3443 1068 3492 Ἧι.

85 3515 203 3585 (ταυτὸν
221 3512 255 3572 ὅν
275 3522 307 3571 οὶ.
324 3518 386 3584 R.):
405 3513 486 3573 τοῦτ’
505 3520 654 3577 ἀναίτιον.
672 3548 707 3561 -
727 3513 958 3586 διαβεβληοθαι
977 3509 1063 3561 m».
