2340 3916
315 209 440 266 ΚΑΤΑ
461 208 491 265 Κ
499 209 619 266 ΤΗΣΙ
626 209 734 268 ΦΩΝ
744 211 841 269 ΤΟΣ.
988 207 1048 272 143

97 366 267 455 θυγατρός
278 366 369 457 αύτῷ
380 374 663 453 τετελευτηκυίας,
675 371 753 450 πρὶν
765 379 932 456 πενθῆσαι
943 371 998 437 καί
1008 368 1048 437 τά
1064 382 1117 438 469

98 468 296 554 νομιζόμενα
328 475 479 553 ποιήσαι,
513 465 808 552 στεφανωσάμενος
838 469 893 536 καὶ
923 466 1048 555 λευκήν

96 572 220 652 ἐσθῆτα
237 565 350 653 λαβών
368 565 546 654 ἐβουθύτει
564 568 617 632 καὶ
638 565 833 652 παρενόμει,
857 563 918 652 τήν
939 567 1047 653 μόνην

97 662 114 731 ὁ
138 670 279 743 δείλαιος
299 666 354 731 καὶ
374 663 511 750 πρωτην
529 661 634 730 αύτόν
654 667 777 747 πατέρα
798 672 1047 747 προσειποῦσαν

49 775 83 831 78
98 761 269 840 ἀπολέσας.
294 763 348 828 καὶ
368 759 410 828 ού
427 758 464 828 τό
484 761 675 848 δυστύχημα
695 759 857 843 ὀνειδίζω,
882 758 964 829 ἀλλά
986 761 1045 828 τὸν

95 860 220 946 τρόπον
232 859 375 939 ἐξετάζω.
398 857 416 925 ὁ
433 856 498 944 γάρ
509 860 702 945 μισότεκνος
714 863 767 928 καὶ
779 858 886 946 πατήρ
899 859 1044 946 πονηρός
1063 869 1115 926 470

96 954 157 1025 ούκ
173 957 215 1024 ἀν
232 983 310 1025 ποτε
333 962 460 1042 γένοιτο
484 955 678 1051 δημαγωγός
698 957 851 1045 χρηστός,
875 957 953 1026 οὐδὲ
970 955 987 1027 ὁ
1004 956 1044 1026 τά

96 1062 235 1142 φίλτατα
247 1058 301 1123 καὶ
319 1053 503 1124 οἰκειότατα
519 1057 654 1143 στόματα
665 1058 709 1143 μή
722 1061 870 1142 στέργων
881 1055 1043 1124 οὐδέποθ’

96 1154 182 1242 ὑμᾶς
201 1158 274 1242 περὶ
292 1162 445 1235 πλείονος
461 1156 632 1242 ποιήσεται
643 1155 721 1235 τούς
733 1154 941 1240 ἀλλοτρίους,
965 1153 1048 1223 υύδέ

95 1251 168 1339 γεὸ
188 1258 254 1340 ίδίηι
273 1251 418 1339 πονηρός
438 1252 499 1322 ούκ
517 1250 561 1321 ἀν
580 1257 708 1339 γένοιτο
732 1259 872 1342 δημοσία
893 1253 1043 1340 χρηστός,

97 1351 171 1420 οὐδ’
187 1352 276 1430 ὅστις
289 1354 376 1420 ἐστὶν
394 1362 478 1420 οίκοι
490 1360 635 1438 φαῦλος,
655 1350 809 1421 οὐδέποτ’
822 1345 866 1439 ήν
876 1356 913 1420 έν
925 1359 1044 1418 Μακε-

96 1449 286 1538 δονίακατά
304 1447 365 1536 τήν
376 1457 553 1537 πρεσβείαν
563 1451 663 1530 καλός
673 1449 838 1537 κάγαθός·
858 1446 1044 1536 ούγάρτόν

95 1548 237 1633 τρόπον,
249 1546 332 1616 ἀλλά
342 1546 402 1616 τόν
414 1549 519 1616 τόπον
530 1550 637 1635 μόνον
648 1548 853 1636 μετήλλαξεν.

44 1663 78 1717 79
178 1648 296 1716 Πόθεν
307 1640 371 1716 ούν
384 1650 435 1716 ἐπὶ
446 1646 507 1734 τήν
517 1646 705 1735 μεταβολήν
715 1641 800 1734 ήλθε
809 1653 877 1713 τῶν
888 1645 1043 1731 πραγμά-

94 1775 170 1833 των,
183 1739 280 1826 ούτος
290 1746 353 1833 γάρ
363 1749 452 1814 ἐστιν
463 1743 642 1829 ὁδεύτερος
652 1747 776 1832 καιρός,
787 1747 842 1814 καὶ
853 1751 887 1813 τί
894 1741 961 1812 ποτ’
976 1747 1043 1812 ἐστὶ

94 1845 130 1914 τό
150 1857 271 1930 αίτιον,
295 1844 345 1913 ότι
363 1845 568 1930 Φιλοκράτης
585 1844 644 1930 μὲν
662 1843 810 1919 ἀπδτάν
823 1842 935 1911 αὐτῶν
949 1851 1043 1911 πολι-

94 1948 266 2034 τενμάτων
276 1947 488 2031 Δημοσθένει
501 1944 610 2029 φυγάς
621 1941 678 2011 ἀπ’
693 1948 895 2029 εἰσαγγελίας
904 1945 1043 2028 γεγένη-

95 2073 158 2131 ται,
170 2049 392 2131 Λημοσθένης
403 2044 438 2112 δὲ
450 2047 565 2129 ἐπέστη
578 2051 646 2112 τῶν
658 2044 768 2112 ἀλλων
779 2040 976 2128 κατήγορος,
988 2045 1043 2109 καὶ

95 2144 202 2211 πόθεν
220 2143 300 2211 ποθ’
320 2141 405 2229 ἡμᾶς
423 2148 468 2221 είς
485 2141 543 2222 τάς
560 2140 693 2228 ἀτυχίας
705 2139 722 2208 ὁ
735 2141 851 2228 μιαρός
863 2139 1043 2225 ἄνθρωπος

95 2244 289 2328 ἐμβέβληκε,
313 2240 406 2309 ταῦτ’
417 2240 482 2328 ήδη
497 2242 722 2327 διαφερόντως
733 2240 828 2322 ἀξιόν
838 2245 925 2309 ἐστιν
936 2238 1041 2307 ἀκού·
1060 2257 1106 2314 471

42 2356 79 2409 80
95 2363 156 2407 σαι.
182 2336 224 2417 ὡς
239 2337 302 2425 γάρ
320 2339 452 2424 τάχιστα
471 2350 548 2408 είσω
565 2347 691 2408 Πυλῶν
707 2347 868 2416 Φίλιππος
891 2345 1042 2423 παρῆλθε
1099 2367 1109 2375 ·

94 2439 147 2505 καὶ
164 2438 223 2515 τάς
239 2463 273 2503 τε
290 2441 326 2504 ἐν
343 2445 497 2505 Φωκεῦσι
513 2437 624 2517 πόλεις
634 2437 827 2521 παραδόξως
838 2434 1044 2510 ἀναστάτους

93 2538 235 2618 ἐποίησε,
249 2541 417 2620 Θηβαίους
429 2539 475 2618 δέ,
488 2533 531 2614 ὡς
544 2532 621 2602 τόθ’
634 2534 715 2621 ύμῖν
726 2534 847 2617 ἐδόκει,
860 2539 1043 2618 περαιτέρω

93 2640 153 2698 τοῦ
170 2639 289 2712 καιροῦ
306 2635 437 2700 καὶτοῦ
456 2630 616 2717 ὑμετέρου
637 2637 865 2718 συμφέροντος
886 2629 1044 2715 ἰσχυρούς

94 2730 349 2814 κατεσκεύασεν,
379 2729 471 2817 ὑμεῖς
498 2732 534 2799 δέ
555 2733 591 2799 ἐκ
613 2738 680 2798 τῶν
701 2728 814 2815 ἀγρῶν
836 2732 1043 2816 φοβηθέντες

94 2827 399 2915 ἐσκευαγωγήσατε,
422 2831 458 2897 έν
475 2843 544 2907 ταῖς
560 2835 726 2914 μεγίσταις
743 2825 775 2895 δ’
788 2821 874 2913 ήσαν
886 2831 1046 2906 αίτίαιςοό

94 2931 245 3013 πρέσβεις
256 2930 372 3013 οἱπερὶ
383 2933 441 3012 τῆς
452 2926 584 3013 εἰρήνης
602 2926 880 3014 πρεσβεύσαντες,
902 2924 989 2994 πολὺ
1007 2927 1042 2994 δὲ

93 3033 160 3090 τῶν
171 3024 282 3092 ἀλλων
294 3026 519 3111 διαφερόντως
531 3024 735 3110 Φιλοκράτης
754 3025 809 3092 καὶ
819 3026 1043 3110 Λημοσθένης

93 3122 145 3188 διά
157 3121 193 3189 τό
206 3123 250 3209 μή
263 3124 369 3209 μόνον
386 3124 599 3211 πρεσβεύειν,
621 3121 704 3191 ἀλλά
721 3126 775 3190 καὶ
791 3120 831 3189 τά
848 3127 1042 3207 ψηφίσματα

41 3244 75 3297 31
91 3225 308 3308 γεγραφέναι,
332 3226 456 3310 συνέβη
475 3219 505 3290 δ’
526 3226 562 3290 ἐν
573 3236 640 3301 τοῖς
657 3218 769 3299 αὐτοῖς
785 3220 916 3307 χρόνοις
927 3223 1043 3300 διαφέ-

93 3325 215 3401 ρεσθαί
228 3347 258 3385 τι
275 3323 502 3406 Δημοσθένην
519 3323 573 3387 καὶ
591 3318 802 3403 Φιλοκράτην
819 3313 939 3403 σχεδόν
960 3313 1043 3398 ὑπὲρ

90 3421 235 3503 τούτων,
260 3414 341 3506 ὑπὲρ
359 3411 408 3486 ὦν
424 3421 478 3487 καὶ
496 3416 587 3506 ὑμεῖς
603 3415 724 3495 αύτούς
742 3413 976 3482 ὑπωπτεύσατε
995 3419 1039 3480 δι-
