2340 3916
10 187 144 275 7μοι.
280 204 370 255 ΠΕΡΙ
388 201 465 254 νου
481 202 619 254 λοιμον
637 203 800 255 mmor.
953 211 1014 271 147

61 381 166 461 δείξω.
202 377 334 466 πρῶτον
357 374 418 464 μέν
435 363 497 444 οὖν
513 371 553 444 τὰ
569 378 627 462 τῆς
644 371 759 495 οὐσίας
773 378 917 465 διέξειμι,
935 374 1016 466 μετὰ

62 480 97 549 δὲ
113 480 218 548 ταῦτα
236 471 280 557 ὦς
297 477 353 545 καὶ
372 480 510 545 διοικεῖν
526 471 658 558 ύξιω
622 503 662 544 τα
677 503 737 544 του
725 475 881 556 παιδός.

134 585 342 700 Στρατοκλεῖ
353 572 417 666 γδρ
429 571 526 664 κύμοὶ
543 604 583 644 τα
572 572 661 664 μέν
671 570 864 664 ὑπάρξαντα
880 582 1016 692 πατρῷα

60 682 203 749 τοσαυτα
228 667 287 766 ἦν,
315 671 399 746 ὥστε
426 676 529 747 εἶναι
519 677 589 764 μὲν
616 674 729 794 ίκανρί,
757 664 961 766 λειτουργεῖν
980 679 1017 748 δέ
1136 712 1141 724 ’

60 809 103 868 μη
93 777 204 863 αξια.
239 775 415 867 τεκμήριον
442 779 493 846 δέ
514 786 618 847 είιιοσι
643 805 726 866 μνας
746 774 897 868 ἑκάτερος
923 772 1017 866 ἡμῶν

23 904 27 931 ·
61 883 174 950 ἐπὶ
130 908 172 970 τη
189 879 324 968 γυναικὶ
346 895 467 968 προῖκα
485 884 598 966 ἔλαβε,
622 874 764 965 τοσαύτη
789 879 827 947 δὲ
843 874 994 966 προὶξ’
955 906 1018 948 ουκ

60 977 101 1052 ἂν
120 988 167 1062 είς
185 977 311 1068 πολλήν
326 1006 401 1048 τινα
417 973 537 1048 ούσίαν
556 984 681 1065 δοθείη.
712 982 837 1068 συνέβη
856 980 893 1048 δὲ
910 989 1017 1064 Στρα-
1034 993 1067 1045 41

59 1090 172 1152 τοκλεῖ
186 1077 268 1171 πρὸς
284 1095 352 1161 τοῖς
369 1073 561 1170 ύπύρχουσι,
572 1072 706 1166 πλέονῆ
724 1075 823 1150 πένθ’
842 1074 1018 1169 ἡμιταλάν-

58 1192 133 1252 των
143 1176 263 1252 ούσίαν
279 1186 408 1267 λαβεῖν·
434 1181 575 1267 Θεοφιύν
596 1175 659 1269 γὰρ
677 1173 694 1248 ὃ
711 1183 769 1267 τῆς
785 1177 941 1268 γυναικὸς
959 1177 1018 1251 αύ-

60 1285 120 1353 τού
134 1279 278 1371 ἀδελφὸς
301 1276 526 1368 ἀποθνήσκων
549 1277 722 1368 ἐποιήσατο
739 1283 806 1350 τῶν
822 1283 1019 1372 θυγατέρων

60 1379 167 1453 αύτού
193 1389 290 1472 μίαν,
320 1384 375 1451 καὶ
403 1378 462 1450 τόν
489 1377 526 1451 θ’
555 1376 660 1450 αύτού
689 1386 813 1451 ἔδωκεν
835 1376 939 1470 ύγρόν
961 1380 1019 1452 τόν
1095 1382 1098 1391 “

56 1480 219 1556 Ἐλευσῖνι
236 1489 334 1552 δυοῖν
350 1479 540 1570 ταλάντοιν,
567 1479 719 1604 πρύβατα
733 1479 905 1604 ἑξηκοντα,
924 1482 1019 1571 αἶγας

62 1582 196 1672 ἑκατόν,
216 1591 353 1671 ἔπιπλα,
376 1587 480 1652 ιππον
497 1579 648 1672 λαμπρὸν
666 1578 719 1669 ἐφ’
739 1610 780 1651 ου
765 1572 1017 1674 έφυλύρχησε,

60 1681 169 1756 καὶ
131 1695 195 1773 την
220 1681 324 1772 αλλην
341 1679 548 1771 κατασκευὴν
565 1705 714 1770 απασαν,
740 1672 780 1771 ἧς
806 1681 919 1775 κύριος
939 1687 1018 1752 ἐκει-
1036 1693 1075 1753 42.

60 1815 117 1867 νος
133 1783 311 1874 γενόμενος
338 1786 434 1854 έννέα
461 1791 516 1870 ἔτη
532 1779 593 1851 ὅλα
609 1786 762 1852 κατέλιπε
788 1785 886 1853 πέντε
902 1781 1019 1853 ταλύν

61 1915 127 1958 των
143 1881 263 1957 ούσίαν
279 1887 335 1955 καὶ
352 1892 541 1973 τρισχιλίων
560 1887 715 1973 δραχμων
731 1880 796 1953 σύν
812 1899 881 1964 τοῖς
899 1886 1021 1953 έαυτού

62 1985 240 2080 πατρῴοις,
267 1988 367 2076 χωρὶς
384 1989 511 2072 έκείνης
528 1973 567 2072 ἧς
585 1986 726 2074 Θεοφύν
743 1987 784 2074 τῇ
799 1987 943 2076 θυγατρὶ
962 1981 1020 2054 αύ-

62 2091 122 2157 τού
138 2093 278 2175 ἔδωκεν,
297 2082 401 2176 ύγρδν
418 2086 479 2174 μὲν
498 2086 614 2175 Θριᾶσι
634 2080 734 2155 πένθ’
753 2080 954 2174 ἡμιτάλαντα
967 2081 1018 2155 τύ·-

62 2196 234 2277 ρίσκοντα,
258 2191 367 2257 οίκίαν
391 2186 428 2255 δέ
451 2193 581 2274 Μελίτη
604 2192 793 2276 τρισχιλίων
818 2179 1018 2276 ἐωνημένην,

61 2286 165 2377 ύλλην
185 2289 222 2358 δὲ
235 2283 399 2358 Ἐλευσῖνι
421 2293 656 2357 πεντακοσίων.
702 2284 887 2376 ἐδάφηήμέν
904 2289 1018 2375 ταῦτα,

62 2386 123 2478 ἀφ’
151 2378 200 2459 οἷν
225 2384 246 2476 6
272 2394 435 2477 μίσθωσις
460 2389 521 2456 τού
544 2387 605 2476 μὲν
626 2382 739 2477 ύγρού
771 2385 901 2457 δώδεκα
926 2404 1018 2476 μναῖ,

62 2494 128 2561 τοῖν
152 2490 190 2559 δέ
215 2489 330 2559 οίκιων
354 2496 521 2578 τρεις,αὶ
487 2492 783 2556 αἳπευτεκαίδεκα
799 2503 882 2576 μναῖ
896 2508 1020 2576 συναμ-

62 2590 186 2681 φύτερα
215 2597 400 2678 γίγνονται
432 2591 511 2710 χρέα
544 2582 575 2656 δ’
604 2585 718 2656 έπὶ’
682 2615 789 2668 τοκοις
819 2583 1021 2676 ὀφειλόμενα

63 2693 138 2783 περὶ
159 2697 434 2781 τετρακισχιλιας,
460 2717 508 2757 ων
530 2683 566 2757 τὸ
590 2693 687 2775 ἔργον
705 2683 758 2756 ἐπ’
778 2690 874 2758 ἐννέα
891 2683 1021 2774 ὀβολοῖς
1110 2738 1114 2746 ι

64 2788 252 2862 ἑπτακόσιαι
278 2792 332 2861 καὶ
360 2800 463 2859 εἴκοσι
482 2789 623 2879 δραχμαὶ
647 2795 817 2877 γύγνονται
833 2817 893 2859 τον
882 2791 1020 2859 ένιαυ-

63 2889 288 2962 tofi-findam.
318 2888 481 2981 πρόσοδος
494 2884 617 3010 μέν”
572 2916 655 2975 αντη
675 2886 735 2959 δύο
752 2892 808 2960 καὶ
821 2900 924 2960 είκοσι
942 2906 1024 2979 μναῖ
1037 2900 1071 2952 43
1159 2927 1165 2940 ·

62 2995 116 3063 καὶ
135 2990 231 3084 πρός
258 2993 405 3082 χωρδςδ
386 2991 423 3060 δέ
448 2986 576 3060 τούτων
592 2992 766 3060 κατέλιπεν
792 2998 923 3079 ἔπιπλα,
942 2989 1020 3080 πρό-

63 3101 163 3182 βατα,
182 3089 354 3183 κριθάς,ο
337 3087 476 3180 οἷνον,’
459 3088 608 3181 οπύρας,
635 3079 712 3173 ἐξ
684 3118 733 3160 ων
751 3089 954 3179 ένεπύλησαν
970 3119 1020 3163 τε·

63 3201 294 3289 τρακισχιλίας
317 3197 524 3272 έννακοσίας
558 3197 603 3259 ἔτι
638 3191 675 3260 δὲ
702 3197 800 3262 ἔνδον
827 3196 1021 3272 έννακοσίας

65 3293 218 3386 δραχμάς
262 3291 343 3384 πρὸς
370 3294 408 3361 δέ
424 3291 552 3372 τούτοις
571 3293 602 3373 ἐξ
621 3288 749 3382 έρύνων
765 3288 1008 3382 ὀφληματασ
957 3299 1021 3362 είσ

63 3397 293 3487 πεπραγμένα,
326 3396 446 3515 μικρού
472 3391 620 3471 δεούσας
633 3399 737 3482 χιλίας
747 3391 923 3486 δραχμάς,
941 3420 1021 3513 μαρ-

62 3495 173 3590 τύρων
193 3500 345 3565 ἐναντιον
362 3489 382 3581 6
400 3490 639 3584 μητηραύτού,
655 3520 715 3562 του
703 3488 900 3582 παιδός,’
880 3489 1022 3585 απεγρύ·
1091 3539 1093 3542 >
1158 3563 1169 3586 )

807 3606 912 3669 10*
