2340 3916
140 176 180 236 22
500 176 744 234 ΑῙΣΧῙΝΟΤ

140 335 284 413 πολλοὺς
300 333 454 417 πράττων
472 337 526 401 καὶ
544 343 671 420 μισθοῦ
689 333 779 422 αύτῷ
796 364 851 422 μοι
869 337 976 404 τούτω
1000 342 1096 407 δοκεῖ

141 439 251 519 ε”υοχος
263 433 352 499 εἶναι.

222 531 349 618 Ἐπειδὴ
368 541 484 599 τοίνυν
501 530 518 598 ὁ
538 534 712 617 Μισγόλας
728 542 767 619 τῇ
785 559 818 601 τε
832 532 962 621 δαπάνη
974 532 1096 603 άτιείτιε
1113 545 1144 599 53

141 638 193 707 καὶ
210 640 329 698 τοῦτον
347 633 503 715 ἐξέπεμψε
522 629 601 712 παρ’
616 633 752 709 ἑαυτοῦ,
775 631 856 718 μετά
868 641 989 700 τούτου
1008 632 1097 701 ιἰυα-

141 734 300 819 λαμβάνει
312 729 590 817 αύτόνἈντικλῆς
601 739 750 800 Καλλίου
760 732 973 820 Εὐωνυμεύς.
995 726 1097 813 οὗτος

141 835 200 916 μὲν
213 825 276 898 οὖν
293 832 427 899 ἄπεστιν
440 833 475 897 έν
486 830 590 920 Σάμῳ
605 829 685 916 μετά
696 840 764 899 τῶν
775 834 984 918 κληρούχων·
1008 832 1096 901 άλλά

140 930 179 997 τά
191 929 270 1017 μετὰ
281 939 383 997 ταῦτα
396 934 467 1011 ε’ρώ,
494 928 537 1007 ὠς
554 928 618 1015 γάρ
631 928 802 1016 ἀπηλλάγη
817 931 905 1014 παρὰ
916 939 977 999 τοῦ
985 930 1089 1000 'Am-

141 1035 257 1108 κλέους
268 1032 391 1096 καίτοι)
405 1029 558 1113 Μισγόλα
574 1038 733 1116 Τίμαρχος
746 1030 866 1108 ούτοοὶ,
876 1027 939 1098 ούιι
950 1034 1096 1100 ἐνουθέ-
1140 1080 1146 1090 ·

139 1153 237 1215 τησειι
257 1126 375 1196 ἑαυτὸν
393 1127 470 1194 οὐδὲ
483 1129 662 1213 βελτιόνων
675 1127 987 1215 διατριβῶυῆιγατο,
1007 1126 1094 1197 άλλύι

88 1248 121 1302 79
142 1232 334 1312 διημέρευεν
352 1228 445 1315 ἐντῷ
462 1233 599 1313 κυβείῳ,
621 1217 693 1311 οὖὴ
706 1234 799 1311 τηλία
809 1234 936 1294 τίθεται
947 1229 1002 1293 καὶ
1012 1224 1095 1305 τούς

142 1325 364 1409 ἀλεκτρυόνας
382 1329 609 1412 συμβάλλουσι
625 1329 680 1410 καὶ
698 1326 916 1411 κυβεύουσιν·
939 1323 1004 1410 ἤδη
1026 1322 1094 1409 γάρ

143 1426 233 1511 οἶμαί
252 1431 342 1503 τινας
359 1423 454 1511 ύμιδν
465 1428 646 1507 ἑωρακέναι
663 1422 683 1490 δ’
700 1428 802 1510 λέγω,
829 1430 859 1491 ελ
876 1421 911 1489 δὲ
927 1422 989 1508 μη,
1014 1419 1093 1489 ἀλλ’

143 1523 320 1609 ιικηκοέναι
337 1550 382 1609 γε.
403 1552 470 1591 των
483 1522 545 1590 δε’
529 1550 564 1590 εκ
576 1530 631 1609 τῆς
644 1528 811 1608 διατριβῆς
825 1520 944 1606 ταύτης
960 1522 1031 1589 ἐστι’
1046 1545 1097 1599 τις
1112 1538 1143 1586 σε

143 1623 361 1709 Πιττάλακος,
385 1623 564 1705 άνθρωκος
582 1621 782 1746 δημόσιος
749 1622 875 1704 οικέτης
886 1625 941 1704 τῆς
953 1610 1092 1695 πόλεως.

144 1727 240 1800 οὑτος
258 1721 410 1806 εὐπορῶν
427 1720 589 1804 ἀργυρίου
608 1747 662 1786 και
652 1715 760 1787 ίδιδν
777 1725 895 1785 τοῦτον
913 1718 949 1783 ἐν
966 1740 1004 1803 τη
994 1719 1095 1783 δια-

143 1828 238 1906 τριβῇ
256 1820 359 1906 ταύτῃ
377 1817 537 1903 άυέλαβεν
555 1816 658 1885 αὐτὸν
670 1820 724 1889 καὶ
737 1843 800 1900 ειχε
811 1841 877 1898 παρ
904 1817 1018 1901 εαυτῷ.
1037 1817 1094 1882 καὶ

142 1919 235 1987 ταῦτ’
250 1917 310 1987 ούκ
323 1922 553 2003 ἐδυσχέραινεν
564 1916 582 1985 ὁ
593 1917 709 2005 μιαρὸς
720 1915 848 2001 οὑτοσί,
871 1919 1001 2002 μέλλων
1013 1918 1095 1983 ἑαυ-

136 2017 201 2086 ’τδυ
221 2018 451 2101 καταισχύνειν
469 2015 550 2103 πρὸς
572 2016 757 2103 άνθρωκον
779 2016 1093 2103 δημόσιονοίκέτηυ

142 2128 199 2204 τῆς
216 2119 357 2195 πόλεως·
382 2115 456 2186 άλλ’
474 2125 504 2185 εἰ
518 2118 655 2203 λη’ψεται
672 2113 816 2202 χορηγὸν
827 2123 866 2203 τῇ
878 2119 1037 2203 βδελυρία
1049 2122 1093 2199 τῇ

113 2222 116 2227 ‘
143 2219 279 2299 ἑαυτοῦ,
300 2224 397 2284 τοῦτο
416 2217 521 2302 μόνον
539 2219 713 2302 ἐσκέψατο,
736 2224 804 2284 τῶν
822 2209 1011 2301 δὲκαλῶυῆ
1022 2220 1092 2279 τῶν

144 2320 286 2399 αἰσχρῶν
310 2314 466 2400 οὐδεμίαν
487 2313 618 2402 κωκοτε
640 2316 802 2400 πρόνοιαν
822 2314 1008 2400 ἐποιήσατο.
1038 2313 1094 2378 καὶ
1111 2326 1142 2378 ’ὠ

143 2420 277 2479 τοιαῦτα
295 2409 510 2499 ἁμαρτήματα
527 2415 581 2480 καὶ
598 2414 751 2492 τοιαύτας
762 2412 874 2500 ὕβρεις
886 2410 949 2530 ἐγώ
961 2409 1095 2497 ἀκήκοα,

143 2514 312 2595 γεγονέναι
329 2509 393 2578 ὑπὸ
411 2517 471 2578 τοῦ
487 2509 672 2630 ἄνθρωπον
684 2513 805 2579 τούτου
816 2518 862 2589 είς
874 2508 910 2577 τδ
923 2518 1091 2597 σωματοῦ

146 2610 330 2695 Τιμάρχου,
354 2609 423 2688 οἱας
435 2607 516 2727 ἐγω
511 2609 554 2677 ιιά
567 2610 625 2678 τόν
637 2608 702 2677 Δία
714 2608 773 2678 τδν
781 2607 960 2695 Ὀλύμκιον
972 2607 1034 2676 ούκ
1047 2604 1092 2675 άν

143 2708 337 2793 τολμήσαιμι
349 2706 430 2790 κρδς
441 2705 525 2794 ὑμᾶς
537 2715 655 2777 εἰπεῖν·
672 2705 692 2775 ά
703 2709 766 2793 γάρ
779 2701 875 2789 οὗτος
887 2715 971 2832 ἔργμ
983 2710 1092 2793 πράτ-

143 2830 209 2870 των
229 2805 290 2871 ούκ
313 2803 488 2922 ησχύνετο,
510 2805 603 2873 ταῦτ’
618 2807 687 2894 ε’γιδ
708 2809 795 2897 λόγω
813 2815 928 2926 σμφῶς
949 2810 985 2874 ε’ν
988 2806 1090 2893 ύμῖν

27 2976 30 2981 ,
90 2915 123 2968 80
143 2899 358 2969 εἰπωνούκ“
338 2929 380 2968 αν
397 2903 555 2988 ἐδεξάμην
572 2910 638 2989 ζῆν.
663 2929 727 2973 υκο
716 2903 775 2971 δε
787 2931 863 2982 τους
875 2931 997 2984 αυτους
1008 2932 1091 2990 χρυ
1135 2934 1144 2949 ·

144 3025 221 3076 νους
244 2999 397 3085 τούτους,
420 2995 508 3065 ἐν
474 3027 522 3080 οις
541 2994 637 3080 οὗτος
653 3030 696 3088 ην
713 3029 802 3100 παρα
820 3030 865 3070 τω
852 3004 1091 3093 Πιτταλάκῳ,

142 3106 299 3165 καταπλεῖ
314 3104 412 3182 δεῦρο
431 3101 462 3179 ἐξ
476 3096 717 3185 Ελλησκόντου
728 3071 988 3187 Ἡγήσάνδρος*
972 3129 990 3169 ο
1008 3106 1093 3168 τοῦ·

142 3222 200 3261 του
221 3194 421 3280 ἀνειληφὼς,
443 3199 516 3283 περὶ
535 3224 576 3264 ου
566 3191 695 3266 πάλαι
711 3205 748 3265 εὐ
766 3197 862 3267 οἷδ’”
842 3198 1093 3325 οτιβαυμάζετε

143 3295 224 3359 διότι
238 3292 277 3360 ού
290 3297 469 3381 ιιέμνημαι·
493 3298 598 3397 ούτως
610 3301 743 3384 ἐναργές
754 3303 843 3367 ἐστιν
861 3296 880 3366 ὃ
895 3303 968 3382 ἐρῶ.
992 3291 1094 3378 οὗτος
1111 3322 1143 3378 56

142 3422 158 3459 ο
178 3390 443 3476 Ηγησαιδρος
425 3413 626 3477 αφικιείται,
652 3396 692 3463 ὃν
710 3396 802 3476 ὑμεῖς
821 3408 888 3471 λ’στε
911 3390 1093 3463 κάλλιον
1070 3424 1092 3475 η
