2340 3916
24 210 28 215 '
139 196 181 261 26
514 197 735 251 ΔΝΔΟΚΙΔΟΤ

141 343 264 408 ταῦτα·
296 336 382 408 εἶναι
417 338 455 408 δὲ
482 336 696 427 Ἀλκιβιάδην
730 337 791 407 τὸν
826 338 1019 426 Φηγούσιον
1050 343 1108 409 καὶ

88 460 123 515 οε
138 441 320 529 Ἀμίαντον
337 441 398 510 τὸν
419 443 450 523 ἐξ
470 448 625 528 Αἰγίνης.
661 441 719 509 καί
738 430 831 508 οὗτοι
854 438 916 529 μέν
935 446 1108 521 δείσαντες

144 541 270 635 ᾤχοντο
289 543 490 631 φεύγοντες·
509 540 608 630 όμεῖς
627 541 665 611 δέ
678 540 887 622 ἀκούσαντες
900 545 1008 611 ταῦτα
1022 553 1107 613 Λιο-

142 649 278 734 κλείδην
296 644 359 733 μὲν
372 650 419 736 τῷ
433 649 638 734 δικαστηρίῳ
653 643 863 733 παραδόντες
877 642 1109 732 ἀπεκτείνατε,

141 746 221 827 τοὺς
232 745 270 814 δέ
280 743 1110 835 δεδεμένουςκαὶμέλλονταςάπολεῖσθαιἐλύσατε,

141 846 222 928 τούς
242 849 344 937 ἐμοὺς
363 863 558 935 συγγενεῖς,
578 845 623 917 δι’
645 848 722 935 ἐμέ,
740 847 897 927 καὶτοὺς
915 846 1110 934 φεύγοντας

141 951 384 1037 κατεδέξασθε,
417 948 516 1018 αὐτοὶ
546 948 585 1018 δὲ
609 949 770 1036 λαβόντες
799 947 841 1017 τά
867 946 954 1017 ὅπλα
986 947 1110 1038 ἀπῇτε,

90 1080 123 1130 67
142 1054 279 1121 πολλῶν
297 1053 412 1120 κακῶν
437 1052 493 1120 καί
511 1050 684 1120 κινδύνων
702 1048 963 1136 ἀπαλλαγέντες.
1001 1054 1039 1119 ἐν
1057 1046 1111 1131 οἷς

145 1153 211 1240 ε’γά
220 1205 229 1239 ,
249 1144 275 1221 ῶ
293 1150 434 1242 ἀνδρες,
451 1153 510 1241 της
527 1153 590 1241 μὲν
603 1151 706 1241 τύχης
724 1142 747 1240 ᾗ
767 1150 958 1241 ἐχρησάμην
971 1159 1111 1232 δικαίως

143 1251 186 1321 ἀν
210 1253 279 1323 άπὸ
305 1253 444 1323 πάντων
469 1257 664 1343 ἐλεηθείην,
687 1256 758 1321 τῶν
784 1253 822 1323 δέ
840 1251 901 1342 (δι’
918 1253 989 1343 ἐμὲ)
1009 1281 1111 1341 γενο-

141 1356 255 1442 μένων
287 1359 399 1424 ἕνεκεν
425 1355 563 1436 εἰκότως
587 1352 662 1444 (ἀν)
694 1353 780 1444 ἀνὴρ
811 1353 945 1444 ἀριστος
969 1360 1111 1444 δοκοίην

142 1454 247 1545 εἶναι,
266 1455 354 1538 ὅστις
370 1458 622 1549 εἰσηγησαμένῳ
636 1456 700 1544 μὲν
713 1454 897 1549 Εὐφιλήτῳ
912 1465 1025 1526 πίστιν
1039 1460 1111 1526 τῶν

144 1560 180 1627 ἐν
194 1558 388 1649 ἀνθρώποις
402 1556 626 1648 ἀπιστοτάτην
640 1557 856 1647 ἠναντιώθην
871 1560 928 1628 καί
946 1556 1111 1628 ἀντεῖπον

142 1661 198 1729 καὶ
215 1660 410 1751 ἐλοιδόρησα
426 1658 570 1753 [ἐκείνῳ]
591 1651 639 1728 ῶν
657 1651 698 1748 ἦν
716 1658 819 1747 ἀξιος,
837 1658 1060 1750 ἁμαρτόντων
1075 1660 1108 1728 δ’

143 1764 283 1832 ἐκείνων
296 1763 358 1852 τὴν
372 1760 541 1851 ἀμαρτίαν
556 1760 674 1843 αὐτοῖς
688 1762 909 1851 συνέκρυψα,
926 1763 984 1831 καί
997 1761 1112 1850 μηνό-

143 1884 263 1945 σαντος
281 1863 355 1933 κατ’
375 1862 491 1934 αὐτῶν
511 1863 663 1953 Τεύκρου
679 1869 715 1933 οἰ
725 1861 788 1951 μὲν
802 1861 918 1932 αὐτῶν
931 1862 1111 1933 ἀπέθανον

144 1971 181 2034 οί
196 1964 229 2034 δ’
257 1973 408 2052 ἔφυγον,
433 1966 516 2055 πρὶν
540 1964 626 2054 ἡμᾶς
648 1962 718 2034 ἀπὸ
743 1968 946 2035 Διοκλείδου
970 1967 1113 2053 δεθῆναι

144 2069 201 2135 καί
219 2069 352 2153 μέλλειν
370 2066 580 2136 ἀπολεῖσθαι.
607 2066 683 2136 τότε
701 2065 739 2136 δὲ
753 2064 935 2156 ἀπέγραψα
949 2068 1112 2156 τέτταρας

142 2165 289 2255 ἀνδρας,
314 2176 501 2238 Παναίτιον
520 2168 705 2258 Διάκριτον
727 2175 965 2257 Λυσίστρατον
984 2170 1109 2257 Χαιρέ-

91 2301 125 2352 68
144 2272 268 2357 δημον·
296 2261 389 2338 οὗτοι
406 2269 469 2359 μὲν
488 2277 619 2359 ἔφυγον
637 2267 681 2338 δι’
704 2272 778 2359 ἐμέ,
800 2267 970 2358 ὁμολογῶ·
997 2269 1110 2360 ε’σῶθη

143 2371 184 2438 δέ
195 2397 233 2456 γε
247 2367 265 2438 ὁ
281 2372 409 2461 πατήρ,
428 2371 446 2442 ὁ
460 2371 633 2461 κηδεστής,
648 2368 780 2451 ἀνεψιοὶ
794 2386 898 2460 τρεῖς,
911 2374 981 2440 τῶν
995 2368 1111 2440 ἀλλων

144 2475 321 2559 συγγενῶν
347 2473 450 2561 ἑπτά,
480 2475 659 2561 μέλλοντες
685 2470 936 2542 ἀποθανεῖσθαι
965 2471 1109 2553 ἀδίκως·

144 2581 180 2642 οἳ
194 2577 261 2642 νῦν
286 2573 390 2664 ὁρῶσι
406 2577 468 2645 τοῦ
487 2575 587 2663 ἡλίου
606 2573 643 2643 τό
663 2577 737 2662 φῶς
755 2571 800 2642 δι’
829 2574 904 2663 ἐμέ,
929 2575 985 2642 καί
1009 2572 1111 2643 αὐτοὶ

30 2748 35 2757 ,
144 2672 385 2763 ὁμολογοῦσιν·
411 2675 429 2744 ὁ
457 2677 495 2746 δέ
518 2674 580 2764 τὴν
598 2676 697 2745 πόλιν
715 2673 798 2764 ὅλην
816 2675 1028 2763 συνταράξας
1052 2677 1111 2743 καί

141 2783 191 2856 είς
208 2778 289 2858 τούς
309 2778 469 2863 ἐσχάτους
486 2778 670 2858 κινδάνους
689 2778 899 2863 καταστήσας
913 2777 1111 2866 ἐξηλέγχθη,

211 2908 252 2961 65,
267 2897 415 2972 Ἀμίαντον
437 2898 488 2958 τόν
510 2907 557 2958 ΑΒ
580 2907 632 2958 Bk.
660 2906 710 2972 (ci.
731 2905 856 2969 γελοίως
875 2896 973 2973 Ἀμίαν
999 2902 1110 2959 τοῦτον.

141 2975 280 3024 -verba
303 2967 332 3038 ἐξ
356 2969 474 3038 Αἰγίνης
498 2970 580 3040 (quae
604 2979 661 3024 tum
678 2973 890 3026 AtheniensIum
912 2971 984 3037 erat)
1007 2973 1113 3024 solliei-

142 3046 236 3173 ηηιυηῖ
258 3042 395 3092 immerito
417 3042 511 3092 Naber
534 3048 563 3093 et
580 3043 633 3093 Κὸ.
656 3034 719 3109 (τὸν
741 3035 871 3108 Αἰγιλιεῖ,
898 3033 949 3093 τὸν
976 3033 1007 3104 ἐξ
1030 3036 1112 3105 Αἰγι-

161 3125 228 3167 ιας.

213 3177 256 3226 66.
273 3165 365 3240 ἀπῇτε
384 3177 444 3227 W.:
463 3167 569 3244 ἀπίητε
586 3176 693 3238 ΑΒΙιΖς
713 3167 833 3241 ἀπηειτε
851 3191 877 3228 ν.

211 3243 253 3296 67.
272 3259 316 3295 vv.
335 3243 386 3306 τῆς
403 3239 458 3308 μέν
475 3239 563 3311 τύχης
579 3270 612 3281 -
630 3236 786 3309 ἐλεηθείην
803 3243 900 3295 laudat
916 3244 1004 3296 Prisc.
1016 3241 1112 3294 XVIII

143 3325 168 3359 c.
185 3311 226 3360 25.
238 3337 271 3346 -
284 3299 321 3360 δι’
340 3302 388 3376 ἐμὲ
406 3311 510 3362 addidi:
529 3327 565 3362 an
578 3313 669 3377 potius
688 3303 736 3362 ἐπ’
748 3303 801 3377 (ἐν)
815 3303 896 3376 ἐμοίῖ
914 3302 978 3363 τότε
991 3309 1053 3362 add.
1066 3312 1112 3365 W.

142 3403 176 3413 -
198 3373 360 3443 γενομένων
377 3380 448 3434 Bait.
472 3379 561 3432 Turn:
591 3375 756 3445 γινομένων.
780 3404 812 3415 -
835 3368 898 3444 (ἀν)
921 3370 994 3444 ἀνὴρ
1017 3380 1053 3429 εἰ.
1077 3378 1110 3428 R.

144 3470 178 3481 -
202 3438 301 3499 ἐκείνω
320 3446 373 3497 del.
393 3449 448 3508 W.;
477 3439 595 3499 ἐκείνων
613 3446 676 3498 hab.
695 3461 736 3511 pr.
754 3444 799 3501 Ad.

210 3514 251 3565 (38.
272 3499 354 3579 ἔπτά]
375 3515 411 3567 ef.
424 3529 495 3579 quae
510 3513 643 3565 adnotata
656 3513 767 3565 suntad
781 3514 796 3576 ᾖ
809 3514 851 3565 47.
860 3540 894 3548 -
904 3505 1041 3580 ἐξηλέγχη
1052 3513 1111 3564 AB.
