2340 3916
128 180 169 244 74
494 177 711 232 ιαιοιιιιον

127 325 224 391 νατοὶ
243 327 520 409 Λακεδαιμονίοις
535 328 693 407 πολεμεῖν
713 323 812 408 ἐσμεν
825 319 908 390 ἄνευ
923 325 1094 391 Βοιωτῶν.

76 436 109 487 26
127 430 205 513 ναί,
229 432 317 511 φασί
337 438 443 512 τινες,
466 420 509 491 διν
528 422 705 514 Κόρινθόν
722 449 757 492 τε
784 423 1008 512 φυλάττωμεν
1034 426 1093 492 καὶ

129 527 327 615 συμμάχους
352 532 479 614 ἔχωμεν
493 524 676 613 Ἀργείους,
714 525 839 595 ίόντων
863 525 901 594 δέ
926 529 1094 596 Λακεδαι-

128 636 260 715 μονίων
279 627 456 716 εἰς”Αργος
470 627 615 717 πότερον
633 626 846 716 βοηθήσομεν
860 626 977 707 αὐτοῖς
995 623 1015 715 ή
1034 625 1076 697 ού
1086 660 1094 710 ;

129 731 236 819 πολλή
260 731 326 818 γὰρ
352 729 483 818 ἄνοίγκη
516 727 680 819 ὁπότερον
703 728 836 799 τούτων
862 730 1007 799 ἑλέσθαι.
1050 731 1095 818 μή

24 877 29 887 ι
127 833 353 921 βοηθούντων
370 831 433 919 μὲν
452 823 516 900 οὖν
533 828 630 918 ήμῶν
649 828 732 900 ούδέ
756 831 857 917 λόγος
875 830 1096 901 ύπολείπεται

127 935 172 1023 μή
188 932 252 1004 οὐκ
260 932 389 1004 ἀδικεῖν
403 935 458 1000 καὶ
474 947 583 1002 ποιεῖν
597 929 671 1021 (δν)
684 931 858 1022 Ἀργείους
872 933 994 1003 ὁποῖον
1006 931 1050 1001 ἄν
1065 959 1096 1002 τι

129 1036 321 1124 βούλωνται
339 1038 492 1115 δικαίως·
511 1034 736 1124 βοηθούντων
754 1035 792 1104 δέ
808 1032 904 1124 ήμῶν
918 1033 1096 1125 εἰς’Ἀργος

129 1136 192 1223 ούχ
218 1141 350 1224 ἕτοιμον
374 1137 539 1224 μάχεσθαι
557 1143 850 1224 Λακεδαιμονίοις;
879 1143 936 1206 ἵνα
953 1135 1035 1225 ήμῐν
1062 1146 1100 1206 τί

12 1314 15 1319 ,
128 1241 282 1326 γένηται;
308 1245 365 1307 ἵνα
383 1237 566 1327 ἡττώμενοι
589 1239 651 1326 μὲν
668 1239 727 1307 καί
745 1239 807 1327 τήν
825 1247 956 1310 οίκείαν
980 1238 1097 1328 χώραν

129 1340 348 1427 ἀπολέσωμεν
366 1340 451 1431 πρὸς
468 1343 510 1430 τῇ
525 1347 742 1429 Κορινθίων,
759 1342 960 1428 νικήσαντες
978 1340 1016 1409 δέ
1033 1340 1096 1427 τήν

128 1449 325 1531 Κορινθίων
341 1441 500 1533 Ἀργείων
519 1443 720 1531 ποιήσωμεν.
758 1441 820 1529 ούχ
847 1446 946 1513 ἕνεκα
963 1441 1096 1510 τούτων

76 1565 111 1615 27
129 1545 377 1632 πολεμήσομεν;
398 1543 613 1634 Σκεψώμεθα
631 1545 673 1631 δή
691 1545 749 1612 καὶ
762 1543 1017 1634 τούςἈργείων
1035 1543 1095 1611 λό-

128 1673 220 1732 γους.
263 1646 440 1716 κελεύουσι
471 1646 537 1736 γὰρ
568 1645 656 1735 ἡμᾶς
680 1649 777 1735 κοινῇ
809 1647 890 1734 μετὰ
916 1647 1015 1732 σφων
1038 1647 1095 1712 καὶ

128 1749 210 1836 μετδι
236 1756 433 1836 Κορινθίων
458 1757 637 1837 πολεμεῖν,
669 1746 768 1817 αύτολ
794 1747 828 1817 δ’
858 1752 930 1837 ίδίηι
956 1745 1097 1835 εἰρήνην

129 1850 346 1937 ποιησάμενοι
364 1849 426 1938 τήν
450 1850 565 1940 χώραν
591 1849 631 1919 ού
652 1850 858 1940 παρέχουσιν
886 1853 1097 1935 ἐμπολεμεῖν.

129 1954 185 2020 καὶ
210 1951 292 2039 μετὰ
316 1951 379 2040 μέν
402 1951 542 2021 παντων
565 1957 634 2021 τών
658 1951 846 2039 συμμάχων
869 1951 932 2036 τήν
957 1950 1098 2040 είρήνην

129 2054 355 2140 ποιουμένους
375 2052 439 2124 ούκ
458 2057 558 2125 ἐώσιν
574 2052 661 2141 ήμᾶς
678 2050 782 2123 ούδὲν
801 2051 970 2122 πιστεύειν
984 2061 1096 2122 Λακε-

130 2159 331 2241 δαιμονίοις
350 2151 371 2224 δ
390 2155 428 2224 δέ
442 2156 527 2245 πρὸς
540 2155 686 2234 τούτους
703 2155 831 2244 μόνους
852 2158 974 2225 ἐκείνοι
992 2154 1098 2222 συνέ-

128 2265 249 2344 θεντο,
273 2255 369 2326 ταῦτ’
396 2255 609 2327 οὐδεπώποτ’
635 2256 764 2336 αύτούς
789 2277 872 2345 φασι
896 2259 1097 2344 παραβῆναι.

130 2365 278 2447 πατρίαν
296 2359 335 2428 δὲ
354 2359 493 2448 εἰρήνην
507 2359 726 2448 ὀνομάζοντες
745 2349 766 2447 ᾖ
786 2361 951 2449 χρῶνται,
968 2372 1041 2437 τοις
1060 2355 1098 2425 δέ

91 2483 116 2523 ιι
131 2456 244 2584 ἄλλρις
259 2458 418 2550 Ἕλλησιν
442 2459 507 2530 ούκ
539 2464 616 2531 ἐῶσι
643 2469 749 2552 πατρί
748 2488 791 2529 αν
814 2460 819 2547 Ι
848 2460 1008 2548 γενέσθαι
1036 2458 1099 2546 τήν

131 2562 283 2650 είρήνην·
300 2563 391 2632 ἐκ
350 2590 416 2654 γαρ
429 2589 490 2632 του
476 2565 656 2689 πολέμου
676 2564 914 2653 χρονισθέντος
924 2559 1099 2647 Κόρινθον

132 2665 222 2733 έλειν
240 2668 474 2753 προσδοκῶσι,
498 2666 723 2789 κρατήσαντες
748 2664 786 2734 δέ
809 2661 941 2733 τούτων
958 2656 1023 2750 ὑφ’
1050 2688 1099 2729 ων

130 2763 183 2833 αεὶ
214 2769 438 2853 κρατοῦνται,
469 2769 526 2835 καί
558 2765 639 2847 τούς
665 2768 897 2846 συννικῶντας
930 2768 1099 2845 ἐλπίζουσι

130 2865 413 2951 παραστήσεσθαι.

199 3030 240 3081 26.
259 3028 311 3080 ναί
327 3031 374 3081 ΑΒ
392 3031 456 3080 Bk.:
475 3028 586 3082 καλ-
604 3023 752 3112 ίόντων]”
738 3047 829 3084 οντων
841 3029 1001 3081 ΑΒΖΜ
968 3018 1100 3109 -ημῶν

130 3097 218 3147 Bait.
237 3089 383 3162 ὑμῶν-
352 3095 457 3149 -καλ
474 3101 572 3150 ποιειν
590 3087 649 3163 (αν)
665 3091 733 3166 Ἀργ.
757 3099 856 3165 εσιίρεί
873 3095 1016 3162 <similiter
1043 3097 1100 3145 iam

131 3163 170 3215 sl
193 3165 277 3219 Dobr.
302 3164 400 3243 Bait):
423 3159 562 3231 Ἀργείους
590 3166 639 3219 καὶ
662 3170 767 3219 ποιειν.
795 3192 828 3202 -
854 3161 1099 3241 Λακεδαιμονίοις

130 3233 177 3282 ΑΒ
196 3232 261 3287 Βίας
284 3225 355 3299 πρὸς
378 3233 696 3313 Λακεδαιμονίους-
720 3228 900 3298 απολέσομεν
932 3236 960 3283 et
982 3222 1100 3296 ποιήσο-

130 3301 234 3364 μ.ενΑ
254 3327 286 3337 -
304 3294 509 3386 πολεμήσωμεν
527 3304 635 3354 ΔΒΖΜ.

198 3371 240 3424 27.
259 3385 451 3434 ποιουμενοιις
477 3370 523 3421 R.:
551 3367 735 3451 ποιουμένοις
757 3370 821 3432 (Bk.
844 3368 1002 3431 Turr..-)
1027 3363 1101 3432 φησι

130 3436 290 3489 ABZM.-
308 3431 454 3503 ἐλπίζουσι
471 3432 711 3506 παραστήσεσθαι
730 3453 790 3489 cum
808 3437 839 3491 R,
853 3436 919 3490 Bk.:
937 3428 1102 3498 ἐλπίζουσιν

130 3493 357 3572 ἀποστήσεσθαι.
