2340 3916
293 217 425 273 ΚΑΤΑ
446 218 828 291 ΚΤΗΣΙΦΩΝΤΟΣ.
970 217 1030 282 181

83 374 144 462 τήν
162 381 292 444 δικαίαν
309 374 493 460 ἀπολογίαν
510 379 736 462 Δημοσθένην
753 387 943 466 παρακαλῇ,
966 380 1031 465 μά-

84 486 176 543 λιστα
188 478 249 562 μέν
259 476 302 563 μή
316 479 537 560 προσδέχεσθε
547 482 736 560 κακοῦργον
748 473 948 562 ἀνθρωπον,
961 479 1031 547 οίό-

83 601 185 660 μενον
196 576 317 663 ῥήμασι
328 573 408 654 τοῦς
424 575 549 660 νόμους
562 573 771 661 ἀναιρήσειν,
792 573 870 661 μηδ’
884 579 921 642 έν
932 574 1032 663 ἀρετή

82 671 180 739 τοῦθ’
195 671 294 758 ύμιῦν
304 677 416 759 μηδεὶς
428 675 708 756 καταλογιζέσθω,
730 668 767 751 ὃς
777 668 820 740 ἀν
830 675 1030 760 ἐπανερομέ-

83 799 144 838 νου
167 780 420 858 Κτησιφῶντος,
442 777 473 839 εί
495 776 616 858 καλέσῃ
637 777 1031 857 Δημοσθένην,,προῦτος

82 869 253 958 ἀναβοήση
263 873 396 957 ,,κάλει,
410 871 537 938 κάλει.“
559 873 610 938 ἐπὶ
621 870 745 939 σαυτὸν
757 880 874 956 καλεῖς,
888 873 939 939 ἐπὶ
951 869 1029 948 τοῦς
1047 874 1098 929 591

82 970 205 1054 νόμους
216 979 341 1054 καλεῖς,
362 971 413 1037 ἐπὶ
425 968 486 1055 τήν
497 973 721 1055 δημοκρατίαν
733 977 849 1046 καλεῖς.
865 963 908 1035 ἀν
920 967 950 1035 δ’
965 967 1029 1053 ἀρα

81 1065 159 1152 ὑμίν
172 1068 249 1156 δόξη
261 1067 407 1152 ἀκούειν,
421 1065 579 1148 ἀξιώσατε
590 1068 650 1136 τόν
660 1069 886 1154 Δημοσθένην
897 1066 957 1134 τόν
967 1065 1029 1132 αύ-

80 1165 140 1232 τὸν
157 1168 283 1249 τρόπον
302 1166 556 1252 ἀπολογείσθαι,
583 1166 685 1250 όνπερ
703 1165 794 1251 κάγσδ
807 1166 1025 1252 κατηγόρηκα.

80 1264 143 1348 ἐγώ
166 1267 200 1331 δὲ
223 1272 293 1343 πῶς
317 1266 546 1351 κατηγόρηκας
574 1270 629 1333 ἵνα
650 1268 705 1351 καὶ
728 1265 909 1352 ὑπομνήσω
932 1265 1026 1352 ὑμᾶς.
1045 1277 1096 1332 592

32 1373 61 1425 ³3
79 1362 153 1428 οὔτε
173 1361 231 1428 τόν
244 1367 329 1432 λ’διον
339 1370 414 1451 βίον
431 1367 491 1432 τόν
500 1369 743 1452 Δημοσθένους
761 1367 924 1453 πρότερον
942 1371 1009 1445 διεξ

80 1469 191 1546 ήλθον
211 1461 290 1529 οῦτε
306 1471 374 1530 τῶν
393 1469 560 1550 δημοσίων
573 1463 784 1552 ἀδικημάτων
795 1464 933 1545 οὐδενός
944 1465 1028 1549 πρό-

79 1587 177 1643 τερον
193 1564 383 1650 ἐμνήσθην,
408 1565 545 1650 ἀφθονα
565 1567 673 1652 δήπου
689 1569 743 1633 καὶ
761 1564 865 1632 πολλά
879 1571 963 1650 ἔχων
974 1569 1029 1632 λέ-

77 1689 164 1746 γειν,
183 1658 206 1749 ή
220 1661 398 1748 πάντωνγ’
412 1659 455 1730 ἀν
466 1674 536 1750 είην
551 1663 776 1746 ἀπορώτατος·
800 1661 884 1729 ἀλλά
895 1671 1028 1744 πρῶτον

80 1760 140 1844 μὲν
160 1759 238 1839 τοῦς
255 1762 380 1845 νόμους
399 1764 545 1840 ἐπέδειξα
560 1759 830 1846 ἀπαγορεύοντας
847 1758 890 1847 μή
905 1781 1028 1845 στεφα-

80 1866 166 1923 νοῦν
182 1856 261 1935 τοῦς
278 1856 510 1944 ὑπευθύνους,
533 1865 642 1926 ἔπειτα
661 1861 721 1927 τὸν
737 1860 861 1946 ῥήτορα
878 1859 1029 1945 ἐξήλεγξα

79 1957 254 2041 γράψαντα
271 1962 498 2044 Δημοσθένην
515 1956 713 2026 ὑπεύθυνον
737 1957 817 2027 ὅντα
839 1965 1028 2044 στεφανοῦν

80 2054 179 2123 οῦδὲν
197 2057 486 2143 προβαλλόμενον,
508 2057 586 2126 οῦδὲ
603 2057 900 2144 προσεγγράψαντα
917 2059 1028 2142 ,,έπει-

78 2157 141 2222 δάν
158 2159 205 2242 δῷ
223 2155 280 2234 τάς
297 2154 487 2244 εύθύνας,“
508 2156 592 2225 ἀλλά
610 2165 778 2234 παντελοῦς
795 2157 849 2223 καὶ
867 2152 963 2241 ὑμῶν
974 2158 1028 2221 καὶ

77 2262 145 2321 τάν
157 2253 271 2339 νόμων
282 2255 614 2342 καταπεφρονηκότα·
638 2257 692 2323 καὶ
708 2255 933 2341 τάςέσομένας
944 2254 1026 2339 πρὸς
1045 2265 1097 2321 593

79 2361 181 2421 ταῦτα
193 2355 378 2439 προφάσεις
389 2354 500 2440 εἷπον,
525 2352 564 2434 ἀς
580 2353 660 2434 ἀξιῶ
676 2359 731 2422 καὶ
745 2353 832 2441 ῦμῦς
844 2359 1027 2439 διαμνημο-

32 2464 60 2517 ιλ
78 2453 198 2519 νεύειν.
213 2454 371 2539 δεύτερον
383 2453 413 2521 δ’
432 2452 513 2539 ύμίν
524 2457 699 2539 διεξῆλθον
710 2451 787 2531 τοῦς
798 2453 871 2534 περὶ
885 2461 953 2519 τοῖν
967 2479 1027 2536 κη-

79 2553 257 2636 ρυγμάτων
268 2553 401 2638 νόμους,
414 2555 452 2619 έν
461 2549 509 2630 οἷς
519 2551 700 2637 διαρρήδην
710 2548 880 2635 ἀπείρηται
890 2549 949 2617 τόν
960 2548 1026 2616 ῦπὸ

78 2657 139 2714 τοῦ
157 2649 265 2733 δήμου
288 2651 562 2735 στεφανούμενον
578 2648 622 2735 μή
645 2650 866 2735 κηρύττεσθαι
888 2652 947 2728 ἔξω
970 2656 1028 2734 τής

78 2754 265 2836 ἐκκλησίας·
289 2747 306 2819 ὁ
325 2751 361 2819 δέ
378 2748 517 2837 όήτωρὸ
534 2751 670 2835 φεύγων
681 2749 742 2836 τήν
753 2748 888 2835 γραφήν
898 2747 939 2816 ού
951 2746 1029 2827 τοῦς

78 2851 203 2934 νόμους
222 2851 329 2935 μόνον
339 2854 589 2937 παραβέβηκεν,
611 2847 693 2918 ἀλλά
706 2847 1027 2934 καὶτόνκαιρδντής

78 2947 291 3035 ἀναρρήσεως
302 2950 356 3016 καὶ
368 2947 429 3016 τόν
440 2949 561 3034 τόπον,
580 2948 725 3017 κελεύων
737 2945 799 3016 οῦκ
809 2951 846 3015 έν
857 2956 895 3036 τή
909 2951 1027 3033 ἐκκλη-

78 3054 147 3133 σία,
172 3047 246 3115 ἀλλ’
269 3053 305 3116 έν
327 3056 372 3136 τῷ
395 3049 528 3137 θεάτρῳ
550 3048 612 3134 τήν
636 3047 820 3134 ἀνάρρησιν
838 3055 1024 3133 γίγνεσθαι,

78 3143 145 3209 οὐδ’
159 3146 438 3230 ἐκκλησιαζόντων
447 3143 643 3232 Ἀθηναίων,
655 3144 738 3212 ἀλλά
748 3145 937 3231 μελλόντων
947 3170 1027 3228 τρα-

77 3247 195 3329 γῳδῶν
213 3247 355 3311 είσιέναι.
380 3251 483 3311 ταῦτα
499 3242 531 3311 δ’
551 3242 654 3312 είπάν
671 3241 771 3329 μικρά
790 3241 851 3328 μὲν
870 3245 1027 3323 περὶτῶν

77 3346 171 3407 [δίων
182 3339 291 3427 εἷπον,
317 3342 356 3408 τά
375 3342 411 3409 δὲ
422 3352 556 3410 πλείστα
568 3344 642 3428 περὶ
653 3350 721 3410 των
731 3347 898 3428 δημοσίων
910 3338 1026 3424 ἀδικη-

32 3458 58 3507 >5
75 3441 190 3524 μα’των
208 3446 301 3525 λέγω.
324 3440 413 3509 οὕτω
433 3443 472 3528 δή
492 3446 545 3510 καὶ
556 3440 617 3510 τόν
629 3444 855 3529 Δημοσθένην
866 3440 1027 3520 ἀξιώσατε
