2340 3916
126 222 167 285 82
447 205 448 208 ’
535 214 663 265 τεκνον
759 222 763 238 „
913 213 916 217 ’
978 214 1030 266 οι.
1050 215 1076 266 ο.

125 385 296 475 γενόμενοι
331 389 370 457 δέ
400 414 487 467 τινες
514 389 742 476 ἐξαγγέλλουσι
767 401 834 466 τοῖς
860 391 993 466 οἰκείοις
1020 385 1083 475 τήν

128 485 323 575 ἐπιβουλήν,
351 491 406 558 καί
434 486 586 568 ἐλθόντες
613 486 783 576 ἐδήλωσαν
808 483 845 556 τό
863 491 996 577 πράγμα
1013 504 1084 567 τοῖς

129 593 312 676 δικασταῖς,
339 591 394 658 καί
419 585 525 668 οὕτως
550 585 847 678 άπεχειροτόνησαν
872 591 907 657 οἰ
931 590 1083 657 δικασταὶ

128 686 173 776 μή
189 690 335 778 μισθοῦν
350 687 427 770 τούς
439 699 565 768 οἰκους·
594 695 625 756 εἰ
642 685 674 757 δ’
695 695 832 776 ἔλαθεν,
850 684 1025 757 ἀπωλώλει
1041 683 1085 757 άν

128 784 238 859 άπασα
255 784 276 877 ή
293 785 399 860 οὐσία.
435 796 505 859 Καί
515 825 517 829 ⁴
527 817 583 878 μοι
600 787 691 858 κάλει
708 786 784 870 τούς
797 789 1085 880 παραγενομένους

129 887 306 980 μάρτυρας.

506 1035 712 1086 ΜΑΡΤΤΡΕΣ.

78 1202 112 1258 38
203 1191 292 1278 Πρίν
317 1189 379 1277 μέν
404 1195 519 1259 τοίνυν
536 1186 673 1270 τούτους
691 1196 853 1277 γνωρίσαι
875 1186 937 1276 τήν
954 1185 1087 1275 άνθρω·

129 1316 193 1359 πον
211 1291 265 1357 καὶ
283 1285 354 1378 μετ’
376 1292 502 1378 ἐκείνης
526 1292 761 1376 ἐπιβουλεῦσαι
778 1284 980 1378 Εὐκτήμονι,
997 1285 1088 1358 οὕτω

131 1386 257 1475 πολλήν
282 1385 402 1460 οὐσίαν
429 1392 579 1478 ἐκέκτητο
605 1385 791 1478 Εὐκτήμων
816 1387 897 1478 μετά
920 1393 982 1458 τού
997 1391 1088 1468 υίέος

131 1486 389 1581 Φιλοκτήμονος,
409 1486 492 1559 ὥστε
504 1487 570 1579 ἅμα
586 1517 623 1559 τε
637 1486 679 1558 τά
695 1489 831 1578 μέγιστα
847 1485 928 1578 ὑμῖν
940 1499 1088 1579 λειτουρ-

129 1605 203 1677 γεῖν
229 1585 433 1681 ἀμφοτέρους
458 1593 525 1660 των
550 1617 586 1660 τε
612 1586 759 1680 άρηαίων
784 1590 890 1679 μηδὲν
915 1592 1088 1679 πραθῆναι

129 1693 197 1760 τοῖν
218 1717 254 1759 τε
276 1689 451 1781 προσόδων
474 1705 675 1780 περιποιεῖν,
702 1687 785 1759 ὥστε
809 1686 865 1758 άεί
877 1718 910 1760 τι
927 1693 1089 1778 προσκτᾶ-

130 1802 225 1861 σθαι·
251 1788 366 1878 ἐπειδή
388 1787 420 1859 δ’
447 1788 636 1878 ἐτελεύτησε
660 1788 891 1879 Φιλοκτήμων,
916 1786 1003 1858 οὕτω
1023 1796 1089 1858 διε-

84 1928 86 1932 ·
129 1893 212 1978 τέθη
237 1886 258 1978 ή
284 1887 398 1979 οὐσία,
433 1888 517 1961 ὥστε
541 1894 609 1960 των
631 1887 777 1980 άργαίων
800 1891 884 1979 μηδέ
905 1887 946 1958 τά
967 1884 1090 1978 ήμίσεα

132 1989 218 2059 εἰναι
243 1988 341 2060 λοιπά
366 1993 422 2060 καὶ
446 1988 503 2070 τάς
529 1988 713 2081 προσόδους
739 1986 867 2070 άπάσας
890 1987 1089 2079 ἠφανίσθαι.

78 2114 114 2168 39
131 2091 186 2158 καί
203 2085 284 2158 οὐδὲ
301 2093 405 2159 ταύτα
424 2087 598 2181 ἐξήρκεσεν
615 2087 727 2170 αὐτοῖς
747 2093 962 2180 διαφορῆσαι,
987 2079 1015 2158 οὐ
1032 2087 1090 2159 άν·

134 2195 227 2278 δρες,
246 2185 320 2257 ἀλλ’
348 2187 463 2278 ἐπειδή
481 2191 536 2259 καί
554 2186 800 2278 ἐτελεύτησενό
819 2186 1021 2279 Εὐκτήμων,
1042 2197 1090 2271 εἰς

132 2293 230 2358 τούτο
264 2279 371 2376 ήλθον
394 2287 521 2378 ,τόλμης
548 2286 626 2358 ὥστ’
656 2294 785 2360 ἐκείνου
810 2292 963 2380 κειμένου
989 2295 1091 2361 ἔνδον

131 2386 209 2469 τούς
226 2390 288 2478 μὲν
305 2390 431 2471 οἰκέτας
446 2388 639 2479 ἐφύλαττον,
657 2386 746 2471 ὅπως
763 2393 878 2480 μηδείς
891 2394 1092 2479 ἐξαγγείλειε

132 2486 214 2579 μήτε
239 2505 315 2560 ταῖν
339 2493 540 2581 θυγατέροιν
565 2488 647 2579 μήτε
670 2494 713 2580 πή
728 2494 861 2579 γυναικί
888 2487 992 2561 αὐτοῦ
1008 2489 1093 2580 μήτε

132 2593 200 2661 τιόν
216 2597 349 2661 οἰκείων
365 2596 500 2680 μηδενί,
527 2586 567 2660 τά
594 2591 633 2661 δέ
653 2589 802 2682 χρήματα
819 2598 962 2662 ἔνδοθεν
980 2593 1094 2680 ἐξεφο-

133 2689 275 2778 ρήσαντο
285 2688 366 2780 μετά
381 2692 439 2778 τῆς
456 2688 638 2781 άνθράπου
656 2698 703 2772 εἰς
714 2690 775 2779 τήν
786 2687 956 2782 ὁμότοιχον
967 2698 1091 2780 οἰκίαν,

131 2785 177 2876 ήν
195 2788 272 2883 ήόκει
290 2793 538 2880 μεμισθωμένος
565 2786 612 2871 εἰς
634 2789 778 2881 τούτων,
794 2788 989 2882 Ἀντίδωρος
1008 2795 1093 2861 ἐκεῖ·

80 2903 116 2956 40
132 2918 197 2969 νος.
245 2891 301 2959 καί
326 2886 401 2960 οὐδ’
431 2888 545 2978 ἐπειδή
572 2892 693 2981 ἑτέρων
719 2891 906 2982 πυθόμεναι
931 2882 1041 2981 ήλθον
1057 2898 1097 2962 αἰ

132 2991 315 3080 θυγατέρες
342 2985 447 3059 αὐτοῦ
471 2986 573 3079 καλή
599 2991 686 3080 γυνή
693 3047 703 3081 ,
736 2989 816 3062 οὐδὲ
841 2991 914 3064 τότε
941 3002 1021 3063 εἰων
1048 3000 1094 3062 εἰ·

133 3092 257 3178 σιέναι,
276 3087 345 3160 ἄλλ’
357 3087 554 3161 ἀπέκλεισαν
564 3095 607 3181 τή
617 3090 727 3184 θύρᾳ,
741 3091 924 3182 φάσκοντες
935 3089 976 3162 οὐ
990 3114 1094 3184 προσ-

132 3188 226 3279 ήκειν
252 3187 366 3272 αὐταῖς
391 3190 532 3262 θάπτειν
558 3189 771 3282 Εὐκτήμονα·
805 3195 860 3263 καί
883 3189 959 3264 οὐδ’
988 3201 1094 3264 εἰσελ-

132 3303 213 3362 θεῖν
240 3290 417 3381 ἐδύναντο,
444 3300 474 3363 εἰ
499 3289 543 3381 μὴ
562 3291 654 3382 μόλις
671 3295 726 3362 καί
744 3296 819 3384 περὶ
836 3289 939 3382 ήλίου·
952 3292 1091 3384 δυσμάς.

25 3434 29 3442 ·
81 3409 114 3462 41
134 3396 344 3464 εἰσελθοῦσαι
369 3394 406 3462 δέ
428 3396 609 3479 κατέλαβον
633 3396 760 3464 ἐκεῖνον
783 3395 844 3482 μέν
867 3402 967 3466 ἔνδον
984 3402 1093 3484 κείμε-

130 3520 191 3561 νον
210 3498 418 3586 δευτεραῖον,
446 3489 490 3574 ιός
508 3499 635 3582 ἔφασαν
652 3498 687 3564 οἰ
701 3496 841 3585 οἰκέται,
868 3493 908 3565 τά
927 3490 960 3564 δ’
981 3497 1016 3564 ἐκ
1033 3497 1094 3584 τής
