2340 3916
121 186 181 252 118
473 184 731 244 ΑΙΣΧΙΝΟΤ

121 341 177 417 οὖν
187 369 279 431 φησιν
290 344 365 412 εἰναι
356 342 485 450 καιρὸν
491 344 542 410 τὸν
553 371 605 409 του
592 345 743 425 πολέμου
754 351 806 408 τοῦ
810 340 932 447 πράτον
944 369 994 406 του
990 366 1080 445 προς

126 438 274 499 Φιλιππου
283 425 364 516 περί
359 428 556 533 Αμφιπόλευς
571 430 729 536 γενομένω
734 474 744 508 ,
767 425 903 512 δεύτερον
919 422 997 490 66
968 452 1020 536 τογ
1030 435 1082 530 της

123 515 256 603 εἰρηνης,
279 519 376 620 τρίτον
396 510 476 579 66
448 540 500 579 τον
518 519 570 577 τοῦ
590 513 718 594 πολέμου
740 518 792 575 τοῦ
810 514 945 617 δευτέρου
959 511 1011 575 καί
1031 536 1082 613 της

54 601 187 703 351περί
206 595 511 708 Χριράνειαν“ηττης,
532 598 668 680 τέταρτον
694 598 727 660 66
753 592 806 660 τὸν
823 596 956 678 παρόντα
976 590 1082 700 καιρὸν

122 682 174 752 τόν
179 688 319 787 περὶτῶν
329 678 402 788 πρὸς
411 679 605 763 Ἀλέξανδρον
614 676 841 784 πολιτευμάτων.
869 679 944 744 ἐν
912 704 966 760 μεν
976 671 1031 742 οὖν
1041 685 1082 765 τῳ

122 766 229 877 πρώτῳ
249 771 343 832 αἴτιον
363 763 454 831 αὐτόν
470 784 544 848 φησι
559 767 720 867 γεγρνὲναι
734 790 786 847 της
802 761 942 871 εἰρήνης,
963 742 1084 867 αίσγράς

124 853 213 935 αι’ἰσης
234 853 285 916 καί
305 845 428 955 άίόξου,
450 851 572 914 καὶτοῦ
592 844 633 931 μη
654 842 725 930 μετά
742 855 844 912 κοινοῦ
861 855 919 911 τῶν
933 843 1084 931 Ἐλίηνων

11 962 13 967 ·
124 931 323 1041 συνεδρίου
291 961 347 1018 την
356 931 443 998 πολιν
460 926 554 1031 66666
569 939 768 1037 πεποιῆσθαι·
793 933 826 996 ἐν
842 932 874 996 66
887 957 929 1019 τῳ
916 933 1082 1035 δευτέρῳ,

124 1016 230 1085 ότιτόν
243 1012 430 1124 πόλεμοντὸν
445 1012 518 1100 πρὸς
534 1019 684 1081 Φίλιιπεον
700 1011 787 1092 αὐτὸς
797 995 1084 1100 παρεσκὲάασεν·ν
1052 995 1084 1079 ἰν

124 1107 156 1169 66
173 1128 214 1188 τῳ
214 1099 373 1204 τρίτῳ,”
357 1127 401 1165 οτι
417 1107 471 1165 τοῦ
487 1104 568 1183 ίεροῦ
587 1102 716 1205 πολέμου
737 1101 789 1163 καί
804 1107 864 1165 τῶν
879 1101 947 1184 περί
962 1102 1084 1175 Φακέας

123 1168 300 1288 συμβάντων
312 1189 404 1260 αἰτιος
421 1186 436 1248 6
434 1187 547 1287 γένετο,
561 1184 611 1246 καὶ
627 1192 678 1290 τῆς
692 1182 779 1286 ἥττης
793 1191 844 1268 τῆς
863 1185 895 1248 ἰν
896 1187 1083 1286 Χαιρωνεία,

123 1275 224 1346 πείσεις
234 1294 304 1370 μετα
293 1264 459 1351 Θηβαίαν
476 1263 678 1352 άραμὲνιυς
650 1292 702 1333 ταν
716 1268 848 1371 πολεμον
851 1292 924 1347 προς
934 1275 1085 1331 Φίλιππον

124 1353 366 1456 παρατάξασθαι·
389 1352 422 1416 ἐν
438 1353 470 1417 66
485 1376 526 1438 τῳ
514 1357 667 1456 τελευτριί
665 1378 705 1441 ῳ,
723 1377 768 1417 οτι
777 1378 852 1417 κατα
863 1349 915 1417 τόν
924 1346 997 1435 πρὸς
1005 1347 1084 1417 Ἀλέ-

125 1431 299 1522 ξαυδρον’
264 1462 321 1502 ουκ
332 1416 543 1501 ἐπολιτεύσατο
573 1431 644 1518 μετά
659 1462 752 1502 ταυτα
767 1439 818 1501 καί
830 1460 882 1501 του
869 1439 966 1520 βίον
976 1433 1086 1512 παντὸς

124 1548 177 1586 του
163 1521 401 1624 Δημοσθένους
411 1545 575 1627 κατηγρρει,
557 1523 639 1584 καί
650 1522 687 1604 δὴ
698 1523 749 1585 καί
760 1527 994 1623 Κτησιφῶντος
979 1521 1073 1584 ἕνί
1023 1515 1085 1586 666-

124 1632 203 1690 γοις,
216 1607 250 1669 ἐν
260 1601 304 1682 οἰς
316 1599 442 1683 άξιοῖ’
404 1599 495 1669 αυτὸν
505 1602 606 1707 ὑπὲρ
592 1611 696 1669 εαυτοῦ
705 1600 759 1670 τόν
769 1611 974 1714 Κτησιφῶντα
977 1598 1085 1669 άπολο-

124 1699 252 1774 μεῖσθαι
273 1714 310 1753 τα
297 1680 441 1770 μὲνουν
451 1686 598 1770 κεφαλαια
607 1712 680 1752 ταυτ
676 1684 785 1753 ἐστίν.
809 1690 892 1753 ἐνίκα
905 1684 974 1753 ὲε
946 1713 998 1752 τον
1007 1715 1085 1772 αγυ

125 1801 163 1839 να
176 1775 379 1856 Δημοσθένης.

210 1860 391 1961 Μέμφονται
399 1858 507 1959 μέντοι
511 1857 587 1932 τινὲς
597 1855 650 1921 τὸν
659 1853 838 1939 maxims
821 1882 866 1921 οτι
880 1851 936 1920 οόπ
947 1857 1087 1939 ἐνδιέτρι-

126 1960 184 2023 ψεν
196 1943 227 2005 ἓν
239 1968 280 2025 τῳ
290 1940 469 2027 παρανόμῳ,
490 1934 565 2003 6666
579 1942 629 2003 καὶ
639 1966 691 2048 της
709 1943 853 2016 πολιτείας
864 1964 1020 2048 κατηγόρει
1031 1946 1087 2003 τοῦ

127 2005 362 2133 Δημοσθὲνους,
383 2024 729 2125 καλῶςπεπολιτευμένου
740 2049 792 2089 του
780 2018 921 2127 άαὲρός.
949 2016 1041 2100 αιίτός
1055 2023 1088 2086 66

126 2108 300 2174 τούναντίον
310 2104 404 2195 τούτῳ
414 2104 538 2188 μάλιστα
554 2110 740 2191 ἰσχυρίζεται,
752 2105 900 2216 λόγων
862 2134 970 2184 ουτως·
998 2154 1018 2189 ,,
1027 2109 1087 2172 ἔστι

56 2189 160 2258 ³526
172 2189 335 2256 υπολοιπον
322 2172 477 2295 μέρος
436 2217 492 2293 της
508 2194 702 2297 κατηγορίας,
716 2186 760 2272 ἐφ’
765 2184 939 2299 ηρμάλιστα
955 2188 1086 2256 σπουδά-

127 2285 179 2354 ζω·
203 2269 330 2340 τοῦτοδ’
343 2270 444 2338 ἐστίν’
430 2301 449 2356 η
458 2272 621 2355 πρόφασις,
633 2270 702 2338 66u
681 2302 721 2358 ην
734 2271 827 2341 αότόν
836 2272 919 2354 άξιοῖ
922 2282 1086 2356 στεφανοῦ-

126 2370 208 2426 σθαι.
211 2368 230 2400 “
250 2356 360 2461 μήποτε
371 2357 433 2423 66''
400 2379 519 2463 αριστα
530 2366 615 2423 τουτο
617 2361 763 2463 ἔπραξεν·
787 2356 932 2442 ἐπειδη
898 2387 955 2445 γαρ
966 2357 1025 2465 εἰχε
1037 2357 1086 2424 66-

126 2451 181 2523 ξαν
192 2441 321 2527 μεγάλην
330 2438 412 2528 παρά
421 2450 495 2506 πᾶσι
506 2469 556 2506 και
547 2438 742 2550 ὖπόληψιν’
729 2470 745 2509 ο
757 2440 983 2548 Δημοσθένης
965 2471 1003 2520 τος
1013 2450 1087 2546 λαμ-

126 2528 255 2612 πρότατα
265 2530 519 2630 πεπολιτευμένος,
532 2525 648 2604 εἰκότως
660 2524 749 2612 ρίηθη
760 2523 903 2632 ψγχροιίς
904 2530 955 2592 καί
967 2521 1088 2600 οὐδενός

126 2590 226 2690 άξίους
237 2608 426 2718 φανησεσθαι
442 2605 510 2687 τοίις
526 2612 593 2714 περί
608 2618 668 2676 τόν
678 2610 859 2718 παρανόμων
867 2611 989 2717 λόγους,
1011 2605 1084 2675 εἰ
1046 2637 1089 2692 μη

74 2702 80 2713 '
127 2692 263 2773 δόξαν’
226 2704 326 2771 αυτοῖς
343 2690 536 2801 ἰμποιησει
506 2719 560 2778 την
577 2693 764 2776 ἕναντίαν,’
745 2723 784 2771 ως
795 2691 880 2779 άραὸ
893 2697 1088 2778 Δημοσθένης

126 2777 273 2855 κακόνους
281 2781 340 2843 ἐστί
357 2806 398 2866 τῳ
385 2779 500 2881 δήμῳ
509 2779 561 2842 καί
575 2782 700 2863 αἰσχρῶς
713 2782 764 2844 καί
775 2781 957 2882 ἐπιμέμπτως
968 2782 1087 2881 πεπρλί-

126 2888 231 2927 τευται
252 2858 303 2928 διά
313 2870 397 2928 τοῦτο
378 2843 643 2966 ἰσποόδασεπερί
652 2871 737 2928 τοῦτο
748 2862 881 2946 μάλιστα,
890 2866 940 2928 καί
951 2865 984 2927 ἰν
993 2859 1088 2947 τούτῳ

126 2973 167 3051 τῳ
156 2949 314 3053 μέρει
278 2973 330 3051 της
349 2940 563 3052 κατηγορίας
534 2970 568 3010 το
584 2955 720 3051 πλεῖστον
722 2949 907 3057 ἰνδιάιριψε.
940 2949 1089 3047 μέμψαιτο

128 3012 191 3094 6'”
170 3058 209 3095 αν
220 3057 263 3107 τις
274 3055 306 3095 το
293 3025 500 3133 προοίμιον
481 3057 520 3106 ως
530 3027 671 3117 τραγικόν
681 3032 733 3096 καὶ
742 3027 876 3114 περιττόν
894 3058 945 3097 και
935 3027 1088 3117 ἐπιλόγῳ

127 3122 237 3220 μάλλρν
252 3111 354 3190 ἐοικός.

204 3194 247 3262 Ἦ
253 3195 353 3274 στάσις
363 3223 416 3262 του
402 3195 537 3301 λόγου
528 3199 587 3262 ἕστί
603 3224 791 3303 πραγματικη
778 3195 1015 3302 ’ίγγραφος,”
992 3219 1089 3279 ωσπερ

59 3283 110 3341 163
126 3284 175 3346 καὶ
192 3308 274 3365 ητου
261 3278 365 3364 ’ὑπὲρ
376 3290 429 3345 τοῦ
446 3280 601 3362 στεφάνου.
633 3310 670 3346 τα
657 3280 714 3347 66
729 3281 877 3387 κεῳρίλαια
890 3281 1073 3364 δηλονότι
1028 3309 1089 3385 της

125 3374 328 3449 πραγματικῆς
339 3368 461 3452 περιέχει
470 3365 543 3449 άπερ
556 3368 606 3431 καί
618 3368 691 3443 ἐκεῖ,
704 3362 851 3431 οἰοντὸ’
816 3392 941 3448 νομιμον
952 3363 1089 3446 τεμνόμε-
