2316 3900
266 127 401 182 ΚΑΤΑ
422 125 801 185 ΚΤΗΣΙΦΩΝΤΟΣ.
952 125 1013 188 137

17 370 19 375 Ι
61 286 185 370 χρόνον
205 283 282 367 παρ’
301 282 447 351 ἑκόντων
470 291 538 350 τῶν
558 281 725 369 Ἑλλήνων
747 282 928 374 ἀπολαβεῖν
950 285 1012 371 τήν

61 380 256 468 ἡγεμονίαν·
279 385 333 449 καὶ
352 381 480 448 τούτων
498 380 743 468 ἀπεστερήθητε
761 381 814 449 διά
831 389 1012 469 Δημοσθέ-

62 507 125 566 νην
142 484 197 549 καὶ
215 481 423 565 Φιλοκράτην
441 481 496 547 καὶ
511 478 569 557 τάς
585 479 715 547 τούτων
732 484 951 565 δωροδοκίας,
973 478 1012 560 ἀς

61 579 314 664 ἐδωροδόκησαν
331 577 512 656 σνστάντες
527 579 579 645 ἐπὶ
595 574 632 643 τὸ
653 577 814 663 δημόσιον
836 576 873 645 τδ
894 576 1011 663 ὑμέτε-

14 696 46 748 59
63 702 133 761 ρον.
147 682 177 743 εί
186 679 225 743 δέ
233 697 319 743 τισιν
333 673 429 761 ὑμῶν
439 678 594 762 ἐξαίφνης
603 677 787 744 ἀκούσασιν
798 676 1011 761 ἀπιστότερος

61 775 318 856 προσπέπτωκεν
335 772 352 842 ὁ
365 782 512 852 τοιοῦτος
523 773 636 858 λόγος,
655 777 787 852 ἐκείνως
799 773 861 860 τήν
871 772 1010 842 ύπόλοι-

60 895 125 937 πον
135 871 320 956 ποιήσασθε
330 867 508 954 ἀκρόασιν,
533 869 643 954 ὥσπερ
657 870 737 938 ὅταν
749 877 822 956 περὶ
833 871 1010 958 χρημάτων

60 963 282 1053 ἀνηλωμένων
294 965 347 1035 διά
360 976 487 1035 πολλοῦ
498 967 624 1053 χρόνον
636 969 856 1055 καθεζόμεθα
868 971 920 1037 ἐπὶ
932 995 1010 1048 τους

58 1067 244 1152 λογισμούς.
268 1067 433 1152 ἐρχόμεθα
451 1069 492 1153 δή
509 1092 575 1134 που
592 1073 724 1147 ψευδεῖς
747 1078 884 1136 οίκοθεν
906 1071 1009 1135 ἐνίοτε

59 1167 155 1247 δόξας
171 1173 300 1253 ἔχοντες
315 1165 396 1234 κατά
407 1175 474 1234 τῶν
487 1175 671 1254 λογισμῶν·
691 1165 764 1236 ἀλλ’
778 1165 867 1253 ὅμως
877 1165 1010 1234 έπειδάν
1024 1176 1073 1234 447

58 1261 245 1349 ὁλογισμός
257 1273 542 1352 συγκεφαλαιωθῇ
550 1316 557 1346 ,
581 1263 690 1343 οὐδεὶς
705 1263 801 1351 ήμῶν
819 1269 908 1333 ἐστιν
919 1262 1008 1331 οὕτω
1119 1296 1122 1301 ·

59 1362 220 1440 δύσκολος
230 1361 292 1448 τήν
306 1363 427 1449 φύσιν,
450 1362 540 1441 ὅστις
557 1362 619 1430 οὐκ
632 1361 804 1449 ἀπέρχεται
815 1360 914 1431 τοῦθ’
927 1360 1008 1446 ὁμο-

58 1457 200 1542 λογήσας
217 1460 272 1524 καὶ
289 1459 465 1538 ἐπινεύσας
482 1459 604 1545 ἀληθὲς
623 1458 724 1545 εἶναι,
750 1458 811 1526 ότι
823 1454 866 1525 ἀν
876 1455 1005 1535 αύτόςὸ

10 1573 38 1626 50
56 1553 210 1641 λογισμός
232 1561 317 1643 αίρή.
343 1555 430 1624 οὕτω
447 1558 502 1624 καὶ
519 1564 585 1623 νῦν
602 1556 663 1642 τήν
681 1554 843 1640 ἀκρόασιν
866 1554 1008 1639 ποιήσα-

57 1663 130 1719 σθε.
143 1664 176 1722 εί
184 1680 270 1733 τινες
282 1651 377 1739 ὑμῶν
390 1657 424 1722 ἐκ
436 1662 504 1722 τιδν
522 1660 714 1741 ἔμπροσθεν
723 1652 855 1739 χρόνων
865 1650 1008 1737 ἥκουσιν

57 1761 194 1820 οίκοθεν
211 1752 367 1838 τοιαύτην
385 1759 513 1837 ἔχοντες
524 1753 585 1838 τήν
598 1753 715 1838 δόξαν,
730 1748 774 1830 ως
784 1749 848 1830 ἀρα
861 1746 879 1815 ὁ
892 1759 1008 1833 Δημο-

57 1856 180 1938 σθένης
198 1849 299 1919 οὐδὲν
317 1852 448 1919 πιόποτε
467 1861 599 1937 είρηκεν
610 1848 693 1934 ὑπὲρ
706 1858 873 1917 Φιλίππου
885 1849 1008 1927 συστάς

56 1948 136 2034 μετά
149 1951 387 2037 Φιλοκράτους,
400 1945 541 2026 -ὅστις
553 1946 641 2017 οὕτω
654 1948 823 2032 διάκειται,
836 1942 911 2032 μήτ’
923 1942 1007 2012 ἀπο-

56 2049 171 2132 γνώτω
180 2048 283 2134 μηδέν
291 2049 372 2135 μήτε
379 2048 590 2134 καταγνώτω,
598 2051 676 2133 πρὶν
683 2045 875 2135 ἀνάκούση·
889 2044 930 2114 ού
942 2044 1006 2132 γάρ

57 2152 195 2216 δίκαιον.
219 2147 293 2216 ἀλλ’
314 2148 374 2216 ἐάν
389 2153 471 2236 ἐμοῦ
482 2150 537 2218 διά
548 2154 698 2237 βραχέων
710 2149 872 2235 ἀκούσητε
885 2146 1008 2234 ὑπομι-

56 2244 263 2330 μνήσκοντος
282 2247 361 2326 τούς
380 2247 518 2334 καιρούς
532 2251 586 2316 καὶ
601 2246 638 2315 τό
657 2248 812 2334 ψήφισμα
823 2252 1007 2332 παρεχομέ-

56 2368 134 2426 νου,
157 2340 178 2410 δ
198 2345 278 2429 μετά
296 2347 524 2431 Φιλοκράτους
548 2352 669 2431 ἔγραψε
687 2346 925 2430 Δημοσθένης,
947 2340 1006 2408 ἐάν

56 2439 155 2516 αύτδς
179 2438 196 2505 0‘
217 2450 274 2526 τῆς
297 2441 455 2528 ἀληθείας
474 2441 629 2527 λογισμὸς
651 2438 926 2525 ἐγκαταλαμβάνῃ
947 2437 1006 2504 τὸν

56 2539 282 2623 Δημοσθένην
298 2547 398 2608 πλείω
416 2541 476 2625 μὲν
493 2539 681 2625 γεγραφότα
700 2544 893 2624 ψηφίσματα
905 2543 1006 2604 Φιλο-

10 2756 39 2809 51
57 2731 138 2800 καθ’
151 2730 342 2821 ὑπερβολήν
354 2736 389 2802 δὲ
401 2733 557 2820 αἰσχύνης
569 2734 831 2803 κεκολακευκότα
842 2740 1008 2802 Φίλιππον

56 2831 206 2910 καὶτοὺς
226 2830 305 2916 παρ’
325 2836 455 2900 ἐκείνου
471 2836 639 2920 πρέσβεις,
663 2843 770 2900 αίτιον
791 2831 826 2899 δὲ
846 2831 1006 2918 γεγονότα
1022 2848 1075 2904 449

56 2937 103 3016 τῷ
115 2931 207 3019 δήμῳ
219 2941 281 2999 τοῦ
292 2931 335 3017 μή
349 2931 428 3018 μετά
445 2939 562 3000 κοινού
574 2937 753 3016 συνεδρίου
765 2939 832 2999 τῶν
838 2928 1005 3017 Ἑλλήνων
1019 2950 1075 3008 450

57 3029 259 3113 ποιήσασθαι
271 3031 333 3118 τήν
344 3031 490 3118 εἰρήνην,
509 3036 646 3099 ἐκδοτον
657 3033 693 3099 δε
704 3037 856 3120 Φιλίππῳ
868 3054 1006 3116 πεποιη-

57 3127 137 3192 κότα
149 3133 404 3216 Κερσοβλέπτην
414 3131 474 3197 τὸν
485 3132 619 3220 Θρηίκης
629 3133 775 3217 βασιλέα,
787 3128 894 3214 ἀνδρα
906 3135 1005 3213 φίλον

56 3229 109 3290 καὶ
122 3225 293 3311 σύμμαχον
307 3237 347 3314 τῇ
358 3228 461 3314 πόλει,
478 3270 515 3281 —
524 3228 583 3297 ἐάν
595 3227 697 3297 ταῦθ’
718 3226 799 3314 ύμῖν
809 3234 924 3312 σαφεῖς
936 3227 1005 3291 ἐπι-

57 3328 160 3410 δείξω,
175 3326 333 3412 δεήσομαι
345 3325 442 3412 ὑμῶν
452 3334 590 3413 μετρίαν
602 3332 732 3414 δέησιν*
745 3326 941 3394 ἐπινεύσατέ
949 3351 1006 3411 μοι
