2340 3916
140 183 182 250 62
520 186 734 239 εεεαεεκον

89 366 120 414 11
221 345 280 435 Μη
301 339 374 434 οὖν,
395 339 421 415 ά
438 344 623 434 Ἀθηναῖοι,
636 343 699 434 τὴν
716 344 851 434 τίμησιν
865 341 949 436 ὑπὲρ
967 350 1037 416 τῶν
1056 375 1110 434 γε-

141 456 334 541 γενημένων
353 455 459 542 μόνον
478 448 544 521 ὑπὸ
565 453 767 533 Φιλοκλέους
786 449 999 541 ἀδικημάτων
1017 449 1110 542 ἡγεῖ-

142 571 204 629 σθε
223 562 354 647 μέλλειν
371 570 552 644 ποιεῖσθαι,
567 555 648 627 άλλά
667 560 723 627 καὶ
742 554 825 648 ὑπὲρ
843 562 912 628 τῶν
930 557 1041 629 άλλων
1061 552 1112 630 ὧν

142 663 184 734 άν
213 668 352 756 ἔπραξεν
376 658 474 746 οὗτος
496 665 612 754 κύριος
635 665 821 752 γενόμενος.
862 668 918 734 καὶ
945 682 1016 747 τοῖς
1048 667 1114 756 μὲν

141 784 236 854 θεοῖς
263 779 350 861 ἔχετε
377 773 475 862 χάριν
508 766 592 860 ὑπὲρ
619 774 680 840 τοῦ
713 770 757 860 μὴ
789 782 914 841 παθεῖν
937 800 969 840 τι
998 782 1113 861 μεῖζον

142 877 208 949 ὑπὸ
237 880 359 948 τοότον
387 876 516 963 δεινόν,
545 877 724 962 ἐγνωκότες
749 882 872 947 τοῦτον
905 874 975 961 οἷός
1007 883 1113 969 ἐστιν,

143 984 242 1068 ἀξίως
261 982 292 1053 δ’
314 982 409 1072 ὑμῶν
428 981 610 1053 αὐτῶνκαὶ
629 987 687 1072 τῆς
705 987 766 1052 τοῦ
784 988 986 1074 κρινομένου
1004 1013 1111 1075 πονη-

90 1098 121 1146 12
143 1100 217 1183 ρίας
234 1091 394 1160 κολάσατε
413 1087 531 1159 αὐτόν·
556 1087 592 1172 ὃς
611 1081 637 1160 ὦ
654 1089 827 1178 Ἀθηναῖοι
849 1094 921 1181 τρὶς
939 1093 1000 1180 μὲν
1019 1090 1039 1180 ἢ
1059 1122 1112 1162 τε-

142 1198 256 1288 τράκις
280 1193 492 1285 ἱππαρχηκὼς
515 1192 651 1288 ἀνδρῶν
673 1200 787 1266 καλῶν
809 1195 988 1285 κάγαθῶν,
1012 1209 1111 1270 πλεο-

143 1304 238 1384 νάκις
262 1299 294 1371 δ’
315 1299 336 1390 ἢ
360 1303 492 1385 δεκάκις
515 1301 700 1393 στρατηγὸς
722 1299 784 1391 ὑφ’
806 1301 902 1393 ὑμῶν
925 1333 1111 1396 κεχειροτο-

143 1412 286 1498 νημένος
314 1406 376 1478 οὐκ
404 1408 494 1491 άξιος
522 1406 584 1497 τόν,
616 1409 798 1499 τιμώμενος
824 1413 880 1480 καὶ
909 1413 1114 1500 ζηλούμενος

144 1515 200 1586 διὰ
228 1515 290 1606 τὴν
317 1516 399 1607 πρὸς
422 1513 507 1605 ὑμᾶς
534 1524 662 1603 πίστιν,
691 1513 832 1586 ἀπέδοτο
861 1521 916 1586 καὶ
939 1522 1112 1607 προέδωκε

142 1622 258 1712 τὸτῆς
280 1618 440 1713 ὑμετέρας
463 1620 642 1712 ἡγεμονίας
660 1620 801 1712 ἀξίωμα,
825 1627 880 1692 καὶ
900 1630 947 1705 εἰς
969 1623 1006 1694 τὸ
1026 1622 1112 1694 αότδ

143 1732 343 1818 κατέστησεν
362 1727 483 1800 ἑαυτὸν
499 1726 768 1819 Ἀριστογείτονι,
787 1732 843 1798 καὶ
862 1729 1035 1819 μισθωτὸν
1054 1734 1111 1801 καὶ

91 1859 123 1907 13
143 1836 312 1924 προδότην
331 1834 405 1905 άντὶ
424 1839 612 1926 στρατηγοῦ
631 1840 795 1925 ἐποίησεν.
828 1843 938 1906 ἔπειτα
956 1834 1111 1907 ὑποστεί-

144 1950 272 2011 λασθαί
291 1970 323 2012 τι
347 1949 401 2012 δεῖ
415 1940 499 2032 πρὸς
521 1940 583 2011 τὸν
604 1947 762 2013 τοιοῦτον
784 1939 865 2032 ὑμῖν
892 1947 947 2013 καὶ
971 1950 1110 2032 αἰσχυν-

143 2052 264 2176 θηηαι,
292 2064 363 2130 τοις
385 2045 660 2183 ἠδικημένοις,
642 2076 678 2130 ος
702 2047 764 2119 οὐκ
792 2046 947 2138 ησχόνθη
972 2055 1111 2119 τοιαῦτα

144 2154 298 2277 πράττων
316 2153 396 2224 καθ’
417 2151 513 2241 ὑμῶν
531 2157 586 2222 καὶ
600 2182 668 2223 των
687 2153 811 2239 άλλων;
831 2153 892 2244 οὐχ
912 2162 947 2225 οι
962 2160 1111 2225 τοιοῦτοι

144 2288 212 2329 των
240 2260 433 2352 άνθρωπων
460 2256 644 2328 έλεοιντ’Ἃ
624 2288 667 2328 αν
694 2260 829 2340 εἰκότως
857 2260 936 2351 παρ’
962 2259 1111 2349 ὑμιν,ὠ

142 2365 328 2456 Ἀθηναῖοι·
352 2369 478 2435 πολλοῦ
501 2393 538 2451 γε
561 2367 617 2433 καὶ
640 2372 704 2435 δει·
732 2363 805 2434 ἀλλ’
831 2394 863 2435 οι
856 2370 1114 2456 ’προδοθέντες

7 2470 188 2549 μ-ε-Ηλάν
206 2470 272 2543 ὑπὸ
293 2474 505 2560 Φιλοκλέους,
515 2482 549 2542 ελ
562 2468 621 2541 τιν’
643 2463 741 2554 οὗτος
766 2472 770 2562 Ι
794 2474 959 2564 παρέλαβε
977 2474 1111 2599 καιρόν·

145 2584 182 2649 ἐν
201 2575 251 2661 οἷς
269 2576 360 2650 καὶ
342 2610 363 2670 η
383 2577 464 2669 άκτη
483 2583 593 2650 καλοί
608 2581 737 2670 λιμένες
756 2607 770 2649 ε
773 2581 820 2649 ἰσὶ
839 2583 894 2650 καὶ
912 2577 952 2648 τά
975 2578 1110 2709 ηεάρια,

145 2685 166 2756 ά
190 2692 225 2756 οι
249 2688 411 2778 πρόγονοι
439 2687 617 2778 χρημάτων
643 2690 777 2757 πολλων
804 2687 1111 2816 κατασκεηάσαντες

93 2814 125 2861 14
145 2789 227 2881 ὑμῖν
254 2797 439 2864 κατέλιπον.
481 2822 530 2863 ων
557 2789 914 2883 ἀναμιμνησκομένους
947 2790 1109 2881 δμάς,ω

215 2967 254 3015 11.
279 2951 741 3043 άνέπραξενΒετοοεε.’ΔΒ1ε.ε
762 2955 966 3027 ἔπραξενΝΛι
968 2960 1032 3023 r.‚A
1050 2961 1110 3024 ZM,

51 3046 57 3053 ·
147 3020 309 3096 ἔπραξεν
290 3047 326 3081 αν
344 3047 371 3082 v.
384 3055 416 3065 -
429 3020 564 3080 κολάσετε
582 3042 623 3094 pr.
635 3027 752 3081 ABZM.

217 3101 257 3152 12.
281 3092 333 3178 μὲν
356 3102 419 3163 post
439 3094 511 3177 τρὶς
522 3096 584 3146 add.
602 3096 628 3146 N
646 3097 745 3145 Mn·-
775 3088 914 3179 ὑμετέρας
932 3090 977 3161 ἠγ.
996 3096 1110 3160 scripsi:

145 3157 318 3247 ημετέρας
305 3182 349 3231 ηγ
367 3166 393 3216 N
410 3165 475 3219 Mr·
469 3158 610 3230 ,ἡγεμον
632 3153 711 3228 ἡμῶν
728 3179 754 3213 v
772 3158 827 3230 (ηγ.
848 3155 928 3226 ὑμῶν
947 3164 1010 3213 mal.
1030 3163 1077 3227 S.)

215 3237 255 3286 13.
279 3224 395 3300 όμιν]“
380 3230 456 3308 ομρῑς
475 3247 536 3281 eum
555 3231 587 3283 R
606 3231 689 3282 Dobr.
707 3230 796 3287 Turr.
817 3237 927 3282 servata
946 3247 1008 3281 mox
1026 3231 1110 3282 libro-

145 3318 205 3354 rum
224 3317 267 3351 εει
269 3303 363 3368 1ptura
379 3292 447 3358 τοός
464 3292 667 3375 ἠδικημένους.
693 3298 762 3357 Τοις
774 3294 967 3378 ἠδικημένοις
985 3298 1111 3377 Ειορμ-

147 3362 294 3448 αἰσηόνθη
325 3384 365 3434 pr.
389 3369 411 3417 A
435 3367 524 3424 corr).
550 3392 584 3402 -
611 3358 664 3432 σόη
686 3359 727 3430 ολ]
749 3358 815 3435 οόχλ
841 3369 928 3418 Β.-
958 3361 1111 3445 χρημάτων

146 3436 260 3492 πολλῶν
277 3442 363 3516 post
359 3430 389 3486 οῖ
403 3429 568 3552 πρόγονοιΜ
558 3435 728 3514 transposui3
748 3434 911 3503 legebantur
924 3442 987 3500 post
999 3427 1110 3500 καιρόν,

147 3532 179 3540 -
198 3496 389 3559 κατασκενάσ
410 3495 480 3571 όμιν
497 3504 568 3556 ΝΜ
570 3518 601 3552 r.:
619 3493 689 3566 ὗμιν
706 3519 825 3556 κατασκ.
