2340 3916
344 213 476 311 ΚιλΤΑ
507 215 775 273 ΤΙΜΑΡΧΟΤ.
993 216 1034 278 51

84 369 219 456 ἀνδρων
229 372 294 455 έρῦ
306 375 539 456 πρεσβυτέρων
550 375 605 440 καλ
615 384 792 459 γνωρίμων
800 374 880 462 ῦμίυ
889 377 1035 464 ὀνόματα

83 474 138 540 καὶ
149 477 330 558 μειρακίων
341 473 396 540 καλ
407 476 551 555 παίδων,
565 464 614 539 οἷν
624 487 691 550 τοῖς
705 473 766 557 μὲν
776 474 830 541 διά
842 474 903 561 τὴν
914 474 1035 560 εῦπρέ-

84 595 182 638 πειαν
193 573 308 638 πολλοὶ
319 571 497 656 γεγόνασιν
508 572 658 656 έρασταλ,
681 573 779 649 ἐνίοις
791 576 826 640 δὲ
837 581 905 640 των
915 577 952 640 έν
962 572 1036 659 ἡλι-

83 677 138 758 κίηι
153 674 200 737 ἔτι
216 673 271 738 καὶ
289 679 355 738 νῦν
367 672 466 755 είσλν,
490 662 540 735 ὦν
552 667 662 748 οὐδεὶς
673 669 796 738 πώποτ’
809 669 921 749 εἰςτὰς
933 669 1035 751 αῦτάς

82 773 188 849 αἰτίας
206 767 342 855 ἀφῖκται
360 768 530 856 Τιμάρχῳ·
554 770 608 835 καὶ
625 768 727 836 πάλιν
737 767 817 855 ὑμῖν
828 769 1036 857 ἀντιδιέξειμι

82 866 277 953 ἀνθρώπων
309 869 588 952 πεπορνευμένων
621 872 762 953 αἰσχρῶς
794 870 848 935 καὶ
880 878 1033 953 φανερῶς

82 963 244 1054 ὀνόματα,
265 971 322 1035 ἵνα
344 963 436 1051 ὑμεῖς
457 965 729 1052 ἀναμνησθέντες
751 975 965 1054 κατανείμητε
987 976 1033 1047 είς

11 1076 64 1134 156
82 1066 143 1152 την
160 1067 398 1152 προσήκουσαν
415 1065 507 1144 τάξιν
528 1072 703 1151 Τίμαρχον.
740 1073 873 1148 πρῶτον
891 1067 927 1135 δὲ
950 1069 1031 1147 λέξω

81 1167 121 1231 τά
142 1173 210 1232 τῶν
230 1167 419 1247 ἐλευθέρων
441 1166 496 1232 καλ
517 1172 625 1242 καλῶς
646 1167 858 1252 βεβιωκότων
868 1162 1033 1251 όνόματα.

82 1263 297 1348 γιγνώσκετε,
311 1255 533 1349 άἈθηναίοι,
554 1269 710 1345 Κρίτωνα
721 1265 783 1331 τὸν
790 1264 969 1351 Ἀστυόχου
980 1268 1034 1334 καὶ

81 1366 298 1447 Περικλείδην
324 1360 384 1428 τόν
405 1366 613 1446 Περιθοίδην
639 1364 694 1429 καὶ
719 1369 957 1484 Πολεμαγένην
979 1367 1034 1431 καί

80 1466 311 1528 Πανταλέοντα
322 1457 382 1526 τόν
394 1460 589 1580 Κλεαγόρου
600 1487 655 1527 και
644 1461 946 1546 Τιμησίθεοντόν
957 1469 1034 1546 δρο-
1053 1481 1103 1536 158

81 1562 160 1644 μέα,
172 1566 367 1636 καλλίστους
376 1557 417 1626 οῦ
428 1558 535 1643 μόνον
546 1566 614 1626 τάν
627 1567 789 1646 πολιτῶν,
802 1559 885 1630 ἀλλά
898 1565 953 1630 καὶ
966 1571 1034 1629 των

74 1657 245 1780 Ἐλλήνων
267 1660 508 1744 γεγενημένους
533 1660 588 1725 καλ
606 1664 770 1726 πλείστων
786 1663 840 1729 καλ
858 1681 1031 1745 σωφρονε-

82 1758 211 1824 στάτων
228 1757 387 1842 τυχόντας
403 1760 568 1842 έραστων·
589 1754 692 1823 ἀλλ”
671 1783 761 1842 ομως
778 1755 888 1837 οὐδεὶς
899 1760 1031 1827 πώποτε

14 1867 64 1923 157
81 1852 204 1934 αῦτοῦς
216 1860 318 1934 ἔψεξε.
340 1856 441 1922 πάλιν
452 1859 487 1922 ἐκ
499 1863 567 1922 τῶν
577 1863 756 1940 μειρακίων
766 1860 897 1923 καὶτῶν
908 1861 945 1924 ἐν
956 1883 1034 1924 παι-

82 1959 137 2024 σλν
147 1960 194 2022 έτι
204 1957 259 2023 καλ
271 1962 336 2022 νῦν
347 1952 456 2022 όντων
468 1954 672 2040 πρῶτονμὲν
689 1953 749 2022 τόν
760 1953 963 2040 ἀδελφιδοῦν
974 1956 1034 2023 τόν

78 2052 295 2140 Ἰφικράτους,
313 2050 390 2120 υίὸν
402 2052 437 2120 δέ
449 2059 565 2120 Τισίου
575 2061 637 2120 τοῦ
645 2050 877 2138 Ῥαμνουσίου,
899 2051 1034 2139 ὁμωνυ-

80 2178 146 2237 μον
163 2150 198 2218 δέ
213 2157 274 2218 τοῦ
290 2153 368 2218 νυνὶ
384 2154 585 2235 κρινομένου
605 2152 789 2237 Τιμάρχου·
812 2151 849 2232 ὃς
867 2150 1034 2239 εὐπρεπὴς

82 2246 131 2317 ἀν
142 2253 397 2318 λδεϊντοσοῦτον
416 2247 528 2335 ἀπέχει
544 2258 613 2316 τείν
629 2257 791 2335 αίσχρων,
815 2249 899 2318 ἀστε
916 2250 1033 2369 πρῴην

81 2352 119 2415 έν
141 2363 209 2426 τοῖς
230 2349 299 2416 κατ’
311 2345 436 2432 ἀγροῦς
457 2354 650 2424 Διονυσίοις
670 2348 885 2437 κωμμδωνν
865 2375 974 2414 οντων
995 2352 1033 2415 έν

80 2453 242 2534 Κολλυτφ
279 2449 334 2514 καλ
349 2448 583 2531 Παρμένοντος
599 2452 659 2511 τοῦ
679 2452 828 2530 κωμικοῦ
847 2442 1031 2526 ὑποκριτοῦ

81 2546 232 2624 εἰπόντος
243 2572 274 2612 τι
286 2543 369 2628 πρὸς
379 2543 439 2612 τόν
451 2542 554 2630 χορὸν
563 2541 787 2626 ἀνάπαιστον,
805 2533 881 2609 έν
855 2567 880 2630 φ
894 2568 938 2626 ην
949 2541 1036 2609 εἶναί

80 2670 172 2722 τινας
182 2643 330 2728 πόρνους
342 2643 506 2729 μεγάλους
520 2639 750 2727 Τιμαρχώδεις,
764 2637 873 2716 οὐδεὶς
883 2636 1032 2725 ὑπελάμ-

80 2750 184 2829 βανεν
195 2749 240 2822 είς
250 2740 287 2810 τὸ
300 2744 488 2828 μειράκιου,
507 2739 576 2810 ἀλλ’
590 2746 635 2818 είς
645 2739 682 2807 σὲ
693 2740 828 2816 πάντες·
853 2737 940 2804 οὕτω
951 2747 1032 2824 κλη-

81 2841 225 2926 ρονόμος
246 2840 276 2908 εἷ
291 2849 351 2908 τοῦ
369 2840 633 2926 ε’πιτηδεῦματος.
664 2839 766 2906 πάλιν
784 2835 950 2905 Ἀντικλέα
973 2839 1033 2907 τὸν

80 2939 321 3024 σταδιοδρόμον
332 2941 387 3006 καλ
401 2944 537 3007 Φειδίαν
547 2942 607 3005 τὸν
618 2937 768 3021 ἀδελφὸν
781 2946 842 3004 τοῦ
856 2945 1032 3023 Μελησίου.

79 3044 126 3105 ἔτι
138 3038 173 3105 δὲ
184 3044 287 3105 εἰπεῖν
299 3045 383 3122 ἔχων
393 3035 737 3122 πολλοῦςπαῦσομαι,
748 3040 805 3104 ἵνα
818 3034 865 3122 μὴΙ
875 3042 964 3104 δοκοῖ
974 3039 1033 3106 τόν

10 3140 61 3197 158
78 3141 216 3202 ἔπαινον
233 3143 396 3224 θεραπεία
412 3138 477 3203 τινὶ
493 3134 560 3202 κατ’
572 3133 686 3202 αῦτῦν
703 3145 880 3203 ποιεῖσθαι.
911 3139 984 3219 περὶ
996 3141 1032 3204 δὲ

78 3243 147 3301 τῶν
159 3232 355 3319 ὁμοτρόπων
365 3243 433 3302 τεόν
448 3236 633 3321 Τιμάρχου,
652 3235 790 3320 φεύγων
800 3239 858 3315 τάς
875 3234 1032 3320 ἀπεχθεί-

78 3360 134 3418 ας,
154 3324 203 3398 ὦν
218 3331 336 3418 ἥκιστά
348 3360 404 3420 μοι
421 3340 511 3419 με’λει
522 3333 766 3420 μνησθήσομαι.
798 3341 846 3411 τίς
860 3333 924 3419 γάρ
937 3333 1032 3421 ὑμῶν
1051 3351 1101 3402 159

78 3430 139 3498 τὸν
161 3429 314 3516 ὀρφανόν
335 3432 544 3518 καλούμενον
562 3433 759 3516 Διόφαντον
781 3430 844 3498 οῦκ
867 3432 972 3518 οἶδεν,
997 3430 1032 3511 δς
1071 3432 1074 3439 ’

819 3519 865 3580 ,.
