2316 3900
138 160 199 222 136
485 162 740 219 ΑΙΣΧΙΝΟΤ

138 318 257 389 ὁποίου
268 321 397 387 τούτων
407 327 476 386 των
487 318 651 401 τεττάρων
662 317 767 386 αὐτοῦ
778 329 904 406 καιρῶν
915 328 1091 405 κατηγοροῖ

139 422 193 484 καί
205 417 283 484 πότε
301 415 407 484 αύτόν
424 416 466 484 ού
477 414 517 483 τά
528 417 681 500 βέλτιστά
693 443 778 502 φημι
788 425 832 506 τῷ
846 418 939 505 δήμῳ
952 425 1091 483 πεπολι-

138 522 295 582 τεῦσθαι·
319 511 438 600 κάνμη
458 519 547 582 θέλω
563 512 825 600 ἀποκρίνασθαι,
849 513 923 582 ἀλλ’
947 514 1094 599 ἐγκαλύ-

139 639 329 700 πτωμαικαι
319 612 581 697 ἀποδιδράσκω,
593 613 847 690 έκκαλύυειυ’
805 639 844 698 με
856 632 938 698 φησι
949 619 1094 694 προσελ·

138 710 215 780 θάν
227 738 282 779 και
273 711 421 791 ἀξειν’
405 712 456 777 επὶ
473 708 510 777 τὸ
528 717 616 794 βῆμα
629 707 713 776 κάλ’
695 710 895 795 ἀναγκάσειν
908 708 1094 795 ἀποκρίνα-

140 814 264 876 σθαι
256 807 301 875 ίν’
321 811 384 874 οὐν
400 804 483 892 μήθ’
504 798 601 884 οὗτος
618 806 844 893 ίσχυριζηται
827 823 919 893 υμεις
930 834 964 874 τε
978 832 1090 890 προει-
1106 820 1139 874 56

140 910 244 993 δητε’
228 908 293 991 εγω
303 932 338 973 τε
350 905 595 989 ἀποκρίνωμαι,
609 908 761 979 ἐναντίον
772 926 825 972 σοι
835 913 903 972 τῶν
914 911 1089 985 δικαστῶν,

140 1005 373 1091 Δημόσθενες,
397 1007 452 1070 καὶ
469 1010 537 1069 των
555 1003 666 1069 ἀλλων
684 1012 846 1087 πολιτῶν,
869 1001 942 1071 ὅσοι
959 1002 1000 1089 δη
1013 1008 1091 1079 έξω-

70 1119 124 1173 444
139 1113 204 1169 θεν
214 1109 420 1185 περιεστᾶσι,
433 1102 488 1168 καὶ
499 1098 758 1186 τῶνἙλλήνων,
777 1100 866 1179 ὅσοις
877 1102 1024 1186 ἐπιμελὲς
1034 1100 1091 1181 γέ-

140 1226 240 1285 γονεν
264 1200 444 1265 ἐπακούειν
460 1203 559 1284 τῆσδε
577 1207 634 1284 της
643 1205 795 1284 κρίσεως·
818 1197 887 1282 ὁρω
899 1200 935 1266 δέ
948 1195 1009 1262 οὐκ
1021 1193 1091 1262 ὀλί-

140 1325 220 1384 γους
238 1297 420 1380 παρόντας,
444 1295 518 1364 ἀλλ’
544 1295 644 1376 ὅσους
662 1296 771 1376 οὐδεὶς
788 1298 920 1364 πώποτε
931 1301 1091 1381 μέμνηται

141 1394 223 1479 πρὸς
234 1393 348 1480 ἀγῶνα
366 1394 526 1481 δημόσιον
538 1399 841 1481 παραγενομένους·
858 1393 1090 1477 ἀποκρίνομαι,

141 1492 192 1561 ὅτι
212 1491 372 1560 ἀπάντων
394 1501 462 1559 τῶν
484 1494 652 1578 τεττάρων
673 1501 799 1577 καιρῶν
821 1499 994 1578 κατηγορῶ
1017 1511 1091 1573 σου,

141 1592 199 1672 ούς
207 1592 250 1664 σὺ
258 1601 406 1681 διαιρεῑς,
414 1590 479 1662 κάν
486 1597 561 1661 οἵτε
569 1596 643 1662 θεοὶ
654 1596 779 1662 θέλωσι
791 1596 844 1662 καί
856 1597 889 1660 οί
899 1592 1051 1658 δικασταὶ
1063 1593 1094 1669 ἐξ
1111 1606 1141 1659 57

141 1701 217 1758 ι”σου
232 1687 327 1775 ἡμων
345 1689 514 1757 ἀκούσωσι
531 1688 622 1777 κάγω
636 1691 786 1777 δύνωμαι
797 1689 1094 1775 ἀπομνημονεῦσαι

141 1787 227 1855 ἀσοι
244 1788 401 1870 σύνοιδα,
424 1787 515 1855 πάνυ
531 1794 706 1875 προσδοκῶ
725 1792 895 1868 έπιδειξειν
913 1803 980 1866 τοῖς
998 1792 1094 1855 δικα-

140 1901 230 1964 σταῖς
251 1895 308 1971 της
329 1887 390 1972 μὲν
412 1895 573 1972 σωτηρίας
588 1895 627 1975 τῇ
645 1888 738 1956 πόλει
754 1887 833 1965 τοὺς
849 1886 951 1964 θεοὺς
968 1891 1094 1963 αἰτίους

140 1988 381 2069 γεγενημένους
391 1988 445 2052 καί
456 1985 534 2064 τούς
552 1987 799 2071 φιλανθρώπως
810 1988 865 2052 καί
876 1991 1015 2070 μετρίως
1027 1999 1095 2063 τοῖς

71 2095 122 2149 445
139 2092 196 2168 τῆς
209 2085 335 2161 πόλεως
348 2084 515 2170 πράγμασι
526 2088 771 2171 χρησαμένους,
794 2092 862 2152 τῶν
873 2084 908 2151 δὲ
924 2081 1096 2168 ἀτυχημά-

140 2208 207 2249 των
231 2180 389 2248 άπάντωυ
406 2185 633 2269 Δημοσθένην
656 2194 763 2252 οιίτιον
782 2183 1015 2267 γεγενημένον.
1039 2183 1093 2246 καί

139 2281 301 2367 χρήσομαι
318 2289 358 2368 τη
372 2288 435 2347 τού
448 2281 551 2364 λόγου
567 2282 655 2360 τάξει
670 2281 790 2369 ταύτῃ,
813 2279 857 2366 ἣν
872 2288 995 2347 τούτου
1007 2302 1094 2346 πυν-

139 2379 286 2464 θάνομαι
303 2387 470 2446 ποιεῖσθαι
486 2380 634 2463 μέλλειν,
658 2385 737 2458 λέξω
755 2381 791 2445 δὲ
804 2387 937 2461 πρῶτον
948 2379 1095 2462 περὶτοῦ

140 2479 275 2561 πρώτου
296 2485 416 2560 καιροῦ
434 2479 489 2544 καὶ
511 2475 670 2559 δεύτερον
691 2478 842 2560 περὶτοῦ
861 2474 1022 2557 δευτέρου
1039 2479 1094 2542 καὶ

139 2583 251 2657 τρίτον
262 2578 337 2658 περὶ
354 2583 415 2642 τοῦ
432 2578 548 2660 ἐφεξῆς
560 2576 614 2640 καὶ
624 2577 780 2660 τέταρτον
791 2576 944 2659 περὶτῶν
955 2583 1022 2641 νῦν
1032 2601 1094 2642 κα-

139 2675 353 2760 θεστηκότων
364 2673 576 2758 πραγμάτων.
600 2674 653 2738 καὶ
665 2670 705 2756 δὴ
719 2672 872 2757 ἐπανάγω
884 2670 1032 2756 ε’μοιυτόν
1043 2672 1094 2738 ἐπὶ

138 2768 200 2855 τὴν
212 2771 364 2855 εἰρήνην,
376 2767 419 2854 ἢν
432 2768 474 2835 σύ
487 2772 541 2836 καὶ
553 2770 759 2854 Φιλοκράτης
771 2769 943 2854 ἐγράψατε.

221 2865 312 2951 ’Τμίν
321 2867 385 2952 γάρ
399 2864 558 2952 ἐξεγένετ’
570 2863 629 2951 ἀν,
650 2861 677 2932 οἶ
697 2865 883 2952 Ἀθηναῖοι,
900 2866 962 2954 την
973 2871 1093 2952 προτέ-
1109 2875 1140 2930 58

138 2989 202 3047 ραν
220 2967 350 3049 ἐκείνην
369 2965 506 3048 είρηνην
525 2963 728 3049 ποιησασθαι
746 2963 826 3050 μετά
850 2974 970 3032 κοινοῦ
993 2985 1094 3031 συνε-

140 3066 235 3178 δρίου
253 3088 320 3127 των
335 3059 516 3147 Ἑλλήνων,
544 3071 577 3129 εί
583 3088 669 3142 τινες
679 3089 766 3148 υμας
780 3073 896 3131 είασαν
908 3078 1094 3151 περιμεῖναι

66 3172 122 3231 446
140 3158 198 3238 τάς
215 3155 447 3245 πρεσβείας,
427 3186 791 3248 αςητεεκπεπομφοτες
808 3160 879 3228 κατ’
894 3165 1093 3230 ἐκεῖνοντὸν

137 3255 256 3342 καιρὸν
268 3256 360 3336 είς
324 3285 386 3343 την
394 3255 547 3342 Ελλάδα,
571 3266 866 3345 παρακαλοῦντες’
850 3289 903 3330 επι
892 3267 1092 3345 Φίλιππον,

137 3371 309 3442 μετασχεῖν
323 3354 520 3442 Ἑλληνικοῦ
541 3363 737 3443 συνεδρίου,
759 3362 815 3426 καὶ
835 3359 1014 3445 προϊόντος
1034 3367 1093 3427 τοῦ
