2340 3916
128 186 170 251 ηρ
497 184 714 239 Αυιοαιιου

124 357 189 417 μου
198 330 307 418 δήμου
318 328 501 398 κατάλυσιν
511 335 696 415 γίγνεσθαι.
722 328 799 415 περὶ
811 326 874 415 μὲν
886 318 951 396 οῦν
963 329 1096 398 τούτων

126 435 233 501 ταῦτα
252 432 350 518 λέγω.

77 547 109 596 13
204 535 292 605 Φασὶ
312 534 353 602 δέ
366 560 454 612 τινες
477 530 671 619 ἀναγκαίως
688 535 757 599 νῦν
778 529 864 619 ἡμῖν
883 538 969 617 ἔχειν
992 541 1096 602 πολε-

127 650 218 722 μεῖν·
251 635 454 724 σκεψώμεθα
484 627 549 704 οῦν
576 636 730 724 πρῶτον,
760 629 884 757 άνδρες
907 632 1095 722 Ἀθηναῖοι,

128 739 182 806 διά
200 744 237 806 τί
250 739 305 806 καλ
326 737 577 839 πολεμήσωμεν.
614 733 707 822 οἶμαι
729 734 795 823 γάρ
818 730 863 802 άν
882 733 1012 816 πάντας
1030 736 1093 805 άν-

127 838 290 928 θράπους
309 834 513 927 ὁμολογήσαι
531 837 585 906 διά
603 837 683 906 τάδε
700 840 775 906 δεῖν
789 833 996 962 πολεμεῖν,“
978 865 998 925 η
1017 836 1097 906 άδι-

127 943 317 1028 κουμίνους
335 937 356 1028 η
351 940 590 1028 ’βοηθοῦντας
609 939 829 1027 ἠδικημένοις.
861 935 959 1025 ἡμεῖς
976 945 1098 1010 τοίνυν

127 1042 230 1111 αῦτοί
244 1070 280 1112 τε
293 1041 501 1130 ἠδικούμεθα
514 1052 675 1122 Βοιωτοῖς
692 1068 727 1110 τε
741 1039 976 1128 άδικουμίνοις
996 1047 1097 1130 ἐβοη-

126 1145 269 1230 θοῦμεν.
304 1151 337 1213 εί
358 1152 478 1214 τοίνυν
503 1142 586 1233 ’ἡμῖν
603 1145 643 1212 τέ
666 1146 734 1213 ἐστι
751 1145 852 1212 τοῦτο
871 1142 962 1232 παρά
981 1151 1095 1213 Λακε-

127 1248 331 1334 δαιμονίων,
355 1247 393 1313 τδ
418 1246 533 1335 μηκέτι
557 1245 765 1333 άδικείσθαι,
789 1253 950 1324 Βοιωτοῖς
973 1271 1010 1313 τε
1035 1247 1095 1314 δέ·

126 1351 242 1414 δοκται
267 1358 437 1418 ποιεῖσθαι
467 1348 528 1436 τήν
558 1346 697 1439 εἰρήνην
727 1345 863 1434 ἀφεῖσιν
889 1343 1095 1435 Ὀρχομενὸν

77 1472 109 1520 14
127 1446 336 1538 αὐτόνομον,
360 1457 454 1530 τίνος
474 1453 572 1519 ἕνεκα
590 1450 848 1537 πολεμήσωμεν,
873 1447 970 1535 ίναή
996 1447 1094 1528 πόλις

125 1548 221 1636 ήμῶν
253 1552 417 1642 ἐλευθέρα
442 1542 482 1641 ᾗ,
514 1550 601 1620 ἀλλά
626 1551 730 1621 τοῦτο’
760 1578 798 1638 γε
822 1547 911 1638 αὐτῇ
938 1548 1094 1640 ῦπάρχει.

126 1650 204 1719 ἀλλ’
231 1650 321 1734 ὅπως
343 1652 426 1740 ήμῖν
450 1661 542 1741 τείχη
567 1653 721 1741 γίνηται,
750 1657 819 1721 ἔστι
841 1652 899 1720 καὶ
923 1654 1031 1721 ταῦτα
1059 1654 1096 1721 ἐκ

125 1755 184 1839 τῆς
209 1754 354 1843 είρήνης.
397 1752 475 1822 ἀλλ’
504 1759 561 1823 ἵνα
585 1755 729 1844 τριήρεις
761 1755 819 1842 ἐξῇ
843 1764 1096 1842 ναυπηγεῖσθαι

127 1858 184 1924 καὶ
198 1855 257 1936 τάς
272 1854 376 1937 οῦσας
392 1856 617 1939 ἐπισκευάζειν
630 1858 687 1925 καλ
702 1858 902 1944 κεκτήσθαι;
921 1856 1095 1924 καὶτοῦτο

125 1954 283 2046 ὑπάρχει
308 1957 371 2042 τάς
394 1953 460 2047 γάρ
485 1957 596 2037 πόλεις
621 1956 835 2044 αὐτονόμους
860 1961 899 2025 αλ
922 1959 1094 2045 συνθῆκαι

126 2062 290 2126 ποιοῦσιν.
343 2055 420 2126 ἀλλ’
463 2055 554 2140 ὅπως
595 2059 656 2139 τάς
697 2059 825 2148 νήσους
860 2058 1092 2147 κομισαίμεθα,

127 2162 267 2246 Λήμνου
284 2161 342 2228 καί
360 2161 501 2247 Σκῦρον
518 2159 741 2249 καὶ”Ιμβρον;
760 2159 890 2229 οὐκοῦν
904 2160 1093 2250 διαρρήδην

80 2266 113 2316 15
131 2261 317 2350 γέγραπται
351 2261 476 2342 ταύτας
504 2251 698 2351 Ἀθηναίων
728 2261 823 2333 εἶναι.
873 2262 973 2351 φέρε,
1008 2260 1096 2331 άλλά

128 2362 346 2452 Χερρόνησον
363 2365 421 2433 καὶ
438 2363 498 2445 τὰς
516 2363 672 2445 άποικίας
690 2365 747 2435 καὶ
764 2364 806 2432 τά
830 2363 1020 2452 ἐγκτήματα
1037 2365 1097 2433 καί

112 2464 169 2555 ὶτά
187 2466 269 2555 χρέα
287 2470 344 2534 ἵνα
363 2464 604 2555 άπολάβωμεν;
628 2464 706 2535 ἀλλ’
734 2463 812 2536 οῦτε
835 2465 994 2554 βασιλεῦς
1018 2463 1097 2534 οῦτε

129 2571 165 2636 οί
180 2567 348 2657 σύμμαχοι
371 2571 608 2658 συγχωροῦσιν
632 2566 732 2658 ἡμῖν,
756 2565 834 2656 μεθ’
862 2557 910 2635 ὧν
928 2565 1016 2635 αὐτὰ
1044 2572 1098 2636 δεῖ

129 2673 361 2755 πολεμοῦντας
374 2670 571 2755 κτήσασθαι.
597 2669 683 2738 ἀλλὰ
700 2669 743 2756 νὴ
758 2676 830 2741 Δία
848 2672 910 2750 ἕως
927 2664 971 2736 άν
985 2679 1097 2740 Λακε-

129 2774 328 2856 δαιμονίους
356 2770 682 2859 καταπολεμήσωμεν
710 2772 768 2840 καὶ
797 2771 878 2851 τοῦς
897 2769 1095 2859 συμμάχους

130 2869 266 2959 αὐτῶν,
297 2870 393 2961 μέχρι
418 2870 543 2941 τοῦτον
574 2878 629 2942 δεῖ
653 2882 831 2963 πολεμεῖν;
863 2871 939 2941 ἀλλ’
968 2870 1011 2941 οῦ
1041 2898 1098 2959 μοι

130 2970 277 3041 δοκεῖ
241 2971 331 3041 οῦτω
350 2975 631 3063 παρεσκευάσθαι.
661 2975 721 3045 ἐὰν
738 2973 815 3045 δὲ”
795 3002 861 3064 αρα
879 2972 1097 3063 κατεργασά-

199 3104 239 3154 13.
258 3089 279 3153 τῦ
298 3093 405 3184 ἄνδρες
421 3104 471 3155 ΖΜ
488 3104 597 3156 Bk.-
565 3094 658 3156 -άν
685 3095 796 3164 πάντας
818 3103 925 3157 ABka
952 3091 1097 3163 ἅπαντας.

128 3197 162 3208 -
179 3161 359 3250 άφείσινΒ;
379 3163 512 3255 άφήσειν.

200 3240 240 3288 14.
279 3255 342 3317 μων
358 3238 446 3290 AdB
464 3235 544 3305 ἡμῖν.

198 3308 238 3361 16.
258 3255 446 3386 ῗγκτήματα
433 3308 535 3359 Valck.
547 3310 594 3362 R.:
613 3299 832 3374 ἒγκλήματα-
798 3297 1097 3389 -άπολαῦωμενΑᾱ,

129 3401 162 3413 -
180 3375 274 3426 malim
292 3365 367 3428 οῦτω
385 3366 442 3451 (τά
450 3366 615 3442 πράγματα)
633 3388 751 3441 παρεσν.
787 3368 920 3440 (δοκεῖ
889 3392 921 3453 η
939 3366 1032 3434 πολις
1051 3373 1098 3425 vel

130 3440 259 3560 δοκεΑῖτε,
287 3443 333 3495 vel
356 3438 500 3509 δοκοῦμεν
523 3444 558 3494 εἰ.
583 3444 639 3508 R..)
666 3471 699 3481 -
726 3434 970 3510 παρασκευάσθαι
992 3442 1041 3494 BL
1069 3446 1098 3493 et

129 3527 162 3575 pr
