2340 3916
152 187 214 251 158
504 186 760 245 ΑΙΣΧΙΝΟΤ

151 349 210 428 τάς
221 349 356 434 γνώμας
367 351 622 432 ἐπιίηφίζοντα,
642 342 706 412 ούκ
725 347 966 431 ἐπιδημοῦντος
978 350 1014 415 ἐν
1026 355 1107 414 Μα-

153 452 289 534 κεδονίᾳ
302 452 486 529 Φιλίππου,
509 439 576 510 ἀλλ’
591 439 668 510 οὐδ’
681 444 718 511 ἐν
734 452 775 531 πή
788 441 920 512 Ἑλλάδι
931 445 1106 530 παρόντος,

154 545 221 616 ἀλλ’
241 550 280 615 ἐν
295 546 451 623 Σκύθαις
473 543 562 613 οὕτω
582 540 715 630 μακράν
738 541 896 624 ἀπόντος·
927 542 967 613 δν
989 545 1107 614 αὐτίκα

101 690 108 700 ·
153 646 241 733 μάλα
258 645 415 731 τολμήσει
438 647 546 728 λέγειν
563 647 788 729 Λημοσθένης
811 641 854 723 ὡς
876 645 940 730 ἐγώ
959 647 1010 712 ἐπὶ
1027 644 1107 723 τούς

145 742 305 831 ’Έλληνας
316 743 492 830 ἐπήγαγον.
525 746 579 809 καί
591 740 818 827 παρελθόντες
830 751 869 830 τῇ
881 743 996 829 κράτη
1008 766 1110 826 στρα-
1127 762 1169 816 τος

153 853 221 931 τείηι
240 845 295 910 καὶ
311 841 399 928 μάλα
416 847 553 927 μετρίως
570 840 752 927 ἐχρήσαντο
768 856 836 920 τοῖς
854 839 1105 927 Ἀμφισσεῦσιν·

153 941 226 1010 ἀντὶ
237 939 302 1028 γάρ
314 949 381 1008 τῶν
392 947 556 1026 μεγίστων
568 939 782 1027 ἀδικημάτων
799 943 964 1027 χρήμασιν
983 941 1106 1020 αύτούς

153 1044 350 1127 ἐζημίωσαν,
369 1043 425 1108 καί
436 1039 524 1107 ταῦτ’
536 1044 573 1108 ἐν
586 1042 674 1129 ῥητῷ
685 1041 795 1127 χρόνῳ
807 1056 969 1127 προεῖπον
979 1051 1025 1131 τῷ
1035 1051 1106 1130 θεῷ

153 1152 365 1226 καταθεῖναι,
387 1143 442 1208 καλ
454 1141 533 1220 τούς
545 1142 607 1226 μὲν
627 1142 754 1226 ἐναγεῖς
770 1142 905 1208 καὶτῶν
916 1145 1107 1227 πεπραγμέ-

154 1245 361 1318 νωναίτίους
373 1241 632 1325 μετεστήσαντο,
656 1239 735 1317 τούς
747 1242 783 1306 δὲ
802 1236 840 1306 δι’
855 1238 1027 1326 εὐσέβειαν
1038 1267 1107 1326 φυ-

152 1338 274 1425 γόντας
286 1339 485 1424 κατήγαγον.
519 1337 680 1423 ἐπειδὴδὲ
697 1338 775 1406 ούτε
786 1339 826 1406 τά
844 1340 994 1426 χρήματα
1007 1343 1106 1420 ἐξέτι-

152 1465 216 1506 νον
227 1446 274 1527 τῷ
284 1444 355 1527 θεῷ
371 1438 450 1516 τούς
467 1436 494 1505 τ’
505 1441 633 1522 ἐναγεῖς
650 1439 839 1525 κατήγαγον
856 1439 998 1518 καλτούς
1010 1437 1100 1507 εύσε-

152 1546 221 1624 βεῖς
232 1536 457 1615 κατελθόντας
469 1534 523 1604 διά
536 1545 602 1604 τῶν
610 1535 1036 1626 Ἀμφικτυόνωνέξέβαλον,
1045 1538 1107 1606 ού-

82 1653 135 1707 620
153 1635 291 1723 τωςήδη
313 1633 375 1723 τήν
394 1642 554 1720 δευτέραν
572 1644 746 1723 στρατείαν
763 1634 902 1715 έπλτούς
910 1633 1109 1723 Ἀμφισσέας

153 1737 360 1823 ἐποιήσαντο,
384 1744 496 1826 πολλῷ
518 1737 628 1827 χρόνῳ
642 1736 794 1822 ὕστερον,
818 1738 1108 1824 ἐπανεληλυθότος

154 1843 322 1905 Φιλίππου
333 1840 370 1903 ἐκ
381 1846 439 1922 της
451 1839 503 1904 ἐπὶ
513 1834 592 1916 τούς
604 1836 745 1915 Σκύθας
759 1847 946 1922 στρατείας,
959 1846 1028 1905 των
1045 1841 1106 1923 μὲν

152 1943 244 2004 θεῶν
255 1933 318 2021 τήν
332 1933 515 2022 ήγεμονίαν
525 1945 582 2020 τῆς
600 1934 768 2022 εὐσεβείας
779 1933 858 2023 ἡμῖν
870 1937 1107 2022 παραδεδωκό-

151 2063 236 2120 των,
250 2042 308 2121 τῆς
325 2035 361 2102 δὲ
372 2040 615 2121 Δημοσθένους
627 2040 830 2121 δωροδοκίας
847 2036 1000 2122 ἐμποδών
1012 2061 1105 2122 γεγε-

152 2137 304 2220 νημένης,

235 2229 314 2299 Ἀλλ’
332 2229 372 2298 ού
384 2232 582 2317 προύλεγον,
595 2231 636 2299 ού
648 2233 897 2319 προεσήμαινον
906 2231 987 2320 ἡμῖν
1001 2238 1035 2301 οί
1044 2244 1106 2300 θε-
1127 2257 1169 2310 ι3ς

154 2335 184 2400 οὶ
203 2331 433 2417 φυλάξασθαι,
456 2330 564 2415 μόνον
581 2327 642 2398 ούκ
665 2329 859 2417 ἀνθρώπων
874 2332 1105 2417 φωνάςπροσ-

152 2430 369 2518 κτησάμενοις
398 2427 559 2516 οὐδεμίαν
571 2458 622 2498 τοι
637 2431 769 2499 πύποτε
789 2438 891 2516 ἔγωγε
901 2438 1028 2516 μᾶλλον
1040 2431 1104 2497 πό-

151 2541 205 2599 λιν
216 2530 347 2615 ἐύρακα
358 2527 423 2597 ὑπὸ
435 2529 496 2616 μὲν
506 2537 574 2599 τῶν
587 2538 678 2598 θεῶν
690 2533 894 2617 σωζομένην,
907 2528 973 2598 ὑπὸ
990 2530 1025 2598 δὲ
1035 2537 1104 2597 τῶν

152 2629 304 2716 ῥητόρων
321 2631 419 2696 ἐνίων
436 2625 680 2716 ἀπολλυμένην.
715 2627 776 2716 ούχ
793 2627 913 2698 ἱκανόν
933 2624 976 2718 ήν
988 2629 1024 2698 τό
1036 2643 1104 2707 τοῖς

151 2734 343 2814 μυστηρίοις
355 2728 463 2813 φανέν
474 2743 611 2814 σημεῖον
623 2726 875 2814 φυλάξασθαι,ή
888 2736 956 2796 τῶν
968 2735 1104 2813 μυστῶν

151 2826 286 2912 τελευτή
292 2855 300 2903 ;
330 2823 371 2892 ού
389 2825 609 2909 περὶτούτων
624 2825 827 2912 Ἀμεινιάδης
844 2828 906 2912 μὲν
917 2824 1104 2912 προύλεγεν

151 2920 367 3009 εὐλαβεῖσθαι
382 2927 438 2991 καὶ
456 2927 595 3010 πέμπειν
612 2932 657 3004 είς
668 2923 826 3011 Δελφούς
840 2925 1104 3010 ἐπερησομένους

151 3020 320 3108 τὸνθεόν,
334 3019 354 3090 ὅ
367 3049 398 3089 τι
408 3021 469 3108 χρή
482 3024 656 3110 πράττειν,
668 3030 892 3111 Λημοσθένης
904 3027 940 3090 δὲ
950 3020 1103 3106 ἀντέλεγε

81 3143 131 3197 τοι
151 3127 352 3206 φιλιππίζειν
364 3119 425 3206 τήν
436 3128 575 3188 Πυθίαν
592 3123 750 3208 φάσκων,
773 3121 970 3199 ἀπαίδευτος
980 3118 1037 3199 ,ἀν
1049 3121 1104 3188 καί

151 3219 333 3287 ἀπολαύων
344 3222 399 3288 καὶ
410 3221 655 3307 ἐμπιπλάμενος
672 3230 730 3309 της
747 3224 920 3308 διδομένης
937 3218 993 3306 ὑφ’
1006 3217 1103 3306 ὑμῶν

149 3317 239 3405 αὐτῷ
252 3323 415 3398 ἐξουσίας;
434 3317 476 3386 ού
487 3316 523 3387 τό
536 3329 725 3388 τελευταῖον
735 3318 873 3388 ἀθύτων
885 3321 938 3387 καὶ
949 3317 1103 3386 ἀκαλλιε-
1125 3334 1169 3385 131

149 3419 259 3504 ρήτων
277 3425 344 3484 τῶν
362 3421 462 3502 ίερων
484 3419 592 3487 ὅντων
614 3424 771 3507 ἐξέπεμψε
794 3419 873 3500 τοὺς
902 3416 1103 3503 στρατιώτας
