2340 3916
56 177 108 229 οι.
129 178 152 227 1.
229 175 412 228 νοεῖτον
429 178 666 231 Κκοαυτιιου
683 179 849 231 Κκοοον.
981 191 1019 248 15

57 347 188 420 ἅπασαν
211 350 387 439 βεβαιώσει
411 348 473 440 τήν
488 347 625 437 ούσίαν;
650 355 705 422 καλ
723 351 860 434 τούτους
878 354 939 443 μὲν
956 358 1022 425 νύν

57 453 130 541 περὶ
148 459 302 532 πλείονος
320 466 490 523 ποιεῖσθαι
507 451 627 540 ταύτης
645 448 793 542 ὑπούσης
810 458 868 542 τῆς
886 463 1019 545 ἔχθρας,

57 547 137 641 ἡμᾶς
162 553 201 622 δδ
224 551 384 642 τοσαύτης
406 551 603 641 οἰκειότητος
626 557 681 624 καί
705 563 818 643 φιλίας
841 559 1020 646 γενομένης

59 656 236 744 πειρᾶσθαι
257 658 382 743 μᾶλλον
401 659 508 735 κακῶς
526 671 651 739 ποιεῐν;
667 649 758 726 Ἀλλ’
776 663 896 744 ἔγωγε,
916 665 948 728 ελ
963 687 1020 728 κα·
1038 681 1071 734 34

59 771 208 845 τηγορεῐν
232 753 409 842 ἐβούλοντο
433 759 501 827 τοῖν
519 760 692 844 διαθηκοῐν
716 752 815 844 ήτού
831 766 1018 847 τετελευτη-

60 854 164 943 κότος,
189 852 252 930 ούκ
269 852 336 926 οἷδ’
354 854 374 927 ὅ
390 885 421 926 τι
445 852 487 928 ἂν
504 853 584 927 ἄλλο
601 855 682 947 πρὸς
699 852 784 945 ὑμᾶς
803 857 914 946 εἶπον,
932 864 967 929 οἵ
981 887 1019 947 γε

60 953 110 1037 τὰς
129 955 293 1045 διαθήκας
317 959 379 1046 μέν
396 954 642 1048 ἀποφαίνουσιν
659 954 731 1029 οὔτ’
750 955 862 1050 ὀρθῶς
882 957 1019 1049 ἐχούσας

10 1150 14 1157 Ι
60 1053 125 1126 οὔτ’
154 1054 361 1148 ύρεσκούσας
388 1063 436 1152 τῷ
463 1062 668 1152 διαθεμένφ,
698 1063 759 1129 τού
789 1061 826 1129 δέ
848 1059 1019 1149 τοσαύτην

10 1200 12 1235 ;
60 1165 177 1244 μανίαν
194 1163 450 1251 κατηγορούσιν,
476 1157 560 1230 ὥστε
584 1163 689 1249 φασὶν
713 1158 816 1232 αύτόν
833 1164 910 1252 περὶ
928 1170 1018 1232 πλεί-

10 1274 13 1333 i
60 1285 127 1340 ονος
150 1272 320 1331 ποιεῖσθαι
342 1259 419 1342 τούς
443 1257 535 1355 αύτῷ
556 1264 815 1353 διαφερομένους
832 1257 853 1350 ή
871 1261 949 1344 τούς
971 1271 1017 1334 ολ-

10 1368 16 1397 ·’
60 1368 148 1441 τείως
176 1365 382 1452 χρωμένους,
413 1365 468 1432 καὶ
497 1359 548 1443 οἷς
575 1363 637 1451 μέν
660 1366 724 1447 ζων
746 1359 827 1433 ούδδ
852 1367 1017 1452 διελέγετο

59 1456 184 1532 ἅπασαν
209 1466 327 1533 δούναι
349 1461 411 1552 τήν
433 1461 569 1549 οὐσίαν,
597 1461 675 1544 τούς
700 1460 731 1533 δ’
756 1463 942 1535 οἰκειότατα
964 1493 1017 1535 κε

59 1566 233 1652 χρημένους
252 1560 333 1634 ούδὲ
349 1570 533 1635 πολλοστοῦ
548 1568 668 1658 μέρους
686 1561 830 1649 ἆξιοῐσαι
867 1590 952 1637 ωστε
968 1575 1018 1648 τίς
1035 1585 1068 1637 35

58 1656 92 1732 δν
113 1660 211 1787 ύμοῖμ
240 1665 362 1747 ταύτας
389 1667 473 1737 εἶναι
502 1675 621 1758 κυρίας
642 1695 700 1747 τας
726 1666 890 1754 διαθήκας
914 1675 1016 1756 ψηφί

58 1785 159 1854 σαιτο,
185 1795 223 1847 ας
246 1763 343 1856 ὁμὲν
368 1763 612 1857 διαθέμενος’
588 1797 632 1848 ως
660 1763 723 1838 ούκ
744 1763 856 1857 ὀρθοῖς
879 1767 1016 1857 ἐχούσας

57 1859 373 1957 ἀπεδοκίμασεν,
331 1897 423 1939 ουτοι
437 1866 508 1938 δ
490 1896 575 1961 εργφ
593 1867 734 1939 λύουσιν
748 1864 955 1949 ἐθέλοντες
936 1886 1017 1959 ημῖν

58 1972 258 2058 ίσομοιρήσαι
276 1973 333 2057 τῆς
358 1966 489 2058 ούσίας,
514 1966 596 2060 πρδς
615 1969 653 2039 δὲ
669 1967 797 2050 τούτοις
815 1965 911 2060 ἡμεῖς
933 1965 1015 2061 ύμῖν

57 2063 283 2159 ιἰποφαίνομεν
306 2074 457 2152 ἐναντίας
479 2068 580 2152 ούσας
604 2073 660 2141 καὶ
683 2074 731 2164 τῷ
752 2069 844 2164 νόμῳ
866 2074 923 2141 καί
946 2088 1015 2153 τοῖς

59 2174 191 2252 δικαίοις
209 2174 265 2240 καὶ
283 2176 325 2262 τῇ
341 2200 400 2242 του
388 2171 684 2296 τελετευτηκύτος
703 2142 853 2264 διανοίας

126 2271 229 2362 Οἶμαι
253 2268 327 2342 δ’
308 2278 393 2362 υμᾶς
414 2272 451 2345 τὸ
474 2269 587 2365 περΓ
568 2277 663 2364 ημιύν
688 2278 818 2344 δίκαιον
835 2270 1014 2364 σαφέστατ’
1033 2293 1067 2346 36

56 2399 92 2440 αν
109 2370 189 2464 παρ’
209 2402 321 2444 αυτων
333 2403 462 2446 τουτων
478 2375 724 2446 πυνθάνεσθαι.
762 2382 793 2446 εἰ
808 2372 871 2464 γάρ
889 2404 938 2455 τις
956 2371 1015 2444 αύ-

56 2470 125 2554 τούς
151 2481 258 2566 ἔροιτο
283 2473 339 2545 δια
355 2484 391 2546 τί
404 2472 533 2559 ἀξιοῦσι
555 2475 753 2567 κληρονόμοι
770 2479 930 2565 γενέσθαι
946 2504 1015 2546 των

56 2574 273 2665 Κλεωνύμου,
303 2573 395 2648 τοῦτ’
425 2607 467 2648 αν
491 2584 600 2648 εἰπεῖν
625 2573 792 2667 έχοιεν,”
773 2606 824 2647 οτι
847 2578 903 2645 καὶ
924 2578 1016 2664 γένει

54 2676 156 2747 ποθέν
185 2676 390 2767 προσήκουσι
416 2681 471 2749 καὶ
502 2682 629 2759 έκεῖνος
658 2675 772 2759 αὐτοῖς
794 2674 916 2769 χρόνον
939 2674 1015 2748 τινα

55 2778 244 2866 ἐπιτηδείως
269 2781 416 2850 διέκειτο.
453 2775 515 2849 ούκ
532 2773 574 2850 δν
592 2777 657 2870 ἄρα
674 2774 759 2870 ὑπὲρ
776 2773 872 2868 ήμῶν
888 2782 1015 2868 μᾶλλον

52 2871 171 2968 ήύπδρ
194 2884 292 2969 σφων
320 2877 432 2952 αὐτῶν
456 2881 524 2952 εἶεν
548 2878 729 2972 εἰρηκότες;
752 2891 785 2950 εί
809 2907 845 2950 τε
870 2876 934 2969 γὰρ
958 2875 1013 2950 διδ
1031 2890 1064 2943 37

51 2975 109 3065 τήν
131 2984 192 3049 τού
212 2983 331 3068 γένους
353 2977 543 3073 ἀγχιστείαν
567 2988 621 3052 δεῖ
641 2985 799 3070 γενέσθαι
820 2978 914 3062 τινὰς
936 2988 1013 3069 κλη-

51 3078 227 3170 ρονόμους,
258 3077 351 3171 ήμεῑς
376 3086 540 3173 ἐγγυτέρω
563 3086 652 3171 γένει
675 3080 898 3174 προσήκομεν·
924 3093 958 3151 εί
975 3109 1012 3151 τε

52 3179 105 3250 διαὶ
116 3179 179 3270 τήν
196 3191 313 3272 φιλίαν
329 3181 392 3272 τήν
408 3180 639 3275 ὑπάρχουσαν,
659 3196 770 3254 ἴσασιν
788 3179 891 3254 αύτὸν
908 3178 1011 3252 ἅπαν-

48 3310 100 3365 τες
117 3277 199 3372 ήμῖν
214 3283 416 3374 οἰκειότερον
435 3291 653 3374 διακείμενον.
693 3281 772 3355 ὥστ’
791 3280 832 3355 ού
851 3280 912 3373 χρή
931 3277 1011 3370 παρ’

46 3378 159 3475 ήμῶν,
182 3380 266 3455 ἄλλα
291 3385 369 3476 [καὶ]
395 3382 476 3476 παρ’
496 3381 609 3457 αύτοὸν
630 3384 758 3457 τούτων
775 3382 1014 3455 πυνθάνεσθαι

46 3483 82 3557 τδ
110 3491 249 3558 δίκαιον.
292 3486 439 3559 Πάντων
463 3483 496 3557 δ’
521 3481 564 3558 διν
589 3497 639 3576 εἴη
665 3484 873 3573 δεινότατον,
898 3491 930 3553 εί
945 3498 1013 3564 τοῖς
1030 3492 1064 3545 38
