<?xml version="1.0" encoding="UTF-8"?>
<!DOCTYPE html PUBLIC "-//W3C//DTD XHTML 1.0 Transitional//EN"
    "http://www.w3.org/TR/xhtml1/DTD/xhtml1-transitional.dtd">
<html xmlns="http://www.w3.org/1999/xhtml" xml:lang="en" lang="en">
 <head>
  <title>
</title>
<meta http-equiv="Content-Type" content="text/html;charset=utf-8" />
  <meta name='ocr-system' content='tesseract 3.04.00' />
  <meta name='ocr-capabilities' content='ocr_page ocr_carea ocr_par ocr_line ocrx_word'/>
</head>
<body>
  <div class='ocr_page' id='page_1' title='image "./orationescumali00isaegoog/orationescumali00isaegoog_0479.png"; bbox 0 0 2340 3916; ppageno 0'>
   <div class='ocr_carea' id='block_1_1' title="bbox 219 188 829 247">
    <p class='ocr_par' dir='ltr' id='par_1_1' title="bbox 219 188 829 247">
     <span class='ocr_line' id='line_1_1' title="bbox 219 188 829 247; baseline -0.005 0"><span class='ocrx_word' id='word_1_1' title='bbox 219 188 239 247; x_wconf 69' lang='lat'><em>8</em></span> <span class='ocrx_word' id='word_1_2' title='bbox 570 188 829 246; x_wconf 76' lang='grc' dir='ltr'><em>ΑΙΣΧΙΝΟΥ</em></span> 
     </span>
    </p>
   </div>
   <div class='ocr_carea' id='block_1_2' title="bbox 172 343 1170 3469">
    <p class='ocr_par' dir='ltr' id='par_1_2' title="bbox 223 343 1170 923">
     <span class='ocr_line' id='line_1_2' title="bbox 223 343 1170 435; baseline 0.007 -26"><span class='ocrx_word' id='word_1_3' title='bbox 223 355 320 428; x_wconf 87' lang='grc' dir='ltr'><em>σθαι,</em></span> <span class='ocrx_word' id='word_1_4' title='bbox 340 343 417 422; x_wconf 83' lang='grc' dir='ltr'><em>τούς</em></span> <span class='ocrx_word' id='word_1_5' title='bbox 431 345 465 411; x_wconf 77' lang='grc' dir='ltr'><em>δὲ</em></span> <span class='ocrx_word' id='word_1_6' title='bbox 476 343 519 431; x_wconf 87' lang='grc' dir='ltr'><em>μὴ</em></span> <span class='ocrx_word' id='word_1_7' title='bbox 532 350 752 430; x_wconf 81' lang='grc' dir='ltr'><em>πειθομένους</em></span> <span class='ocrx_word' id='word_1_8' title='bbox 770 346 935 426; x_wconf 77' lang='grc' dir='ltr'><em>κολάζειν,</em></span> <span class='ocrx_word' id='word_1_9' title='bbox 962 354 995 415; x_wconf 82' lang='grc' dir='ltr'><em>εί</em></span> <span class='ocrx_word' id='word_1_10' title='bbox 1004 346 1106 415; x_wconf 88' lang='grc' dir='ltr'><em>δεῖτά</em></span> <span class='ocrx_word' id='word_1_11' title='bbox 1118 357 1170 435; x_wconf 82' lang='grc' dir='ltr'><em>τη</em></span> 
     </span>
     <span class='ocr_line' id='line_1_3' title="bbox 224 439 1151 531; baseline 0.004 -22"><span class='ocrx_word' id='word_1_12' title='bbox 224 446 350 521; x_wconf 82' lang='grc' dir='ltr'><em>πόλεως</em></span> <span class='ocrx_word' id='word_1_13' title='bbox 361 450 470 521; x_wconf 80' lang='grc' dir='ltr'><em>καλῶς</em></span> <span class='ocrx_word' id='word_1_14' title='bbox 479 448 572 528; x_wconf 83' lang='grc' dir='ltr'><em>ἔχειν.</em></span> <span class='ocrx_word' id='word_1_15' title='bbox 594 448 764 523; x_wconf 80' lang='grc' dir='ltr'><em>σκέψασθε</em></span> <span class='ocrx_word' id='word_1_16' title='bbox 774 442 849 531; x_wconf 79' lang='grc' dir='ltr'><em>γάρ,</em></span> <span class='ocrx_word' id='word_1_17' title='bbox 859 439 1077 531; x_wconf 77' lang='grc' dir='ltr'><em>ύἈθηναῖοι,</em></span> <span class='ocrx_word' id='word_1_18' title='bbox 1089 446 1151 531; x_wconf 84' lang='grc' dir='ltr'><em>ὅση</em></span> 
     </span>
     <span class='ocr_line' id='line_1_4' title="bbox 224 539 1158 629; baseline 0.003 -22"><span class='ocrx_word' id='word_1_19' title='bbox 224 542 386 623; x_wconf 83' lang='grc' dir='ltr'><em>πρόνοιαν</em></span> <span class='ocrx_word' id='word_1_20' title='bbox 398 543 472 622; x_wconf 79' lang='grc' dir='ltr'><em>περὶ</em></span> <span class='ocrx_word' id='word_1_21' title='bbox 485 543 704 626; x_wconf 80' lang='grc' dir='ltr'><em>σωφροσύνης</em></span> <span class='ocrx_word' id='word_1_22' title='bbox 717 543 892 629; x_wconf 81' lang='grc' dir='ltr'><em>ἐποιήσατο</em></span> <span class='ocrx_word' id='word_1_23' title='bbox 915 539 933 610; x_wconf 86' lang='grc' dir='ltr'><em>δ</em></span> <span class='ocrx_word' id='word_1_24' title='bbox 946 544 1070 611; x_wconf 89' lang='grc' dir='ltr'><em>Σύλων</em></span> <span class='ocrx_word' id='word_1_25' title='bbox 1089 546 1158 613; x_wconf 75' lang='grc' dir='ltr'><em>ἐκεῖ</em></span> 
     </span>
     <span class='ocr_line' id='line_1_5' title="bbox 225 637 1162 728; baseline 0.006 -23"><span class='ocrx_word' id='word_1_26' title='bbox 225 667 297 724; x_wconf 84' lang='grc' dir='ltr'><em>νος,</em></span> <span class='ocrx_word' id='word_1_27' title='bbox 310 637 327 707; x_wconf 84' lang='grc' dir='ltr'>ὁ</span> <span class='ocrx_word' id='word_1_28' title='bbox 340 638 479 717; x_wconf 85' lang='grc' dir='ltr'><em>παλαιὸς</em></span> <span class='ocrx_word' id='word_1_29' title='bbox 492 648 692 727; x_wconf 83' lang='grc' dir='ltr'><em>νομοθέτης,</em></span> <span class='ocrx_word' id='word_1_30' title='bbox 715 646 770 710; x_wconf 78' lang='grc' dir='ltr'><em>καὶ</em></span> <span class='ocrx_word' id='word_1_31' title='bbox 782 640 799 711; x_wconf 89' lang='grc' dir='ltr'>ὁ</span> <span class='ocrx_word' id='word_1_32' title='bbox 812 643 960 728; x_wconf 77' lang='grc' dir='ltr'><em>Δράκων</em></span> <span class='ocrx_word' id='word_1_33' title='bbox 976 644 1032 711; x_wconf 80' lang='grc' dir='ltr'><em>καὶ</em></span> <span class='ocrx_word' id='word_1_34' title='bbox 1044 648 1081 711; x_wconf 69' lang='lat' dir='ltr'><em>ol</em></span> <span class='ocrx_word' id='word_1_35' title='bbox 1090 671 1162 711; x_wconf 88' lang='grc' dir='ltr'><em>κατ</em></span> 
     </span>
     <span class='ocr_line' id='line_1_6' title="bbox 223 738 1168 828; baseline 0.004 -25"><span class='ocrx_word' id='word_1_36' title='bbox 223 739 302 815; x_wconf 79' lang='grc' dir='ltr'><em>τοὺς</em></span> <span class='ocrx_word' id='word_1_37' title='bbox 318 738 460 823; x_wconf 87' lang='grc' dir='ltr'><em>χρόνους</em></span> <span class='ocrx_word' id='word_1_38' title='bbox 479 741 625 817; x_wconf 80' lang='grc' dir='ltr'><em>ἐκείνους</em></span> <span class='ocrx_word' id='word_1_39' title='bbox 642 744 831 825; x_wconf 85' lang='grc' dir='ltr'><em>νομοθέται,</em></span> <span class='ocrx_word' id='word_1_40' title='bbox 866 750 1000 828; x_wconf 77' lang='grc' dir='ltr'><em>πρῶτον</em></span> <span class='ocrx_word' id='word_1_41' title='bbox 1020 742 1086 827; x_wconf 77' lang='grc' dir='ltr'><em>μὲν</em></span> <span class='ocrx_word' id='word_1_42' title='bbox 1106 740 1168 828; x_wconf 80' lang='grc' dir='ltr'><em>γάρ</em></span> 
     </span>
     <span class='ocr_line' id='line_1_7' title="bbox 224 838 1152 923; baseline 0.006 -22"><span class='ocrx_word' id='word_1_43' title='bbox 224 839 470 923; x_wconf 81' lang='grc' dir='ltr'><em>ἐνομοθέτησαν</em></span> <span class='ocrx_word' id='word_1_44' title='bbox 482 838 555 920; x_wconf 80' lang='grc' dir='ltr'><em>περὶ</em></span> <span class='ocrx_word' id='word_1_45' title='bbox 566 845 624 923; x_wconf 79' lang='grc' dir='ltr'><em>τῆς</em></span> <span class='ocrx_word' id='word_1_46' title='bbox 635 838 856 923; x_wconf 80' lang='grc' dir='ltr'><em>σωφροσύνης</em></span> <span class='ocrx_word' id='word_1_47' title='bbox 875 848 943 907; x_wconf 69' lang='grc' dir='ltr'><em>τῶν</em></span> <span class='ocrx_word' id='word_1_48' title='bbox 959 846 1093 908; x_wconf 77' lang='grc' dir='ltr'><em>παίδων</em></span> <span class='ocrx_word' id='word_1_49' title='bbox 1105 847 1152 907; x_wconf 79' lang='grc' dir='ltr'><em>τω</em></span> 
     </span>
    </p>

    <p class='ocr_par' dir='ltr' id='par_1_3' title="bbox 174 931 1170 2395">
     <span class='ocr_line' id='line_1_8' title="bbox 174 931 1151 1023; baseline 0.001 -20"><span class='ocrx_word' id='word_1_50' title='bbox 174 949 209 1003; x_wconf 82' lang='grc'><em>33</em></span> <span class='ocrx_word' id='word_1_51' title='bbox 227 931 409 1018; x_wconf 76' lang='grc' dir='ltr'><em>ἡμετέρων,</em></span> <span class='ocrx_word' id='word_1_52' title='bbox 429 936 483 1002; x_wconf 78' lang='grc' dir='ltr'><em>καὶ</em></span> <span class='ocrx_word' id='word_1_53' title='bbox 501 936 682 1022; x_wconf 75' lang='grc' dir='ltr'><em>διαρρήδην</em></span> <span class='ocrx_word' id='word_1_54' title='bbox 699 934 874 1016; x_wconf 78' lang='grc' dir='ltr'><em>ἀπέδειξαν</em></span> <span class='ocrx_word' id='word_1_55' title='bbox 885 935 907 1004; x_wconf 84' lang='grc' dir='ltr'><em>ά</em></span> <span class='ocrx_word' id='word_1_56' title='bbox 920 938 981 1023; x_wconf 86' lang='grc' dir='ltr'><em>χρὴ</em></span> <span class='ocrx_word' id='word_1_57' title='bbox 995 936 1058 1006; x_wconf 84' lang='grc' dir='ltr'><em>τὸν</em></span> <span class='ocrx_word' id='word_1_58' title='bbox 1071 942 1151 1005; x_wconf 87' lang='grc' dir='ltr'><em>παῖδ</em></span> 
     </span>
     <span class='ocr_line' id='line_1_9' title="bbox 223 1030 1169 1123; baseline 0.006 -26"><span class='ocrx_word' id='word_1_59' title='bbox 223 1030 284 1098; x_wconf 81' lang='grc' dir='ltr'><em>τὸν</em></span> <span class='ocrx_word' id='word_1_60' title='bbox 295 1035 473 1116; x_wconf 86' lang='grc' dir='ltr'><em>ἐλεύθερον</em></span> <span class='ocrx_word' id='word_1_61' title='bbox 482 1035 686 1119; x_wconf 79' lang='grc' dir='ltr'><em>ἐπιτηδεύειν</em></span> <span class='ocrx_word' id='word_1_62' title='bbox 698 1037 751 1102; x_wconf 81' lang='grc' dir='ltr'><em>καὶ</em></span> <span class='ocrx_word' id='word_1_63' title='bbox 763 1034 806 1114; x_wconf 81' lang='grc' dir='ltr'><em>άς</em></span> <span class='ocrx_word' id='word_1_64' title='bbox 817 1041 869 1103; x_wconf 89' lang='grc' dir='ltr'><em>δεῖ</em></span> <span class='ocrx_word' id='word_1_65' title='bbox 877 1034 980 1104; x_wconf 81' lang='grc' dir='ltr'><em>αὐτὸν</em></span> <span class='ocrx_word' id='word_1_66' title='bbox 990 1046 1169 1123; x_wconf 80' lang='grc' dir='ltr'><em>τραφῆναι,</em></span> 
     </span>
     <span class='ocr_line' id='line_1_10' title="bbox 223 1131 1155 1220; baseline 0.008 -25"><span class='ocrx_word' id='word_1_67' title='bbox 223 1136 334 1196; x_wconf 81' lang='grc' dir='ltr'><em>ἔπειτα</em></span> <span class='ocrx_word' id='word_1_68' title='bbox 346 1131 504 1215; x_wconf 88' lang='grc' dir='ltr'><em>δεύτερον</em></span> <span class='ocrx_word' id='word_1_69' title='bbox 515 1134 588 1216; x_wconf 81' lang='grc' dir='ltr'><em>περὶ</em></span> <span class='ocrx_word' id='word_1_70' title='bbox 601 1140 668 1198; x_wconf 76' lang='grc' dir='ltr'><em>τῶν</em></span> <span class='ocrx_word' id='word_1_71' title='bbox 679 1140 873 1218; x_wconf 85' lang='grc' dir='ltr'><em>μειρακίων,</em></span> <span class='ocrx_word' id='word_1_72' title='bbox 885 1141 996 1216; x_wconf 88' lang='grc' dir='ltr'><em>τρίτον</em></span> <span class='ocrx_word' id='word_1_73' title='bbox 1007 1132 1038 1200; x_wconf 88' lang='grc' dir='ltr'><em>δ’</em></span> <span class='ocrx_word' id='word_1_74' title='bbox 1053 1138 1155 1220; x_wconf 75' lang='grc' dir='ltr'><em>ἐφεξὴ</em></span> 
     </span>
     <span class='ocr_line' id='line_1_11' title="bbox 222 1227 1169 1315; baseline 0.004 -22"><span class='ocrx_word' id='word_1_75' title='bbox 222 1231 296 1311; x_wconf 82' lang='grc' dir='ltr'><em>περὶ</em></span> <span class='ocrx_word' id='word_1_76' title='bbox 309 1238 375 1295; x_wconf 79' lang='grc' dir='ltr'><em>τῶν</em></span> <span class='ocrx_word' id='word_1_77' title='bbox 387 1229 497 1296; x_wconf 87' lang='grc' dir='ltr'><em>ἀλλων</em></span> <span class='ocrx_word' id='word_1_78' title='bbox 507 1227 660 1315; x_wconf 77' lang='grc' dir='ltr'><em>ἡλικιῶν,</em></span> <span class='ocrx_word' id='word_1_79' title='bbox 681 1229 721 1296; x_wconf 87' lang='grc' dir='ltr'><em>ού</em></span> <span class='ocrx_word' id='word_1_80' title='bbox 733 1231 840 1314; x_wconf 90' lang='grc' dir='ltr'><em>μόνον</em></span> <span class='ocrx_word' id='word_1_81' title='bbox 851 1233 925 1314; x_wconf 81' lang='grc' dir='ltr'><em>περὶ</em></span> <span class='ocrx_word' id='word_1_82' title='bbox 937 1237 1006 1296; x_wconf 82' lang='grc' dir='ltr'><em>τάν</em></span> <span class='ocrx_word' id='word_1_83' title='bbox 1016 1234 1169 1315; x_wconf 78' lang='grc' dir='ltr'><em>ἰδιωτῶν,</em></span> 
     </span>
     <span class='ocr_line' id='line_1_12' title="bbox 222 1324 1169 1412; baseline 0.001 -21"><span class='ocrx_word' id='word_1_84' title='bbox 222 1324 306 1392; x_wconf 87' lang='grc' dir='ltr'><em>ἀλλά</em></span> <span class='ocrx_word' id='word_1_85' title='bbox 319 1329 373 1392; x_wconf 78' lang='grc' dir='ltr'><em>καὶ</em></span> <span class='ocrx_word' id='word_1_86' title='bbox 384 1329 457 1408; x_wconf 82' lang='grc' dir='ltr'><em>περὶ</em></span> <span class='ocrx_word' id='word_1_87' title='bbox 468 1334 536 1392; x_wconf 77' lang='grc' dir='ltr'><em>τῶν</em></span> <span class='ocrx_word' id='word_1_88' title='bbox 547 1327 707 1411; x_wconf 82' lang='grc' dir='ltr'><em>ῥητόρων.</em></span> <span class='ocrx_word' id='word_1_89' title='bbox 739 1329 793 1393; x_wconf 82' lang='grc' dir='ltr'><em>καὶ</em></span> <span class='ocrx_word' id='word_1_90' title='bbox 804 1327 943 1405; x_wconf 86' lang='grc' dir='ltr'><em>τούτους</em></span> <span class='ocrx_word' id='word_1_91' title='bbox 955 1326 1033 1404; x_wconf 87' lang='grc' dir='ltr'><em>τούς</em></span> <span class='ocrx_word' id='word_1_92' title='bbox 1044 1326 1169 1412; x_wconf 64' lang='grc' dir='ltr'><em>νόμους</em></span> 
     </span>
     <span class='ocr_line' id='line_1_13' title="bbox 223 1420 1166 1509; baseline -0.001 -20"><span class='ocrx_word' id='word_1_93' title='bbox 223 1424 473 1508; x_wconf 78' lang='grc' dir='ltr'><em>ἀναγράψαντες</em></span> <span class='ocrx_word' id='word_1_94' title='bbox 485 1422 565 1509; x_wconf 90' lang='grc' dir='ltr'><em>ύμῖν</em></span> <span class='ocrx_word' id='word_1_95' title='bbox 583 1427 870 1509; x_wconf 85' lang='grc' dir='ltr'><em>παρακατέθεντο,</em></span> <span class='ocrx_word' id='word_1_96' title='bbox 893 1426 948 1491; x_wconf 81' lang='grc' dir='ltr'><em>καὶ</em></span> <span class='ocrx_word' id='word_1_97' title='bbox 960 1420 1047 1507; x_wconf 82' lang='grc' dir='ltr'><em>ὑμᾶς</em></span> <span class='ocrx_word' id='word_1_98' title='bbox 1058 1422 1166 1490; x_wconf 77' lang='grc' dir='ltr'><em>αὐτῶν</em></span> 
     </span>
     <span class='ocr_line' id='line_1_14' title="bbox 223 1519 1169 1607; baseline -0.002 -19"><span class='ocrx_word' id='word_1_99' title='bbox 223 1526 404 1607; x_wconf 85' lang='grc' dir='ltr'><em>ἐπέστησαν</em></span> <span class='ocrx_word' id='word_1_100' title='bbox 416 1520 575 1605; x_wconf 84' lang='grc' dir='ltr'><em>φύλακας.</em></span> <span class='ocrx_word' id='word_1_101' title='bbox 612 1521 774 1607; x_wconf 87' lang='grc' dir='ltr'><em>βούλομαι</em></span> <span class='ocrx_word' id='word_1_102' title='bbox 793 1519 832 1605; x_wconf 86' lang='grc' dir='ltr'><em>δὴ</em></span> <span class='ocrx_word' id='word_1_103' title='bbox 845 1523 899 1587; x_wconf 78' lang='grc' dir='ltr'><em>καὶ</em></span> <span class='ocrx_word' id='word_1_104' title='bbox 911 1521 973 1604; x_wconf 76' lang='grc' dir='ltr'><em>ἐμω</em></span> <span class='ocrx_word' id='word_1_105' title='bbox 992 1522 1071 1586; x_wconf 82' lang='grc' dir='ltr'><em>νυνὶ</em></span> <span class='ocrx_word' id='word_1_106' title='bbox 1086 1519 1169 1604; x_wconf 79' lang='grc' dir='ltr'><em>πρὸς</em></span> 
     </span>
     <span class='ocr_line' id='line_1_15' title="bbox 222 1616 1169 1709; baseline -0.002 -22"><span class='ocrx_word' id='word_1_107' title='bbox 222 1619 374 1707; x_wconf 84' lang='grc' dir='ltr'><em>ὑμάςτδν</em></span> <span class='ocrx_word' id='word_1_108' title='bbox 384 1618 622 1703; x_wconf 80' lang='grc' dir='ltr'><em>αὐτὸντρόπον</em></span> <span class='ocrx_word' id='word_1_109' title='bbox 630 1620 818 1705; x_wconf 82' lang='grc' dir='ltr'><em>χρησασθαι</em></span> <span class='ocrx_word' id='word_1_110' title='bbox 828 1629 876 1709; x_wconf 79' lang='grc' dir='ltr'><em>τῷ</em></span> <span class='ocrx_word' id='word_1_111' title='bbox 883 1619 982 1708; x_wconf 79' lang='grc' dir='ltr'><em>λόγῳ,</em></span> <span class='ocrx_word' id='word_1_112' title='bbox 991 1616 1169 1705; x_wconf 60' lang='grc' dir='ltr'><em>ὅνπερτοῖς</em></span> 
     </span>
     <span class='ocr_line' id='line_1_16' title="bbox 221 1717 1168 1806; baseline 0 -20"><span class='ocrx_word' id='word_1_113' title='bbox 221 1721 335 1806; x_wconf 87' lang='grc' dir='ltr'><em>νόμοις</em></span> <span class='ocrx_word' id='word_1_114' title='bbox 352 1717 370 1787; x_wconf 86' lang='grc' dir='ltr'><strong>ὁ</strong></span> <span class='ocrx_word' id='word_1_115' title='bbox 387 1724 580 1805; x_wconf 85' lang='grc' dir='ltr'><em>νομοθέτης.</em></span> <span class='ocrx_word' id='word_1_116' title='bbox 610 1728 743 1802; x_wconf 76' lang='grc' dir='ltr'><em>πρῶτον</em></span> <span class='ocrx_word' id='word_1_117' title='bbox 765 1720 827 1805; x_wconf 79' lang='grc' dir='ltr'><em>μὲν</em></span> <span class='ocrx_word' id='word_1_118' title='bbox 843 1719 907 1806; x_wconf 80' lang='grc' dir='ltr'><em>γάρ</em></span> <span class='ocrx_word' id='word_1_119' title='bbox 931 1722 1065 1804; x_wconf 84' lang='grc' dir='ltr'><em>διέξειμι</em></span> <span class='ocrx_word' id='word_1_120' title='bbox 1087 1718 1168 1803; x_wconf 66' lang='grc' dir='ltr'><em>πρὸς</em></span> 
     </span>
     <span class='ocr_line' id='line_1_17' title="bbox 222 1814 1150 1903; baseline -0.001 -19"><span class='ocrx_word' id='word_1_121' title='bbox 222 1816 307 1903; x_wconf 81' lang='grc' dir='ltr'><em>ὑμᾶς</em></span> <span class='ocrx_word' id='word_1_122' title='bbox 318 1817 397 1896; x_wconf 83' lang='grc' dir='ltr'><em>τούς</em></span> <span class='ocrx_word' id='word_1_123' title='bbox 409 1820 544 1903; x_wconf 86' lang='grc' dir='ltr'><em>νόμους,</em></span> <span class='ocrx_word' id='word_1_124' title='bbox 563 1823 597 1883; x_wconf 81' lang='grc' dir='ltr'><em>οἳ</em></span> <span class='ocrx_word' id='word_1_125' title='bbox 614 1831 737 1883; x_wconf 85' lang='grc' dir='ltr'><em>κεῖνται</em></span> <span class='ocrx_word' id='word_1_126' title='bbox 748 1819 821 1900; x_wconf 81' lang='grc' dir='ltr'><em>περὶ</em></span> <span class='ocrx_word' id='word_1_127' title='bbox 833 1824 890 1902; x_wconf 82' lang='grc' dir='ltr'><em>τῆς</em></span> <span class='ocrx_word' id='word_1_128' title='bbox 907 1814 1086 1900; x_wconf 79' lang='grc' dir='ltr'><em>εὐκοσμίας</em></span> <span class='ocrx_word' id='word_1_129' title='bbox 1103 1823 1150 1883; x_wconf 81' lang='grc' dir='ltr'><em>τώ</em></span> 
     </span>
     <span class='ocr_line' id='line_1_18' title="bbox 222 1913 1156 2002; baseline 0.001 -22"><span class='ocrx_word' id='word_1_130' title='bbox 222 1920 349 1982; x_wconf 90' lang='grc' dir='ltr'><em>παίδων</em></span> <span class='ocrx_word' id='word_1_131' title='bbox 360 1923 427 1981; x_wconf 80' lang='grc' dir='ltr'><em>τῶν</em></span> <span class='ocrx_word' id='word_1_132' title='bbox 441 1913 623 2002; x_wconf 88' lang='grc' dir='ltr'><em>ἡμετέρων,</em></span> <span class='ocrx_word' id='word_1_133' title='bbox 635 1919 744 1980; x_wconf 80' lang='grc' dir='ltr'><em>ἔπειτα</em></span> <span class='ocrx_word' id='word_1_134' title='bbox 756 1913 913 1998; x_wconf 87' lang='grc' dir='ltr'><em>δεύτερον</em></span> <span class='ocrx_word' id='word_1_135' title='bbox 925 1913 1003 1990; x_wconf 83' lang='grc' dir='ltr'><em>τούς</em></span> <span class='ocrx_word' id='word_1_136' title='bbox 1014 1916 1090 1996; x_wconf 82' lang='grc' dir='ltr'><em>περὶ</em></span> <span class='ocrx_word' id='word_1_137' title='bbox 1103 1922 1156 1981; x_wconf 77' lang='grc' dir='ltr'><em>τω·</em></span> 
     </span>
     <span class='ocr_line' id='line_1_19' title="bbox 221 2009 1153 2099; baseline -0.002 -18"><span class='ocrx_word' id='word_1_138' title='bbox 221 2020 414 2099; x_wconf 87' lang='grc' dir='ltr'><em>μειρακίων,</em></span> <span class='ocrx_word' id='word_1_139' title='bbox 427 2019 537 2094; x_wconf 90' lang='grc' dir='ltr'><em>τρίτον</em></span> <span class='ocrx_word' id='word_1_140' title='bbox 548 2010 579 2075; x_wconf 81' lang='grc' dir='ltr'><em>δ’</em></span> <span class='ocrx_word' id='word_1_141' title='bbox 594 2014 709 2097; x_wconf 78' lang='grc' dir='ltr'><em>ἑφεξῆς</em></span> <span class='ocrx_word' id='word_1_142' title='bbox 720 2010 798 2088; x_wconf 86' lang='grc' dir='ltr'><em>τούς</em></span> <span class='ocrx_word' id='word_1_143' title='bbox 809 2012 883 2093; x_wconf 80' lang='grc' dir='ltr'><em>περὶ</em></span> <span class='ocrx_word' id='word_1_144' title='bbox 895 2019 962 2078; x_wconf 80' lang='grc' dir='ltr'><em>τω“υ</em></span> <span class='ocrx_word' id='word_1_145' title='bbox 974 2010 1087 2079; x_wconf 85' lang='grc' dir='ltr'><em>ἀλλων</em></span> <span class='ocrx_word' id='word_1_146' title='bbox 1097 2009 1153 2097; x_wconf 89' lang='grc' dir='ltr'><em>ἡλι</em></span> 
     </span>
     <span class='ocr_line' id='line_1_20' title="bbox 221 2106 1170 2195; baseline -0.005 -19"><span class='ocrx_word' id='word_1_147' title='bbox 221 2119 313 2180; x_wconf 73' lang='grc' dir='ltr'><em>κιών.</em></span> <span class='ocrx_word' id='word_1_148' title='bbox 346 2109 433 2176; x_wconf 80' lang='grc' dir='ltr'><em>οὕτω</em></span> <span class='ocrx_word' id='word_1_149' title='bbox 454 2108 517 2193; x_wconf 80' lang='grc' dir='ltr'><em>γάρ</em></span> <span class='ocrx_word' id='word_1_150' title='bbox 539 2108 583 2175; x_wconf 86' lang='grc' dir='ltr'><em>ἀν</em></span> <span class='ocrx_word' id='word_1_151' title='bbox 604 2134 660 2192; x_wconf 91' lang='grc' dir='ltr'><em>μοι</em></span> <span class='ocrx_word' id='word_1_152' title='bbox 684 2108 823 2193; x_wconf 90' lang='grc' dir='ltr'><em>μάλιστα</em></span> <span class='ocrx_word' id='word_1_153' title='bbox 844 2106 1071 2195; x_wconf 75' lang='grc' dir='ltr'><em>ὑπολαμβάνω</em></span> <span class='ocrx_word' id='word_1_154' title='bbox 1091 2108 1170 2175; x_wconf 84' lang='grc' dir='ltr'><em>τού</em></span> 
     </span>
     <span class='ocr_line' id='line_1_21' title="bbox 222 2207 1170 2296; baseline -0.004 -18"><span class='ocrx_word' id='word_1_155' title='bbox 222 2210 344 2296; x_wconf 76' lang='grc' dir='ltr'><em>λόγους</em></span> <span class='ocrx_word' id='word_1_156' title='bbox 359 2208 516 2294; x_wconf 79' lang='grc' dir='ltr'><em>εὐμαθεῖς</em></span> <span class='ocrx_word' id='word_1_157' title='bbox 527 2213 692 2292; x_wconf 77' lang='grc' dir='ltr'><em>γενέσθαι.</em></span> <span class='ocrx_word' id='word_1_158' title='bbox 726 2207 793 2293; x_wconf 86' lang='grc' dir='ltr'><em>άμα</em></span> <span class='ocrx_word' id='word_1_159' title='bbox 813 2210 848 2276; x_wconf 77' lang='grc' dir='ltr'><em>δέ</em></span> <span class='ocrx_word' id='word_1_160' title='bbox 867 2210 919 2276; x_wconf 78' lang='grc' dir='ltr'><em>καί</em></span> <span class='ocrx_word' id='word_1_161' title='bbox 937 2209 1120 2295; x_wconf 84' lang='grc' dir='ltr'><em>βούλομαι,</em></span> <span class='ocrx_word' id='word_1_162' title='bbox 1164 2211 1170 2222; x_wconf 68' lang='grc'>”</span> 
     </span>
     <span class='ocr_line' id='line_1_22' title="bbox 218 2304 1127 2395; baseline 0.002 -21"><span class='ocrx_word' id='word_1_163' title='bbox 218 2306 398 2394; x_wconf 85' lang='grc' dir='ltr'><em>Ἀθηναῖοι,</em></span> <span class='ocrx_word' id='word_1_164' title='bbox 413 2312 659 2391; x_wconf 78' lang='grc' dir='ltr'><em>προδιεξελθεῖν</em></span> <span class='ocrx_word' id='word_1_165' title='bbox 670 2314 804 2392; x_wconf 77' lang='grc' dir='ltr'><em>πρῶτον</em></span> <span class='ocrx_word' id='word_1_166' title='bbox 814 2309 898 2392; x_wconf 82' lang='grc' dir='ltr'><em>πρὸς</em></span> <span class='ocrx_word' id='word_1_167' title='bbox 908 2304 1003 2391; x_wconf 78' lang='grc' dir='ltr'><em>ἀμάς,</em></span> <span class='ocrx_word' id='word_1_168' title='bbox 1016 2304 1061 2386; x_wconf 77' lang='grc' dir='ltr'><em>ὡς</em></span> <span class='ocrx_word' id='word_1_169' title='bbox 1072 2315 1127 2395; x_wconf 87' lang='grc' dir='ltr'><em>ε”χο</em></span> 
     </span>
    </p>

    <p class='ocr_par' dir='ltr' id='par_1_4' title="bbox 172 2406 1170 2690">
     <span class='ocr_line' id='line_1_23' title="bbox 172 2406 1162 2494; baseline 0 -19"><span class='ocrx_word' id='word_1_170' title='bbox 172 2424 206 2476; x_wconf 69' lang='lat'><em>34</em></span> <span class='ocrx_word' id='word_1_171' title='bbox 222 2429 277 2475; x_wconf 95' lang='grc' dir='ltr'><em>σιν</em></span> <span class='ocrx_word' id='word_1_172' title='bbox 293 2411 328 2475; x_wconf 88' lang='grc' dir='ltr'><em>οί</em></span> <span class='ocrx_word' id='word_1_173' title='bbox 342 2407 440 2492; x_wconf 87' lang='grc' dir='ltr'><em>νόμοι</em></span> <span class='ocrx_word' id='word_1_174' title='bbox 457 2408 532 2489; x_wconf 79' lang='grc' dir='ltr'><em>περὶ</em></span> <span class='ocrx_word' id='word_1_175' title='bbox 549 2412 606 2492; x_wconf 81' lang='grc' dir='ltr'><em>τῆς</em></span> <span class='ocrx_word' id='word_1_176' title='bbox 629 2406 771 2489; x_wconf 88' lang='grc' dir='ltr'><em>πόλεως,</em></span> <span class='ocrx_word' id='word_1_177' title='bbox 793 2407 895 2474; x_wconf 91' lang='grc' dir='ltr'><em>πάλιν</em></span> <span class='ocrx_word' id='word_1_178' title='bbox 915 2409 950 2475; x_wconf 79' lang='grc' dir='ltr'><em>δὲ</em></span> <span class='ocrx_word' id='word_1_179' title='bbox 966 2406 1047 2494; x_wconf 88' lang='grc' dir='ltr'><em>μετά</em></span> <span class='ocrx_word' id='word_1_180' title='bbox 1068 2417 1162 2476; x_wconf 81' lang='grc' dir='ltr'><em>τοῠτι</em></span> 
     </span>
     <span class='ocr_line' id='line_1_24' title="bbox 222 2504 1170 2593; baseline -0.005 -20"><span class='ocrx_word' id='word_1_181' title='bbox 222 2505 432 2586; x_wconf 83' lang='grc' dir='ltr'><em>ἀντεξετάσαι</em></span> <span class='ocrx_word' id='word_1_182' title='bbox 450 2505 528 2583; x_wconf 79' lang='grc' dir='ltr'><em>τοὺς</em></span> <span class='ocrx_word' id='word_1_183' title='bbox 544 2505 691 2588; x_wconf 89' lang='grc' dir='ltr'><em>τράπους</em></span> <span class='ocrx_word' id='word_1_184' title='bbox 707 2504 784 2581; x_wconf 83' lang='grc' dir='ltr'><em>τούς</em></span> <span class='ocrx_word' id='word_1_185' title='bbox 805 2506 988 2590; x_wconf 87' lang='grc' dir='ltr'><em>Τιμάρχου·</em></span> <span class='ocrx_word' id='word_1_186' title='bbox 1012 2504 1170 2593; x_wconf 81' lang='grc' dir='ltr'><em>εὑρήσει.</em></span> 
     </span>
     <span class='ocr_line' id='line_1_25' title="bbox 221 2602 1089 2690; baseline 0 -19"><span class='ocrx_word' id='word_1_187' title='bbox 221 2603 285 2688; x_wconf 81' lang='grc' dir='ltr'><em>γάρ</em></span> <span class='ocrx_word' id='word_1_188' title='bbox 297 2602 401 2671; x_wconf 84' lang='grc' dir='ltr'><em>αὐτὸν</em></span> <span class='ocrx_word' id='word_1_189' title='bbox 413 2607 566 2681; x_wconf 91' lang='grc' dir='ltr'><em>έυαντίως</em></span> <span class='ocrx_word' id='word_1_190' title='bbox 578 2602 680 2669; x_wconf 88' lang='grc' dir='ltr'><em>άπασι</em></span> <span class='ocrx_word' id='word_1_191' title='bbox 690 2617 757 2681; x_wconf 89' lang='grc' dir='ltr'><em>τοῖς</em></span> <span class='ocrx_word' id='word_1_192' title='bbox 768 2604 883 2687; x_wconf 87' lang='grc' dir='ltr'><em>νόμοις</em></span> <span class='ocrx_word' id='word_1_193' title='bbox 895 2604 1089 2690; x_wconf 81' lang='grc' dir='ltr'><em>βεβιωκότα.</em></span> 
     </span>
    </p>

    <p class='ocr_par' dir='ltr' id='par_1_5' title="bbox 220 2700 1162 3469">
     <span class='ocr_line' id='line_1_26' title="bbox 299 2700 1160 2787; baseline 0.006 -21"><span class='ocrx_word' id='word_1_194' title='bbox 299 2700 336 2766; x_wconf 87' lang='grc' dir='ltr'><strong><em>Ὁ</em></strong></span> <span class='ocrx_word' id='word_1_195' title='bbox 350 2701 415 2786; x_wconf 75' lang='grc' dir='ltr'><em>γάρ</em></span> <span class='ocrx_word' id='word_1_196' title='bbox 434 2704 619 2787; x_wconf 90' lang='grc' dir='ltr'><em>νομοθέτης</em></span> <span class='ocrx_word' id='word_1_197' title='bbox 634 2709 769 2786; x_wconf 83' lang='grc' dir='ltr'><em>πρῶτον</em></span> <span class='ocrx_word' id='word_1_198' title='bbox 786 2703 847 2787; x_wconf 79' lang='grc' dir='ltr'><em>μὲν</em></span> <span class='ocrx_word' id='word_1_199' title='bbox 863 2718 930 2780; x_wconf 90' lang='grc' dir='ltr'><em>τοῖς</em></span> <span class='ocrx_word' id='word_1_200' title='bbox 948 2704 1160 2782; x_wconf 89' lang='grc' dir='ltr'><em>διδασκάλοις</em></span> 
     </span>
     <span class='ocr_line' id='line_1_27' title="bbox 222 2796 1154 2887; baseline 0.001 -19"><span class='ocrx_word' id='word_1_201' title='bbox 222 2796 269 2879; x_wconf 82' lang='grc' dir='ltr'><em>οἷς</em></span> <span class='ocrx_word' id='word_1_202' title='bbox 281 2801 313 2878; x_wconf 83' lang='grc' dir='ltr'><em>ἐξ</em></span> <span class='ocrx_word' id='word_1_203' title='bbox 325 2796 471 2884; x_wconf 83' lang='grc' dir='ltr'><em>ἀνάγκης</em></span> <span class='ocrx_word' id='word_1_204' title='bbox 483 2803 817 2884; x_wconf 87' lang='grc' dir='ltr'><em>παρακατατιθέμεθα</em></span> <span class='ocrx_word' id='word_1_205' title='bbox 828 2800 906 2878; x_wconf 83' lang='grc' dir='ltr'><em>τούς</em></span> <span class='ocrx_word' id='word_1_206' title='bbox 915 2798 1096 2887; x_wconf 78' lang='grc' dir='ltr'><em>ἡμετέρους</em></span> <span class='ocrx_word' id='word_1_207' title='bbox 1106 2801 1154 2869; x_wconf 79' lang='grc' dir='ltr'><em>αι’·</em></span> 
     </span>
     <span class='ocr_line' id='line_1_28' title="bbox 221 2895 1162 2984; baseline 0.002 -20"><span class='ocrx_word' id='word_1_208' title='bbox 221 2908 289 2964; x_wconf 85' lang='grc' dir='ltr'><em>των</em></span> <span class='ocrx_word' id='word_1_209' title='bbox 302 2902 436 2980; x_wconf 86' lang='grc' dir='ltr'><em>παῖδας,</em></span> <span class='ocrx_word' id='word_1_210' title='bbox 459 2896 506 2975; x_wconf 87' lang='grc' dir='ltr'><em>οἷς</em></span> <span class='ocrx_word' id='word_1_211' title='bbox 518 2901 607 2964; x_wconf 81' lang='grc' dir='ltr'><em>ἐστιν</em></span> <span class='ocrx_word' id='word_1_212' title='bbox 624 2896 716 2984; x_wconf 73' lang='grc' dir='ltr'><em>ὁμὲν</em></span> <span class='ocrx_word' id='word_1_213' title='bbox 726 2904 798 2983; x_wconf 85' lang='grc' dir='ltr'><em>βίος</em></span> <span class='ocrx_word' id='word_1_214' title='bbox 815 2895 880 2966; x_wconf 86' lang='grc' dir='ltr'><em>ἀπὸ</em></span> <span class='ocrx_word' id='word_1_215' title='bbox 895 2907 956 2966; x_wconf 84' lang='grc' dir='ltr'><em>τοῦ</em></span> <span class='ocrx_word' id='word_1_216' title='bbox 967 2914 1162 2983; x_wconf 81' lang='grc' dir='ltr'><em>σωφρονεῖν</em></span> 
     </span>
     <span class='ocr_line' id='line_1_29' title="bbox 220 2993 1159 3082; baseline -0.001 -19"><span class='ocrx_word' id='word_1_217' title='bbox 220 2995 241 3082; x_wconf 87' lang='grc' dir='ltr'><em>ἡ</em></span> <span class='ocrx_word' id='word_1_218' title='bbox 254 2994 284 3063; x_wconf 91' lang='grc' dir='ltr'><em>δ’</em></span> <span class='ocrx_word' id='word_1_219' title='bbox 298 2993 420 3078; x_wconf 89' lang='grc' dir='ltr'><em>ἀπορία</em></span> <span class='ocrx_word' id='word_1_220' title='bbox 433 2998 467 3062; x_wconf 87' lang='grc' dir='ltr'><em>έιι</em></span> <span class='ocrx_word' id='word_1_221' title='bbox 478 3004 546 3062; x_wconf 80' lang='grc' dir='ltr'><em>των</em></span> <span class='ocrx_word' id='word_1_222' title='bbox 557 2999 732 3080; x_wconf 85' lang='grc' dir='ltr'><em>ἐναντίων,</em></span> <span class='ocrx_word' id='word_1_223' title='bbox 744 2996 833 3082; x_wconf 83' lang='grc' dir='ltr'><em>ὅμως</em></span> <span class='ocrx_word' id='word_1_224' title='bbox 845 2995 993 3064; x_wconf 75' lang='grc' dir='ltr'><em>ἀπιστῶν</em></span> <span class='ocrx_word' id='word_1_225' title='bbox 1005 3002 1159 3080; x_wconf 86' lang='grc' dir='ltr'><em>φαίνεται</em></span> 
     </span>
     <span class='ocr_line' id='line_1_30' title="bbox 221 3092 1152 3180; baseline -0.002 -19"><span class='ocrx_word' id='word_1_226' title='bbox 221 3097 275 3162; x_wconf 81' lang='grc' dir='ltr'><em>καὶ</em></span> <span class='ocrx_word' id='word_1_227' title='bbox 285 3092 687 3179; x_wconf 86' lang='grc' dir='ltr'><em>διαρρὴδηνάποδείκνυσι</em></span> <span class='ocrx_word' id='word_1_228' title='bbox 698 3095 900 3179; x_wconf 71' lang='grc' dir='ltr'><em>πρῶτονμὲν</em></span> <span class='ocrx_word' id='word_1_229' title='bbox 911 3092 952 3180; x_wconf 85' lang='grc' dir='ltr'><em>ἡν</em></span> <span class='ocrx_word' id='word_1_230' title='bbox 963 3092 1152 3177; x_wconf 78' lang='grc' dir='ltr'><em>άρανπροσ</em></span> 
     </span>
     <span class='ocr_line' id='line_1_31' title="bbox 220 3189 1155 3280; baseline 0.001 -21"><span class='ocrx_word' id='word_1_231' title='bbox 220 3194 294 3279; x_wconf 88' lang='grc' dir='ltr'><em>η’κει</em></span> <span class='ocrx_word' id='word_1_232' title='bbox 306 3194 390 3260; x_wconf 89' lang='grc' dir='ltr'><em>ι’έναι</em></span> <span class='ocrx_word' id='word_1_233' title='bbox 402 3192 461 3260; x_wconf 83' lang='grc' dir='ltr'><em>τὸν</em></span> <span class='ocrx_word' id='word_1_234' title='bbox 472 3196 572 3259; x_wconf 90' lang='grc' dir='ltr'><em>παῖδα</em></span> <span class='ocrx_word' id='word_1_235' title='bbox 583 3189 643 3260; x_wconf 88' lang='grc' dir='ltr'><em>τδν</em></span> <span class='ocrx_word' id='word_1_236' title='bbox 661 3193 842 3280; x_wconf 81' lang='grc' dir='ltr'><em>ἐλεύθερον</em></span> <span class='ocrx_word' id='word_1_237' title='bbox 855 3199 900 3271; x_wconf 88' lang='grc' dir='ltr'><em>είς</em></span> <span class='ocrx_word' id='word_1_238' title='bbox 910 3191 946 3259; x_wconf 81' lang='grc' dir='ltr'><em>τὸ</em></span> <span class='ocrx_word' id='word_1_239' title='bbox 961 3196 1155 3260; x_wconf 85' lang='grc' dir='ltr'><em>διδασκαλεῖ</em></span> 
     </span>
     <span class='ocr_line' id='line_1_32' title="bbox 221 3287 1144 3374; baseline 0.003 -20"><span class='ocrx_word' id='word_1_240' title='bbox 221 3315 276 3362; x_wconf 84' lang='grc' dir='ltr'><em>ον,</em></span> <span class='ocrx_word' id='word_1_241' title='bbox 300 3295 410 3355; x_wconf 84' lang='grc' dir='ltr'><em>ἔπειτα</em></span> <span class='ocrx_word' id='word_1_242' title='bbox 430 3287 509 3374; x_wconf 87' lang='grc' dir='ltr'><em>μετά</em></span> <span class='ocrx_word' id='word_1_243' title='bbox 534 3289 649 3356; x_wconf 88' lang='grc' dir='ltr'><em>πόσων</em></span> <span class='ocrx_word' id='word_1_244' title='bbox 671 3294 800 3357; x_wconf 86' lang='grc' dir='ltr'><em>παίδων</em></span> <span class='ocrx_word' id='word_1_245' title='bbox 822 3292 956 3356; x_wconf 81' lang='grc' dir='ltr'><em>εἰσιέναι</em></span> <span class='ocrx_word' id='word_1_246' title='bbox 978 3289 1032 3355; x_wconf 82' lang='grc' dir='ltr'><em>καὶ</em></span> <span class='ocrx_word' id='word_1_247' title='bbox 1043 3295 1144 3374; x_wconf 90' lang='grc' dir='ltr'><em>πηνίκ</em></span> 
     </span>
     <span class='ocr_line' id='line_1_33' title="bbox 220 3384 1154 3469; baseline 0.002 -18"><span class='ocrx_word' id='word_1_248' title='bbox 220 3384 360 3469; x_wconf 90' lang='grc' dir='ltr'><em>ἀπιέναι,</em></span> <span class='ocrx_word' id='word_1_249' title='bbox 371 3388 424 3453; x_wconf 81' lang='grc' dir='ltr'><em>καὶ</em></span> <span class='ocrx_word' id='word_1_250' title='bbox 435 3384 514 3466; x_wconf 81' lang='grc' dir='ltr'><em>τούς</em></span> <span class='ocrx_word' id='word_1_251' title='bbox 522 3386 740 3466; x_wconf 87' lang='grc' dir='ltr'><em>διδασκάλους</em></span> <span class='ocrx_word' id='word_1_252' title='bbox 751 3386 790 3454; x_wconf 88' lang='grc' dir='ltr'><em>τά</em></span> <span class='ocrx_word' id='word_1_253' title='bbox 803 3391 1013 3456; x_wconf 82' lang='grc' dir='ltr'><em>διδασκαλεῖα</em></span> <span class='ocrx_word' id='word_1_254' title='bbox 1027 3388 1080 3455; x_wconf 79' lang='grc' dir='ltr'><em>καὶ</em></span> <span class='ocrx_word' id='word_1_255' title='bbox 1091 3386 1154 3455; x_wconf 76' lang='grc' dir='ltr'><em>τοί·</em></span> 
     </span>
    </p>
   </div>
   <div class='ocr_carea' id='block_1_3' title="bbox 0 0 1174 3909">
    <p class='ocr_par' dir='ltr' id='par_1_6' title="bbox 0 0 1174 3909">
     <span class='ocr_line' id='line_1_34' title="bbox 0 0 1174 3909; baseline 0 0"><span class='ocrx_word' id='word_1_256' title='bbox 0 0 1174 3909; x_wconf 95' lang='lat' dir='ltr'><em> </em></span> 
     </span>
    </p>
   </div>
  </div>
 </body>
</html>
