2340 3916
331 183 516 255 στείνεα
534 184 763 240 mmmm.
989 185 1029 249 17

55 324 179 415 Ἑρμαῖ
201 323 269 394 εἶεν
295 326 582 415 περικεκομμένοι·
608 332 738 411 γυωναι
762 317 826 395 οὖν
844 324 953 406 εὐθύς
978 324 1029 395 ὅτι

59 427 194 497 τούτων
213 436 266 514 εῖη
283 432 353 495 τῶν
371 425 508 513 ἀνδρῶν
522 425 559 494 τό
575 432 685 516 ἔργον.
717 425 810 514 ἥκων
824 428 861 496 δὲ
875 436 924 509 είς
942 427 1027 498 ἀστυ
1045 442 1080 491 40

59 528 200 617 ζητητάς
217 553 253 596 τε
270 525 334 615 ἤδη
352 527 546 618 ᾑρημένους
561 527 831 617 καταλαμβάνειν
845 532 902 597 καὶ
917 529 1029 617 μήνα-

60 656 124 717 τρα
147 631 382 718 κεκηρυγμένα
409 628 529 698 έκατόν
554 634 650 718 μνᾶς.
689 629 774 699 ίδδν
798 630 835 698 δὲ
861 630 1029 719 Εὔφημον

58 731 122 801 τόν
132 736 286 805 Καλλίου
301 733 361 799 τοῦ
382 733 589 819 Τηλεκλέους
603 730 753 819 ἀδελφὸν
771 737 809 799 έν
822 758 870 822 τρι
883 740 1029 822 χαλκείῳ

59 832 275 920 καθήμενον,
310 831 495 920 ἀναγαγών
530 832 639 902 αύτόν
669 840 719 913 είς
749 832 786 901 τὸ
816 832 1030 920 Ἡφαιστεῖον

60 936 171 1021 λέγειν
185 931 271 1023 ἅπερ
284 932 370 1021 ύμῖν
385 935 451 1020 ἐγώ
466 943 596 1023 είρηκα,
615 933 661 1014 οἱς
677 940 742 1004 ίδοι
754 932 843 1022 ἡμᾶς
858 937 895 1004 έν
915 937 1028 1023 ἐκείνη

59 1041 104 1125 τῇ
124 1043 239 1104 νυκτί·
266 1032 393 1105 ούκουν
418 1037 533 1125 δέοιτο,
545 1037 636 1127 παρά
653 1041 712 1122 τῆς
731 1036 861 1116 πόλεως
878 1037 1029 1125 χρήματα

61 1144 180 1225 λαβεῖν
193 1140 323 1224 μᾶλλον
337 1133 357 1225 ’ἡ
371 1137 451 1226 παρ’
467 1137 576 1225 ἡμῶν,
591 1136 676 1207 ὥσθ’
692 1135 780 1225 ἡμᾶς
793 1144 879 1226 ἔχειν
893 1146 1028 1226 φίλους.

62 1246 172 1308 εἰπεῖν
191 1229 333 1307 οὖντὸν
351 1237 519 1327 Εὔφημον
538 1237 589 1308 ὅτι
601 1241 712 1319 καλῶς
726 1240 892 1328 ποιήσειεν
910 1241 1030 1327 είπύν,

61 1341 121 1409 καλ
138 1343 206 1408 νῦν
223 1338 315 1427 ἥκειν
332 1343 495 1410 κελεῦσαί
506 1345 542 1410 οί
558 1348 608 1421 είς
625 1341 688 1429 τὴν
703 1341 884 1429 Λεωγόρου
903 1349 1030 1429 οἰκίαν,

62 1440 111 1509 ἵν’
139 1444 209 1511 ἐκεῖ
231 1443 381 1528 σνγγένη
409 1441 481 1529 μετ’
510 1446 592 1530 ἐμοῦ
615 1441 793 1532 Ἀνδοκίδη
821 1445 877 1512 καλ
907 1445 1031 1530 ἑτέροις

62 1537 115 1622 οἷς
129 1547 190 1612 δεῖ.
224 1539 316 1628 ἥκειν
335 1550 399 1631 ἔφη
417 1545 458 1631 τῇ
476 1542 659 1633 ὑστεραίᾳ,
677 1546 734 1613 καὶ
752 1544 794 1632 δὴ
812 1544 948 1613 κόπτειν
966 1546 1027 1632 τὴν
1046 1558 1078 1606 41

61 1644 195 1732 θύραν·
213 1644 274 1712 τόν
293 1644 332 1714 δὲ
349 1647 477 1733 πατέρα
494 1645 555 1714 τόν
575 1645 657 1733 έμδν
674 1661 790 1732 τυχεῖν
810 1646 953 1733 ἐξιόντα,
973 1650 1030 1714 καὶ

64 1752 174 1815 εἰπεῖν
198 1744 322 1814 αύτόν·
357 1737 447 1834 ,,ἀρά
477 1774 515 1834 γε
541 1747 579 1815 σὲ
604 1752 677 1816 οἵδε
702 1749 936 1835 περιμένουσι;
968 1748 1031 1835 χρὴ

66 1850 180 1934 μέντοι
203 1847 247 1934 μη
272 1847 487 1918 ἀπωθεῖσθαι
503 1848 680 1927 τοιούτους
698 1846 857 1935 φίλους.“
890 1848 1031 1918 εἰπόντα

66 1948 105 2017 δὲ
124 1947 232 2017 αύτὸν
250 1952 357 2018 ταῦτα
375 1960 536 2036 οῖχεσθαι.
568 1952 626 2019 καὶ
640 1949 752 2041 τούτῳ
769 1949 832 2037 μέν
850 1952 897 2042 τῷ
915 1950 1031 2042 τρόπῳ

63 2051 124 2118 τδν
151 2051 279 2138 πατέρα
309 2078 376 2137 μου
401 2049 580 2139 ἀπόλλυε,
612 2050 792 2122 συνειδότα
816 2050 1030 2139 ἀποφαίνων.

64 2157 173 2220 εἰπεῖν
204 2151 242 2220 δὲ
264 2151 351 2239 ἡμᾶς
376 2149 426 2220 ὅτι
451 2155 656 2242 δεδογμένον
683 2152 765 2242 ἡμῖν
791 2164 841 2242 εἴη
874 2154 939 2223 δύο
969 2153 1032 2241 μέν

64 2253 213 2321 τάλαντα
231 2250 401 2343 ἀργυρίου
420 2253 551 2323 διδόναι
564 2260 601 2324 οί
615 2254 692 2324 ἀντὶ
710 2258 780 2324 των
796 2255 917 2325 ἑκατόν
935 2258 1031 2343 μνῶν

64 2357 134 2422 τῶν
154 2357 190 2424 ἐκ
213 2358 274 2423 τού
301 2360 486 2445 δημοσίου,
512 2354 573 2424 έάν
596 2356 635 2426 δέ
658 2357 877 2445 κατάσχωμεν
896 2355 1032 2445 ἡμεῖςά

63 2456 282 2543 βουλόμεθα,
297 2458 358 2525 ένα
372 2455 480 2526 αύτδν
492 2456 588 2545 ἡμῶν
602 2455 708 2544 εἶναι,
723 2466 836 2526 πίστιν
850 2457 888 2527 δέ
900 2458 1033 2527 τούτων

65 2559 192 2626 δοῦναί
219 2584 254 2626 τε
284 2560 342 2627 καὶ
373 2558 542 2638 δέξασθαι.
579 2557 830 2647 ἀποκρίνασθαι
856 2558 894 2627 δὲ
926 2557 1031 2638 αύτδς
1049 2574 1083 2623 42

66 2657 151 2747 πρὸς
164 2662 272 2727 ταῦτα
286 2656 337 2727 ὅτι
350 2661 589 2747 βουλεύσοιτο·
608 2658 695 2749 ἡμᾶς
709 2658 747 2729 δὲ
760 2660 910 2728 κελεύειν
925 2658 1033 2728 αύτδν

65 2758 158 2847 ἥκειν
189 2766 238 2841 είς
264 2769 418 2831 Καλλίου
443 2765 505 2831 τοῦ
535 2763 763 2850 Τηλεκλέους,
793 2765 851 2830 ἵνα
877 2759 1034 2842 κάκεῖνος

67 2873 197 2950 παρείη.
235 2863 296 2930 τὸν
321 2861 354 2930 δ’
375 2854 419 2932 αύ
439 2864 604 2952 κηδεστήν
627 2891 694 2952 μου
713 2860 821 2943 οὕτως
842 2862 1032 2934 ἀπώλλυεν.

66 2959 160 3050 ἥκειν
193 2970 257 3051 ἔφη
282 2971 332 3044 εἰς
356 2971 529 3052 Καλλίου,
560 2968 616 3033 καὶ
643 2966 921 3054 καθομολογήσας
952 2965 1034 3055 ἡμῖν

65 3072 182 3134 πίστιν
199 3069 321 3134 δοῦναι
340 3069 377 3135 έν
395 3064 594 3156 ἀκροπόλει,
618 3068 676 3137 καὶ
694 3065 782 3155 ἡμᾶς
800 3069 1034 3155 συνθεμένους

134 3230 177 3278 40.
197 3223 228 3280 έν
213 3245 283 3295 ντῳ
303 3228 415 3283 Valck..
408 3222 465 3281 έν
483 3247 529 3293 τφ.
510 3222 715 3282 Η-ίδοιδ
675 3247 732 3295 μας
749 3229 785 3281 Ad
803 3229 885 3281 M.-
897 3227 1036 3283 κελεῦσαί

65 3289 108 3355 οἵ]
126 3311 290 3374 pronomen
296 3297 330 3346 ad
349 3283 528 3376 Euphemuth
538 3297 638 3349 referri
656 3297 740 3350 debet
759 3296 805 3377 (cf.
824 3299 856 3350 R.
875 3296 966 3361 Δδδ..)

135 3366 177 3415 41.
196 3355 421 3442 βουλρόμεθαΑ.
439 3391 473 3400 -
492 3355 583 3417 αάτδν
600 3366 633 3416 R.
654 3366 720 3418 Bk·
740 3359 843 3418 αὐτων

134 3433 177 3482 42.
196 3423 304 3510 παρῄει
322 3448 362 3497 pr.
382 3432 413 3496 A,
432 3432 588 3499 παροίηΒ.
605 3458 640 3470 -
656 3426 899 3512 καθομολογησας
911 3434 958 3485 AB
971 3433 1036 3485 1312:

67 3491 341 3565 καθοδηγήτας.-
307 3470 478 3551 -έπιόντα
495 3502 574 3567 Emp.
593 3500 684 3554 Turn:
706 3493 839 3561 είςιόντα.

121 3589 262 3631 Amemus.
817 3588 833 3637 2
