2340 3916
138 210 180 276 ης
517 203 731 256 Δαιααεαου

138 371 218 453 τοὺς
235 374 431 458 ἐγχωρίους,
454 368 510 435 καὶ
528 366 590 454 τήν
607 363 754 454 Ἀθηνᾶν
775 365 838 454 τήν
856 365 1023 452 Πολιάδα,
1047 371 1106 436 καὶ

137 479 217 560 τοὺς
235 475 357 557 ἅλλους
374 472 479 555 θεοὺς
493 478 528 541 οἳ
542 471 604 560 τήν
618 472 717 541 πόλιν
730 474 786 540 καὶ
800 471 863 560 τὴν
877 472 989 562 χώραν
1007 469 1105 561 ήμῶν

138 586 319 674 εἰλήχασιν,
339 579 389 650 ὄτι
407 584 468 650 τοῦ
483 579 590 668 δήμου
609 579 886 669 παραδεδωκότος
904 575 986 667 ύμῖν
1004 608 1105 669 τιμω-

138 694 309 782 ρήσασθαι
326 688 386 758 τὸν
405 687 565 776 εἰληφότα
582 714 614 754 τι
632 689 700 755 τῶν
718 741 725 755 .
740 740 747 754 .
762 740 769 754 .
785 740 791 754 .
810 685 893 754 κατὰ
911 690 969 774 τής
986 698 1105 778 πατρί-

53 808 56 812 ’
139 806 211 887 δος,
235 797 295 868 τὸν
318 795 568 882 λελυμασμένον
590 795 646 861 καὶ
670 793 864 882 ἐφθαρκότα
886 792 948 880 τήν
966 798 1025 882 τῆς
1042 797 1105 866 πό.

137 915 218 988 λεως
237 901 466 989 εὐδαιμονίαν,
483 900 545 970 τὸν
562 901 914 989 περικεχαρακωμένην
931 907 1104 991 προδεδω-

84 1043 119 1092 65
137 1013 217 1081 κότα
235 1010 296 1099 τήν
315 1014 457 1097 πατρίδα
470 1022 543 1088 ταῖς
561 1001 666 1075 αὑτοῦ
685 1013 915 1094 συμβουλίαις,
930 1004 971 1076 δν
990 1014 1026 1078 οί
1041 1012 1108 1099 μὲν

137 1119 253 1208 ἐχθροὶ
285 1117 341 1184 καὶ
374 1115 511 1183 κακόνοι
547 1116 587 1203 τῇ
620 1112 714 1182 πόλει
747 1117 804 1201 ζήν
837 1109 880 1183 διν
912 1116 1105 1205 βούλοιντο,

138 1220 318 1312 συμφορὰν
336 1217 517 1309 ἡγούμενοι
534 1223 592 1308 τῆς
605 1219 732 1300 πόλεως
751 1219 847 1305 εἶναι,
863 1218 937 1289 ὅσοι
952 1222 989 1290 δέ
1007 1214 1105 1294 εὖνοι

136 1345 206 1410 τοῖς
219 1325 391 1417 ὑμετέροις
403 1327 583 1415 πράγμασι,
597 1328 654 1395 καὶ
668 1327 915 1415 μεταπεσούσης
930 1331 988 1416 τής
1001 1329 1105 1419 τύχης

137 1439 325 1518 ἐλπίζουσιν
349 1435 402 1502 ἐπὶ
425 1431 462 1502 τὸ
486 1434 618 1519 βέλτιον
640 1429 683 1500 δν
706 1430 747 1501 τὰ
769 1436 827 1520 τής
849 1433 974 1516 πόλεως
997 1437 1104 1525 πράγ-

122 1544 222 1630 ματα
241 1545 368 1626 ἐλθεῖν,
391 1540 453 1627 τήν
471 1536 568 1620 ἀξίαν
587 1538 690 1607 δόντα
710 1544 809 1627 δίκην
826 1543 895 1609 τῶν
913 1546 1103 1631 πεπραγμέ-

136 1676 207 1717 νων
227 1645 434 1717 ἀπολωλέναι
452 1645 649 1733 βούλονται,
668 1646 724 1713 καὶ
742 1642 836 1714 ταῦτ’
858 1645 1014 1735 εὔχονται
1032 1666 1105 1732 τοῖς

135 1764 237 1835 θεοῖς.
274 1749 335 1834 οὓς
357 1748 454 1839 κίηιιδ
469 1755 715 1840 συμπαρακαλῶ
739 1755 844 1820 σῶσαι
866 1750 929 1840 τήν
947 1760 1103 1844 πατρίδα,

135 1860 406 1929 κινδυνεύουσαν
429 1855 519 1946 ὁρῶν
540 1853 624 1946 ὑπὲρ
648 1864 826 1946 σωτηρίας,
851 1854 935 1949 ὑπὲρ
958 1867 1103 1949 παίδων,

135 1962 219 2055 ὑπὲρ
234 1968 415 2052 γυναικῶν,
429 1962 513 2053 ὑπὲρ
528 1964 637 2051 δόξης,
655 1960 739 2053 ύπέρ
753 1967 821 2032 τῶν
835 1962 946 2034 ἄλλων
961 1964 1104 2053 ἀγαθῶν

81 2103 119 2153 ςς
136 2067 302 2139 ἁπάντων.
338 2077 373 2138 τί
393 2069 457 2159 χδιρ
481 2073 638 2158 ἐροῦμεν,
658 2062 683 2137 ὦ
704 2067 892 2158 Ἀθηναῖοι,
916 2073 1000 2162 πρὸς
1022 2075 1103 2157 τοὺς

134 2175 389 2267 περιεστηκότας
413 2175 603 2256 ἐξελθόντες
626 2179 662 2245 ἐκ
685 2179 746 2245 τοῦ
774 2182 1006 2267 δικαστηρίου,
1030 2181 1102 2268 ἐόν,

135 2279 153 2351 δ
173 2280 218 2369 μή
237 2283 366 2368 γένοιτο
373 2334 382 2367 ,
405 2285 685 2372 παρακρουσθῆτε
707 2279 773 2352 ὑπὸ
792 2285 852 2371 τής
873 2284 997 2355 τούτου
1021 2314 1101 2376 χοη-

133 2395 236 2471 τείας;
261 2395 349 2457 τίσιν
372 2384 563 2477 ὀφθαλμοῖς
585 2390 721 2470 ἕκαστος
744 2385 840 2477 ὑμῶν
861 2388 924 2478 τήν
942 2393 1102 2486 πατρῴαν

134 2496 247 2563 ἑστίαν
271 2500 385 2564 οίκαδε
408 2492 566 2564 ιἰπελθιδν
595 2499 681 2564 ίδεῖν
703 2495 872 2584 τολμήσει,
896 2493 1100 2569 ἀπολελυκό-

133 2688 268 2747 Πολιύδα
287 2711 349 2746 eum
366 2695 452 2747 Wolf.
470 2695 561 2745 Turn:
578 2694 725 2747 πολίτιδα.
744 2721 778 2733 -
800 2690 854 2762 τήν
871 2690 956 2749 πόλιν
975 2695 1025 2749 καί
1044 2695 1100 2766 τὴν

133 2756 229 2828 χώραν
246 2764 271 2814 N
288 2764 351 2816 Μαι
370 2755 424 2880 τήν
442 2755 537 2827 χώραν
555 2760 605 2812 καί
623 2755 676 2829 τήν
694 2756 788 2815 πόλιν.
800 2789 834 2799 -
852 2753 898 2816 ότι
914 2765 969 2820 del.
988 2766 1015 2820 S.
1034 2767 1095 2831 Μτ,

55 2838 61 2849 “
133 2833 181 2895 qui
197 2830 288 2895 iungit
309 2846 389 2894 παρα
410 2845 532 2893 ,τιμωρ
552 2830 614 2882 coll.
633 2832 661 2893 1,
686 2833 731 2893 983
754 2833 784 2896 2,
803 2833 844 2882 14.
864 2835 912 2896 2ος
936 2837 966 2893 3,
986 2836 1031 2894 14;
1061 2852 1101 2886 τι·

132 2891 308 2962 μωρήσασθε
331 2897 395 2948 mal.
413 2896 440 2946 S.
478 2889 658 2964 Τιμωρήσετε
681 2915 720 2950 ro.
740 2901 780 2979 Ν,
804 2889 857 2953 ούκ
879 2892 1100 2969 ἐτιμωρήσασθε

132 2963 193 3013 Ald.
215 2965 306 3015 Porta
324 2956 370 3015 ὅτι
393 2961 460 3028 (νῦν
483 2961 544 3027 δεῖ)
568 2991 602 3002 -
618 2991 652 3002 -
670 2969 898 3035 τιμωρήσασθαι.
925 2993 958 3004 -
985 2986 1013 3019 τι
1040 2969 1100 3021 τῶν

131 3023 208 3082 κατὰ
224 3030 282 3093 NA,
301 3048 329 3082 τι
347 3025 421 3082 κατὰ
440 3047 465 3086 v.
484 3031 560 3082 Fort.
578 3049 605 3084 τι
624 3032 680 3085 τῶν
703 3031 904 3100 κομισθέντων
928 3027 1099 3103 χρημάτωνς

132 3098 167 3148 cf.
186 3099 201 3160 ἕ
220 3101 260 3150 70.
277 3123 311 3134 -
333 3113 497 3166 περικεχαρ.
515 3103 580 3160 ταῖς
597 3092 689 3154 αύτοῦ
707 3101 907 3169 συμβουλίαις]
925 3104 1023 3155 irridet
1041 3106 1100 3157 De·

132 3166 287 3216 mosthenis
305 3166 500 3232 gloriationem
519 3169 560 3226 18,
578 3171 636 3220 299.
655 3195 688 3206 —
705 3162 911 3235 προδεδωκότα
930 3171 1018 3224 Schm.
1037 3173 1095 3224 Fra

131 3231 359 3299 παραδεδωκότα
378 3232 419 3300 (in
436 3251 490 3301 mg.
508 3234 566 3301 Ad).
646 3290 656 3302 x

199 3319 239 3371 65.
264 3316 297 3384 τῇ
309 3314 393 3370 πόλει
405 3319 462 3370 Kl.=
480 3318 532 3386 τῆς
544 3311 662 3379 πόλεως.
674 3347 707 3357 -
726 3318 789 3387 ζῆν]
804 3321 900 3388 ζητεῖν
918 3339 958 3389 pr.
969 3325 992 3374 A
1005 3323 1097 3376 σοιτί.

130 3376 273 3436 -δόντα
291 3384 376 3453 δίκην
395 3386 420 3438 Ν
438 3387 503 3438 Μαι
527 3385 614 3453 δίκην
632 3385 731 3439 δόντα.

198 3454 238 3506 66.
264 3445 435 3507 ἐπαυελθιδν
453 3453 496 3504 Kl.
514 3479 547 3490 -
565 3448 700 3521 τολμήσει
719 3460 792 3507 auct.
811 3457 862 3513 Bk.
882 3459 973 3509 Turn:
993 3454 1099 3525 τολμή-

117 3531 180 3572 σειε
195 3521 226 3575 Ν
241 3522 282 3588 (b.
302 3540 325 3580 ε.
340 3513 517 3592 τολμήσετελ
537 3521 573 3574 οἱ.
592 3523 665 3589 λθλ),
679 3518 846 3589 τολμήσειεν
864 3541 891 3576 v.
909 3552 942 3561 -
