2340 3916
147 176 188 240 48
525 173 738 226 Δεωιιειιου

147 335 339 406 κινδυνεύει
362 329 382 421 ἢ
403 329 420 402 ὁ
442 335 534 421 δώρα
557 332 737 420 λαμβάνων
760 329 840 402 καθ’
862 329 959 421 ὑμών
977 335 1032 401 καὶ
1053 332 1115 422 τῆν

148 438 232 531 ὑπὲρ
269 444 338 510 τών
370 445 510 509 δικαίων
546 445 736 530 παρρησίαν
769 435 977 528 ἀποδόμενος
1008 449 1115 510 είκοσι

121 551 251 636 ῖμνών.
288 547 395 639 τούτῳ
414 549 475 634 μέν
494 574 531 632 γε
549 545 667 615 καινὸν
686 542 788 614 οὐδὲν
807 542 888 614 οὑδὲ
907 546 1035 631 δεινόν,
1056 546 1116 616 ἐάν

149 651 229 748 άλῷ,
249 652 465 742 συμβῆσεται·
485 653 540 721 καὶ
560 650 624 740 γάρ
642 651 796 721 θανάτου
815 649 889 733 ἀξια
908 650 1014 721 πολλὰ
1031 655 1116 743 πρό-

148 788 247 852 τερον
274 763 369 848 ἕτερα
398 761 652 849 διαπέπρακται,
679 760 736 827 καὶ
765 761 802 827 ἐν
823 761 869 851 τῷ
898 763 1116 852 δεσμωτηρίῳ

148 873 250 936 πλείω
268 866 394 957 χρόνον
413 861 433 954 ῆ
452 867 512 946 ἔξω
533 866 730 954 διατέτριφε,
748 865 805 934 καὶ
824 860 972 952 ὀφείλων
989 869 1035 958 τῷ
1056 872 1116 955 δη-

149 981 255 1065 μοσίῳ
278 970 362 1042 κατά
380 975 448 1040 τών
467 973 626 1058 ἐπιτίμων
649 973 818 1060 γέγραφεν
837 968 899 1041 οὑκ
918 970 993 1053 ἐξὸν
1012 969 1116 1067 αὑτῷ,

148 1082 204 1149 καὶ
228 1082 322 1168 ἕτερα
345 1075 452 1146 πολλά
474 1079 530 1146 καὶ
554 1076 648 1147 δεινά
666 1085 839 1165 πεποίηκε,
858 1080 933 1168 περὶ
953 1070 1001 1146 ών
1020 1075 1117 1167 ὑμεῖς

148 1184 385 1275 ἀκριβέστερον
401 1185 482 1271 ἐμοῦ
498 1184 711 1270 γιγνώσκετε·
729 1187 769 1272 τῆ
789 1184 826 1254 δὲ
840 1187 947 1273 βουλῆ
966 1184 1003 1254 τὸ
1019 1186 1118 1267 δόξαι

147 1290 188 1360 τά
207 1294 315 1378 ψευδῆ
339 1288 422 1359 κατά
438 1287 717 1380 Ἀριστογείτονος
740 1287 945 1378 ἀποφαίνειν
963 1295 1018 1361 καὶ
1036 1297 1116 1361 τοὺ-

147 1425 208 1466 τον
227 1398 354 1485 ἐκείνης
376 1393 619 1485 ὑποληφθῆναι
640 1393 720 1486 παρ’
747 1392 828 1484 ὑμῖν
851 1398 1039 1487 δικαιότερα
1063 1403 1116 1468 λε’-

121 1524 221 1590 3γειν
239 1506 308 1571 τών
331 1509 511 1591 αἰσχίστων
534 1506 590 1572 καὶ
614 1503 814 1573 δεινοτάτων
837 1507 914 1573 ἐστί.
952 1506 1069 1594 διόπερ
1089 1498 1117 1575 a}

146 1607 320 1698 Ἀθηναῖοι
339 1600 438 1690 οὑτός
456 1638 512 1698 μοι
532 1614 634 1696 δοκεῖ,
652 1608 713 1678 τὸν
732 1607 847 1696 ἀγώνα
867 1607 1000 1699 ἀσφαλῆ
1020 1621 1116 1700 νομί-

150 1724 214 1799 ζων
232 1712 322 1809 αὑτώ
342 1714 439 1803 εἶναι,
459 1716 756 1807 διαπειρασόμενος
770 1713 862 1804 ῆκειν
879 1721 937 1804 τῆς
955 1713 1118 1807 ὑμετέρας

149 1822 295 1911 γνώμης·
315 1820 446 1891 ἅπαντα
460 1821 524 1912 γάρ
539 1820 629 1915 αὐτῷ
648 1822 805 1904 πολλάκις
822 1821 863 1891 τά
877 1822 972 1891 δεινά
991 1828 1116 1912 συμβέ-

149 1936 245 2018 βηκε,
267 1927 355 2017 πλῆν
372 1932 435 1997 τοὺ
452 1925 647 1998 ἀποθανεῖν.
683 1932 782 1997 τοῦτο
802 1925 852 2016 δ’,
871 1925 914 1998 ἀν
931 1928 1013 2010 θεὸς
1030 1933 1117 2019 θέλη

149 2036 204 2104 καλ
223 2030 317 2121 ὑμεῖς
341 2037 553 2124 σωφρονῆτε,
577 2037 614 2104 ἐν
631 2037 671 2123 τῆ
690 2032 833 2124 τῆμερον
856 2031 963 2127 ῆμέρηι
987 2039 1116 2125 συμβῆ-

149 2161 248 2209 σεται.
281 2137 322 2208 οὑ
342 2135 406 2229 γάρ
425 2139 467 2227 δῆ
486 2139 532 2227 μά
545 2138 605 2210 τὸν
620 2136 782 2230 Ἡρακλέα
800 2148 918 2230 βελτίω
936 2141 1113 2230 γενῆσεσθ’

149 2244 254 2315 αὑτὸν
271 2249 479 2334 προσδοκᾶτε
498 2247 697 2336 συγγνώμης
714 2249 793 2316 νυνὶ
810 2248 1019 2336 τυγχάνοντα
1037 2248 1112 2339 παρ’

147 2349 255 2440 ὑμῶν,
275 2349 355 2422 οὑδὲ
368 2351 405 2420 τὸ
421 2351 539 2422 λοιπὸν
558 2350 741 2442 ἀφέξεσθαι
760 2357 821 2423 τοὺ
835 2355 1017 2443 λαμβάνειν
1035 2357 1115 2444 χρῆ-

149 2487 235 2547 ματα
258 2456 336 2529 καθ’
362 2455 473 2547 ὑμών,
497 2458 556 2529 ἐὰν
579 2464 646 2530 νῦν
669 2457 774 2548 ἀφῆτε
797 2458 910 2530 αὑτόν.
946 2470 1116 2551 πονηρίαν

149 2564 213 2656 γάρ
241 2562 430 2656 ἀρχομένην
457 2567 518 2655 μέν
545 2570 693 2637 κωλῦσαι
719 2564 790 2655 τάχ’
817 2565 860 2635 άν
886 2594 935 2648 τις
966 2568 1116 2650 κολάζων

149 2677 327 2760 δυνηθείη,
346 2674 692 2763 ἐγκαταγεγηρακυῖαν
706 2673 743 2743 δέ
757 2675 813 2743 καὶ
827 2676 1032 2762 γεγευμένην
1046 2679 1116 2744 τών

121 2779 353 2866 4είθισμένων
379 2783 548 2870 τιμωριών
571 2777 742 2850 ἀδύνατον
769 2778 855 2850 εἶναι
882 2782 1047 2867 λέγουσιν.
1086 2789 1118 2851 εί

150 2976 317 3052 λαμβάνων]
339 2981 451 3052 λαβώνλ
470 2985 519 3036 sed
538 2985 573 3039 cf.
594 2988 634 3037 15.
653 2989 695 3040 20.
713 2989 754 3041 24.
774 2989 816 3038 26.

217 3071 240 3118 2.
275 3061 359 3136 ὑμεῖς
377 3062 580 3136 ἀκριβέστερον
599 3071 624 3122 Ν
636 3071 696 3121 Mr..
714 3063 1063 3137 ακριβεστερονυοεις
1079 3066 1116 3123 τά

148 3134 247 3218 ηευδῆ
270 3137 379 3189 dedisse
403 3137 512 3188 videtur
535 3152 574 3201 pr.
591 3139 628 3189 A:
655 3135 706 3190 καλ
733 3137 831 3225 ηευδη
855 3140 891 3219 N,
913 3137 1013 3204 ψευδῆ
1035 3155 1061 3191 v.
1081 3165 1116 3177 -—

149 3204 364 3272 υποληφθῆναι
381 3196 452 3270 παρ’
470 3195 541 3269 ὑμιν
558 3204 583 3255 N
600 3206 664 3256 Mra
683 3199 753 3268 παρ’
772 3199 843 3273 ὑμῖν
860 3199 945 3260 ὑπο

217 3292 241 3344 3.
276 3280 394 3355 ἀσφαλῆ
413 3303 475 3354 νομ.
494 3281 572 3367 αὑτῷ
591 3283 669 3342 εἶναι
686 3291 708 3341 Ν
725 3292 788 3342 Mn:
809 3285 886 3354 αὑτῷ
904 3249 1011 3355 (αὑτῶν
1021 3291 1116 3376 ΒΖΜ)

149 3347 219 3421 άοφ.
239 3351 317 3408 εἶναι
334 3372 448 3422 vop.-
478 3342 634 3434 γενῆδεσθ’
652 3358 709 3408 Nm:
728 3343 964 3425 γενῆσεσθαι.-
992 3350 1058 3424 τάχ’
1077 3377 1117 3411 αν

148 3423 296 3556 λῗιειῗζῖ.
303 3424 465 3557 Nm:
484 3417 735 3560 NNNNY
766 3421 943 3493 yevsvuaevnv
965 3427 986 3476 Β
1009 3427 1062 3477 ¹³¹¹
1087 3433 1117 3478 θ*

65 3562 174 3664 ἱ
