2340 3916
86 184 89 189 ’
137 184 249 246 XXVI
466 193 550 242 νιτλ
572 193 773 244 Ηνεααιοια.

137 350 274 430 δοκήςας
303 349 460 433 ἐκρίνετο,
488 348 718 429 προχειριςθείς
746 348 779 415 ἐξ
807 348 963 416 ἁπάντων
992 349 1107 431 (μόνος

137 436 199 514 γὰρ
227 436 350 517 ἔμεινεν
379 432 641 516 ἀδωροδόκητος)
675 435 889 514 κατηγόρηςεν
918 435 1029 499 αὐτοῦ.
1064 473 1107 481 -

104 520 253 600 νκριθείς
281 522 316 585 δὲ
345 518 411 584 ὑπό
436 523 495 585 τοῦ
528 519 798 599 Ἀριςτογείτονος
825 520 1024 599 παρανόμων
1053 519 1107 584 ἐπὶ

136 611 182 690 τῷ
203 605 327 684 γράψαι
348 605 426 683 μετά
449 605 648 683 Χαιρώνειαν
677 604 754 669 τοὺς
782 604 948 684 μετοίκους
969 604 1108 670 πολίτας

136 691 334 773 ποιήςαςθαι,
356 690 433 755 τοὺς
455 691 491 754 δὲ
513 690 654 754 δούλους
676 689 881 771 ἐλευθέρους,
903 689 975 769 ίερὰ
998 689 1108 753 δὲκαὶ

137 779 254 841 παῖδας
276 776 328 840 καὶ
349 777 501 851 γυναῖκας
523 773 567 839 εἰς
589 775 647 839 τὸν
663 774 799 854 Πειραιᾶ
821 773 1003 858 ἀποθέςθαι,
1027 773 1106 838 ἀπέ-

86 875 119 932 ιρ
136 880 249 940 φυγεν.
292 860 492 941 αἰτιωμένων
526 860 562 923 δέ
589 878 688 924 τινων
722 858 822 924 αὐτὸν
855 859 900 923 ὡς
929 859 1108 938 παριδόντα

136 945 282 1009 πολλοὺς
296 944 417 1024 νόμους
435 944 470 1010 ἐν
487 948 534 1026 τῷ
550 943 742 1025 ψηφίςματι,
758 944 944 1026 Ἐπεςκότει,
962 944 1036 1027 ἔφη,
1052 965 1108 1024 μοι

136 1030 176 1095 τὰ
189 1031 388 1095 Μακεδόνων
404 1028 501 1110 ὅπλα,
519 1030 571 1094 καὶ
587 1028 655 1093 Οὐκ
673 1029 737 1105 ἐγὼ
751 1029 789 1093 τό
802 1029 949 1108 ψήφιςμα
964 1029 1107 1111 ἔγραψα,

134 1114 154 1192 ή
179 1114 207 1179 δ’
229 1115 264 1180 ἐν
288 1114 467 1198 Χαιρωνείᾳ
490 1115 581 1194 μάχη.
623 1113 702 1191 μετὰ
721 1113 831 1193 μέντοι
856 1116 954 1178 τοῦτο
978 1119 1106 1193 νεκρῶν

136 1197 257 1264 ἔδωκεν
285 1199 448 1278 ἀναίρεςιν
475 1198 494 1262 ό
518 1198 678 1264 Φίλιππος
695 1198 859 1281 φοβηθείς,
880 1198 1042 1276 πρότερον
1066 1197 1107 1262 οὐ

85 1297 116 1347 11
136 1284 214 1348 δοὺς
235 1287 305 1348 τοῖς
327 1284 474 1348 έλθοθςιν
497 1283 532 1348 ἐκ
553 1282 725 1364 Λεβαδείας
747 1284 885 1363 κήρυξιν.
908 1320 950 1329 -
972 1283 1107 1364 άςτερον

135 1369 172 1433 δέ
193 1370 272 1448 μετὰ
299 1366 440 1447 τάπερὶ
463 1367 639 1446 Κραννῶνα
667 1369 825 1448 ςυμβάντα
853 1368 1023 1447 ἐξαιτηθεὶς
1051 1367 1109 1432 ὑπ’

136 1452 346 1531 Ἀντιπάτρου
374 1453 425 1517 καὶ
452 1452 581 1532 μέλλων
610 1452 787 1518 έκδίδοςθαι
815 1453 879 1518 ὑπὸ
908 1455 967 1517 τοῦ
991 1453 1108 1536 δήμου,

134 1536 256 1617 έφυγεν
280 1537 314 1603 ἐκ
335 1542 392 1617 τῆς
413 1539 542 1603 πόλεως
566 1536 610 1602 εἰς
631 1537 763 1614 Αἴγιναν
789 1537 854 1619 ἅμα
875 1540 944 1602 τοῖς
966 1558 1109 1616 κατεψη-

135 1624 313 1702 φιςμένοις·
346 1624 399 1687 καὶ
432 1625 600 1703 ςυμβαλιίιν
628 1623 828 1701 Δημοςθένει
861 1623 913 1687 καὶ
944 1624 1019 1701 περὶ
1050 1625 1110 1700 τῆς

135 1711 295 1786 διαφορᾶς
322 1705 625 1789 άπολογηςάμενος,
655 1705 853 1784 ἀπαλλαγεὶς
880 1706 1001 1772 ἐκεῖθεν
1008 1756 1017 1791 ,
1052 1705 1109 1771 ὑπ’

134 1791 261 1872 Ἀρχίου
284 1796 342 1856 τοῦ
365 1791 600 1871 Φυγαδοθήρου
623 1790 859 1877 ἐπικληθέντος,
882 1792 1024 1871 Θουρίου
1047 1793 1107 1871 μὲν

135 2012 191 2066 vit.
209 2013 234 2063 X
254 2029 291 2063 or.
311 2013 389 2066 Dem.
407 2014 458 2064 846
477 2011 511 2062 0:
536 2009 670 2075 είςαχθείς
691 2011 723 2063 δέ
741 2011 838 2078 (Δημ.)
862 2009 902 2064 εἰς
925 2010 1107 2076 δικαςτήριον

135 2079 193 2132 ὑπὸ
221 2077 386 2145 Ὑπερείδου
412 2078 527 2132 Πυθέου
553 2078 748 2144 Μενεςαίχμου
777 2077 910 2144 Ἱμεραίου
932 2078 1108 2144 Προκλέους.

136 2147 214 2199 Suid.
234 2164 254 2202 s.
273 2164 299 2200 v.
319 2147 372 2199 Ὑ.;
392 2145 424 2198 ὃς
442 2147 488 2199 καί
505 2144 589 2213 φίλοτ
609 2146 651 2199 ὢν
668 2146 869 2213 Δημοςθένουτ
892 2145 1038 2212 ἐγράψατο
1056 2145 1108 2200 αὐ-

134 2213 188 2267 τόν
206 2212 253 2266 ἐπὶ
270 2217 330 2266 τοῖς
355 2213 531 2279 Ἁρπαλείοις
553 2213 697 2280 χρήμαειν.
727 2242 760 2252 -
788 2216 905 2266 Munera
924 2217 959 2266 ab
978 2215 1108 2281 Harpalo

133 2282 304 2348 Hyperidem
323 2297 430 2348 quoque
450 2284 594 2349 accepisse
613 2284 751 2335 Timocles
774 2283 896 2333 comicus
915 2299 959 2349 ap.
978 2284 1043 2334 Ath.
1061 2283 1108 2334 III

135 2350 221 2402 342A
240 2351 415 2413 criminatum
434 2367 460 2402 v.
479 2351 564 2404 infra.
582 2377 615 2387 -—
632 2352 686 2412 59.
705 2352 772 2416 Lyc.
786 2367 809 2401 ο.
823 2351 921 2401 Leoer.
939 2352 972 2402 36
986 2367 1039 2416 sq.:
1059 2348 1108 2403 καί

135 2432 181 2481 μοι
204 2417 271 2482 λαβὲ
293 2416 329 2469 τὸ
351 2417 493 2484 ψήφιςμα,
516 2420 695 2484 γραμματεῦ,
717 2417 752 2470 τὸ
772 2415 949 2483 Ὑπερείδου,
975 2419 1021 2469 καί
1039 2417 1108 2471 ἀνα-

134 2484 280 2549 γίγνωςκε.
309 2513 342 2522 -
371 2485 492 2538 ἀκούετε
515 2489 567 2538 τοῦ
590 2484 784 2551 ψηφίςματος,
807 2484 831 2536 ὼ
854 2483 968 2551 ἄνδρες,
987 2485 1031 2537 ότι
1049 2486 1107 2551 τὴν

135 2553 241 2618 βουλήν
263 2553 332 2605 τοὺς
354 2545 385 2616 φ’
407 2554 587 2618 καταβαίνειν
609 2551 649 2606 εἰς
671 2553 791 2618 Πειραιᾶ
813 2557 1020 2618 χρηματιοθςαν
1039 2553 1107 2618 περὶ

134 2623 265 2686 φυλακῆς
286 2623 338 2673 τοθ
357 2620 513 2687 Πειραιέωτ
536 2620 645 2674 ἐντοῖς
664 2620 762 2673 όπλοιε
781 2619 859 2674 ἔδοξε
877 2620 934 2675 κτέ.
962 2649 995 2657 -
1022 2623 1037 2683 θ
1055 2625 1106 2672 41:

133 2687 209 2754 ἡνίχ’
226 2688 297 2753 ὁρᾶν
313 2687 351 2752 ἦν
362 2688 416 2741 τὸν
428 2689 519 2755 δῆμον
530 2687 727 2755 ψηφιςάμενον
739 2687 807 2740 τοδε
825 2688 877 2752 μέν
894 2688 1014 2741 δούλους
1027 2687 1107 2741 έλευ-

135 2755 243 2821 θέρους,
262 2755 331 2808 τοὺς
349 2756 380 2808 δέ
398 2756 494 2811 ξένους
512 2755 686 2822 Ἀθηναίους,
704 2755 772 2808 τοὺς
784 2755 810 2807 δ’
821 2755 938 2820 ἀτίμους
951 2752 1107 2820 ἐπιτίμους.

136 2828 258 2875 ceterum
281 2824 317 2877 ef.
342 2826 396 2890 frg.
420 2842 458 2877 or.
478 2840 501 2880 ο.
520 2827 654 2890 Ατίοίοςη
680 2821 786 2891 [Dem.]
811 2841 835 2876 α.
858 2826 979 2890 Aristog.
997 2826 1040 2884 II,
1060 2827 1107 2888 113

135 2892 246 2957 Sauppe
265 2891 297 2944 Ο.
316 2891 349 2945 A.
367 2893 405 2956 11,
424 2895 487 2954 2803
508 2893 645 2945 θαλαττίαν
661 2894 741 2945 Dem.
758 2892 809 2954 ΠΙ,
829 2894 854 2943 8.
875 2925 908 2934 -
930 2894 946 2953 ξ
966 2894 1007 2946 11.
1026 2892 1106 2947 Suid.

135 2957 321 3023 Ἀντίπατρος
340 2964 369 3011 3:
388 2959 433 3012 ότι
452 2963 513 3011 τῶν
531 2957 692 3025 Ἀθηναίων
713 2957 764 3011 τὰς
784 2957 904 3024 Ἀθήνα(
923 2957 1106 3028 Ἀντιπάτρῳ

134 3053 167 3063 -
190 3026 380 3091 παραδόντων
403 3026 434 3079 έν
456 3025 513 3078 δέει
536 3027 619 3080 όντες
641 3025 669 3080 οἱ
690 3027 854 3092 δημαγωγοί
878 3025 930 3095 (οἱ)
953 3025 1025 3091 πρὸ(
1048 3028 1107 3093 τὴν

135 3093 322 3147 έπανόιτταςιν
339 3094 408 3146 τοὺς
427 3093 592 3160 Ἀθηναίου(
616 3093 786 3159 ἐπάραντες,
810 3096 851 3214 μἎ
869 3096 925 3161 τήν
947 3092 1041 3146 αἰτίαν
1059 3093 1108 3147 ἐπ’

134 3161 240 3215 αὐτοὺς
262 3161 427 3227 ἐνέγκωςιν,
450 3161 567 3227 ἔφυγον.
599 3161 626 3216 οἱ
649 3162 680 3215 δέ
705 3161 760 3214 Ἀθ.
778 3164 831 3214 θαν
851 3177 894 3229 τῳ
912 3161 1020 3228 ἐρήμην
1037 3162 1108 3214 τού-

134 3245 201 3283 τους
224 3227 422 3294 κατεδίκαςαν,
447 3228 490 3282 ὡν
512 3229 549 3296 ήν
566 3231 641 3296 Δημ.
672 3259 705 3268 -
734 3230 781 3282 καί
804 3229 867 3284 Ὑπ.
892 3230 938 3283 καί
961 3230 1107 3296 Ἱμεραῖος,

134 3299 269 3418 ἔίί.ἔθῖ
290 3296 426 3431 όλνὰἔὲλ
447 3296 824 3418 εἰθίλθθήίεὲἑίίνω(
847 3297 1033 3432 ίίλίίδλὲό
1051 3298 1108 3418 ίίίί

134 3433 208 3499 Δημ.
233 3431 390 3498 φθάςαντετ
412 3433 573 3499 ὑπεξῆλθον
596 3433 627 3486 έκ
649 3437 702 3500 τηε
724 3433 847 3498 πόλεωτ,
868 3433 932 3486 ὁδε
948 3434 1037 3500 δήμοτ
1056 3433 1107 3485 αιί-

128 3504 192 3554 των
214 3499 341 3557 θάνατον
364 3501 510 3572 κατέγνω,
532 3500 667 3571 Δημάδου
690 3500 863 3568 γράψαντος.
898 3502 970 3553 adde
993 3503 1106 3554 Arrian.
