2340 3916
148 219 209 282 162
501 221 758 280 ΑΙΣΧΙΝΟῬ

148 379 244 468 ὑμῖν,
267 388 312 471 τῷ
325 378 358 447 δ’
371 386 456 468 ἔργφ
473 377 561 447 πολὺ
581 386 709 465 μάλλον
725 386 904 464 μισοῦντος
922 389 1098 468 Θηβαίους,

149 478 193 559 ὦς
211 476 295 546 αὐτά
312 476 352 544 τά
369 478 544 563 πράγματα
562 476 744 562 δεδήλωκε,
768 470 822 545 καὶ
833 487 866 546 τί
882 483 933 546 δεῖ
947 479 986 546 τά
997 486 1099 547 πλείω

149 581 272 663 λέγειν;
294 583 397 643 ταῦτα
413 575 475 662 μὲν
489 573 530 642 τά
547 583 725 661 τηλικαῦτα
742 574 779 644 τὸ
799 580 941 663 μέγεθος
952 575 1099 662 ἀπεκρά-

81 702 132 757 534
148 692 249 762 φατο,
262 672 571 759 προσποιησάμενος
582 674 617 741 δέ
628 677 759 759 μέλλειν
771 674 833 759 τὴν
844 684 1032 761 συμμαχίαν
1042 703 1100 762 γε-

150 776 314 861 νήσεσθαι
334 767 450 840 οάδιά
469 771 546 850 τοὺς
563 772 715 858 καιροὺς,
742 769 824 839 ἀλλά
844 773 898 839 διὰ
916 771 973 852 τὰς
994 772 1098 842 αὑτοῦ

149 880 323 961 πρεσβείας
344 879 478 955 πρῶτον
499 869 560 955 μὲν
582 874 754 937 συνέπεισε
775 869 835 938 τὸν
859 875 965 958 δῆμον
985 876 1099 959 μηκέτι
1119 886 1162 941 14ῖ

149 973 391 1060 βουλεύεσθαι,
414 970 465 1035 ἐπὶ
482 977 547 1034 τίσι
569 972 622 1035 δεῖ
633 978 800 1036 ποιεῖσθαι
816 969 878 1055 τὴν
900 977 1098 1056 συμμαχίαν,

151 1070 217 1141 ἀλλ’
232 1069 498 1156 ἀγαπάνμόνον,
522 1073 552 1134 εί
567 1074 729 1152 γίγνεται,
752 1075 851 1134 τοῦτο
872 1066 908 1135 δὲ
919 1069 1099 1154 προλαβὼν

149 1178 286 1240 ἔκδοτον
303 1172 364 1255 μὲν
380 1165 442 1253 τὴν
457 1171 621 1235 Βοιωτίαν
643 1174 753 1232 πάσαν
776 1169 907 1251 ἐποίησε
930 1173 1098 1252 Θηβαίοις,

149 1271 279 1360 γράψας
289 1273 325 1337 έν
336 1276 381 1358 τῷ
393 1272 592 1353 ψηφίσματι,
604 1265 665 1333 ε’άν
676 1293 724 1345 τις
735 1265 913 1353 ἀφιστῆται
925 1267 1019 1345 πόλις
1032 1265 1096 1334 άπδ

151 1379 316 1458 Θηβαίων,
325 1373 465 1454 βοηθεῖν
474 1363 832 1450 ἈθηναίουςΒοιωτοῖς
840 1378 907 1442 τοῖς
918 1367 954 1431 έν
962 1365 1097 1452 Θήβαις,

148 1483 216 1548 τοῖς
238 1465 378 1553 ὀνόμασι
400 1467 551 1532 κλέπτων
567 1466 622 1531 καί
639 1466 834 1550 μεταφέρων
853 1461 892 1530 τά
910 1463 1097 1550 πράγματα,

151 1568 260 1653 ὥσπερ
272 1575 404 1650 είωθεν,
417 1560 460 1642 άς
470 1560 548 1641 τους
555 1560 722 1641 Βοιωτούς
733 1568 817 1651 ἔργῳ
831 1572 940 1640 κακῶς
952 1562 1100 1649 πάσχον-

149 1692 207 1744 τας
223 1666 285 1752 την
307 1672 376 1731 τῶν
393 1660 569 1747 ὀνομάτων
586 1660 751 1728 σύνθεσιν
768 1668 837 1727 τῶν
852 1664 1099 1747 Δημοσθένους

150 1760 399 1849 ἀγαπήσοντας,
412 1757 480 1828 ἀλλ’
494 1757 536 1826 οὔ
548 1766 675 1845 μάλλον
687 1757 734 1844 ἐφ’
747 1754 797 1837 οἷς
807 1768 918 1838 κακῶς
929 1760 1100 1828 πεπόνθε-

152 1859 532 1946 σανάγανακτάοοντας·
561 1859 719 1945 δεύτερον
736 1858 849 1941 δὲτολν
871 1858 1099 1939 εἰς’τόνπόλε-
1116 1877 1162 1934 14³

82 1972 132 2028 535
147 1987 212 2048 μον
224 1959 451 2045 ἀναλωμάτων
462 1955 501 2024 τά
513 1958 574 2043 μὲν
585 1958 646 2025 δύο
658 1960 740 2043 μέρη
751 1955 830 2043 ὑμῖν
843 1954 1025 2043 ἀνέθηκεν,
1049 1954 1098 2036 οἷς

148 2053 236 2147 ἦσαν
247 2054 405 2140 ἀπωτέρω
419 2060 453 2122 οί
462 2060 628 2141 κίνδυνοι,
646 2054 682 2122 τδ
696 2056 731 2123 δὲ
742 2063 853 2138 τρίτον
862 2062 960 2143 μέρος
972 2065 1099 2144 Θηβαί-

151 2182 215 2238 οις,
239 2158 439 2240 δωροδοκῶν
450 2151 500 2238 ἐφ’
512 2154 660 2232 ἑκάστοις
670 2154 814 2237 τούτων,
836 2152 1098 2241 καλτηνὴγεμο-

150 2260 225 2321 νίαν
236 2250 297 2339 τὴν
307 2251 368 2336 μὲν
375 2248 457 2317 κατά
468 2249 640 2318 θάλατταν
646 2254 777 2336 ἐποίησε
788 2250 917 2339 κοινὴν,
924 2251 961 2318 τὸ
974 2250 1097 2318 δ’άνά-

150 2358 242 2437 λωμα
254 2354 340 2419 ίδιον
353 2346 528 2435 ὑμέτερον.
551 2346 612 2435 τὴν
624 2348 658 2416 δέ
670 2348 753 2416 κατά
764 2357 844 2436 γῆν,
869 2357 900 2417 εί
914 2348 958 2436 μη
977 2355 1097 2435 δείλη-

150 2462 236 2533 ρεῖν,
248 2448 356 2533 ἀρδην
367 2450 480 2533 φέρων
492 2446 637 2532 ἀνέθηκε
648 2453 820 2534 Θηβαίοις,
840 2447 923 2516 άστε
936 2447 1024 2531 παρά
1036 2447 1097 2516 τὸν

149 2547 333 2633 γενόμενον
352 2545 498 2631 πόλεμον
518 2541 562 2630 μὴ
581 2544 700 2627 κύριον
715 2549 874 2629 γενέσθαι
885 2551 1096 2630 Στρατοκλέα

148 2642 207 2711 τὸν
218 2641 378 2730 ἡμέτερον
396 2641 581 2729 στρατηγὸν
597 2642 848 2730 βουλεύσασθαι
864 2650 938 2726 περὶ
955 2652 1012 2729 τῆς
1028 2652 1096 2709 των

148 2748 357 2825 στρατιωτῶν
368 2748 537 2826 σωτηρίας,
565 2743 619 2807 καί
630 2738 718 2807 ταῦτ’
730 2739 793 2807 οὐκ
805 2738 868 2826 ἐγώ
880 2742 942 2826 μέν
953 2767 1095 2826 κατηγο·
1112 2761 1162 2817 144

147 2846 213 2923 ρῶ,
237 2841 341 2925 ἕτεροι
363 2841 398 2908 δὲ
420 2845 697 2924 παραλείπουσιν,
720 2836 804 2906 ἀλλά
825 2835 916 2924 κάγοδ
938 2840 1023 2923 λέγω
1039 2842 1095 2907 καί

147 2938 268 3030 πάντες
287 2941 454 3022 ἐπιτιμῶσι
471 2937 526 3003 καὶ
542 2932 636 3021 ὑμεῖς
652 2939 787 3003 σύνιστε
804 2939 858 3003 καλ
883 2932 946 3002 οὐκ
969 2935 1096 3020 ὀργίζε-

147 3046 219 3104 σθε.
252 3039 357 3104 έκεῖνο
375 3033 439 3121 γάρ
450 3037 640 3103 πεπόνθατε
653 3033 736 3121 πρὸς
745 3039 988 3122 Δημοσθένην·
1011 3058 1095 3103 σνν-

146 3142 277 3203 είθισθε
294 3132 357 3221 ἤδη
369 3131 573 3220 τάδικήματα
590 3133 630 3201 τά
641 3135 762 3202 τούτου
780 3132 934 3221 ἀκούειν,
958 3132 1095 3202 ἀστεοίι

146 3232 339 3317 θαυμάζετε.
372 3232 468 3299 δεῖδὲ
478 3230 538 3318 οὐχ
549 3230 670 3318 οὕτως,
686 3231 753 3300 ἀλλ’
767 3231 966 3318 ἀγανακτεῖν
976 3236 1031 3302 καὶ
1047 3261 1094 3300 τι-

146 3341 346 3417 μωρεῖσθαι,
360 3336 390 3398 εί
398 3330 459 3418 χρὴ
471 3331 510 3398 τά
523 3330 619 3399 λοιπά
632 3340 673 3420 τῇ
684 3332 778 3399 πόλει
788 3339 896 3412 καλῶς
906 3337 1000 3417 ἔχειν.

230 3428 400 3515 Δεύτερον
407 3430 442 3497 δὲ
452 3432 505 3497 καὶ
514 3428 600 3498 πολὺ
611 3430 733 3497 τούτου
744 3435 852 3510 μεῖζον
861 3428 1004 3517 ἀδίκημα
1020 3428 1094 3516 ἡδί·
1113 3448 1162 3502 14⁵
