2340 3916
273 261 808 323 ΚΑἬΑΚΤΗΣΙΦΩΝΤΟΣ
949 261 1011 328 Πό

57 419 289 509 μεγαλόφρων,
301 419 453 489 κάκεῖνοί
459 445 497 504 γε
507 424 541 487 οί
549 417 594 505 μη
604 425 811 508 τετιμημένοι
819 432 876 510 τῆς
885 424 1012 505 πόλεως

57 519 157 599 ἄξιοι·
180 517 222 587 οὐ
240 519 304 605 γάρ
320 517 426 609 ῶοντο
439 522 510 586 δεῖν
528 521 565 586 ἐν
581 533 648 597 τοῖς
657 520 827 607 γράμμασι
839 530 1009 609 τιμᾶσθαι,
1026 534 1081 592 ⁶7²

57 615 130 687 ἀλλ’
150 622 187 686 ἐν
197 625 237 707 τῇ
250 619 363 706 μνήμη
379 626 447 686 τῶν
465 610 505 685 εὖ
520 619 759 705 πεπονθότων,
774 617 865 708 η’άπ’
879 625 1009 691 ἐκείνου

46 727 118 785 ’τοῦ
139 719 263 803 χρόνου
285 723 378 804 μέχρι
400 721 498 804 τῆσδε
515 725 572 803 της
588 715 713 806 ἡμέρας
733 718 903 802 άδάνατος
925 714 1009 790 οὖσα

57 822 211 904 διαμένει.
236 818 362 905 δωρεάς
379 817 415 886 δὲ
432 823 524 896 τίνας
536 818 742 905 ἑλάμβανον;
767 810 815 888 ῶν
832 819 928 901 άξιόν
943 823 1010 889 ε’στι

56 925 255 1004 μνησθῆναι.

10 1031 39 1086 33
135 1009 240 1083 Ἦσάν
250 1041 337 1095 τινες
352 1013 434 1082 κατά
446 1012 525 1094 τούς
537 1013 610 1083 τότε
621 1013 767 1101 καιροὺς,
781 1024 816 1085 οἳ
825 1016 935 1087 πολὺν
946 1018 1010 1087 πό-

56 1142 119 1182 νον
148 1114 388 1200 ὑπομείναντες
415 1117 470 1182 καὶ
499 1113 664 1201 μεγάλους
687 1114 868 1195 κινδύνους
890 1120 941 1185 ἐπὶ
963 1125 1010 1208 τῶ

56 1214 230 1298 Στρυμόνι
247 1220 383 1302 ποταμῷ
399 1216 520 1281 ἐνίκων
538 1212 718 1300 μαχόμενοι
738 1213 894 1301 Μήδους·
917 1207 1010 1282 οὗτοι

58 1318 158 1397 δεῦρο
170 1310 366 1398 άφικόμενοι
376 1309 437 1380 τόν
448 1316 556 1398 δῆμον
567 1312 695 1402 ᾔτησαν
706 1313 848 1402 δωρεάν,
860 1317 916 1383 καλ
928 1319 1010 1382 ἔδω-

57 1437 116 1478 κεν
141 1407 253 1489 αὐτοῖς
275 1407 293 1478 ό
316 1414 418 1497 δῆμος
440 1409 535 1497 τιμὰς
555 1412 716 1499 μεγάλας,
740 1409 783 1492 ῶς
803 1411 872 1481 τότ’
894 1411 1010 1498 ἐδόκει,

56 1525 143 1595 τρεῖς
159 1507 444 1597 λιθίνουςἘρμόις
461 1519 578 1598 στῆσαι
590 1517 627 1580 ἐν
637 1521 679 1600 τῇ
698 1521 779 1600 στοᾷ
793 1519 832 1601 τῇ
851 1519 918 1579 τῶν
935 1510 1012 1595 Ἐρ-

56 1619 146 1695 μῶν,
170 1608 226 1694 ἐφ’
248 1602 310 1700 ςότε
327 1611 371 1697 μη
389 1610 586 1696 ἐπιγράφειν
605 1612 645 1679 τά
659 1608 805 1697 ὀνόματα
816 1612 855 1677 τὰ
868 1612 1007 1695 ἑαυτῶν,
1028 1627 1082 1683 573

56 1713 111 1777 ἵνα
124 1710 167 1796 μη
182 1717 249 1777 τῶν
262 1718 471 1796 στρατηγῶν,
495 1707 578 1778 άλλόι
590 1719 651 1777 τοῦ
662 1709 771 1795 δήμου
783 1715 869 1796 δοκῇ
878 1707 961 1777 εἶναι
972 1707 1008 1776 τό

10 1819 41 1878 84
58 1813 253 1894 ἐπίγραμμα.
273 1807 324 1876 ὅτι
336 1806 368 1876 δ’
382 1807 492 1896 άληδη
506 1810 602 1896 λέγω,
617 1811 650 1888 ἐξ
664 1807 777 1877 αὐτῶν
788 1816 856 1877 τῶν
868 1808 1010 1895 ποιημά-

59 1933 126 1973 των
138 1916 278 1975 εἴσεσθε.
291 1909 524 1993 ἐπιγέγραπται
541 1905 605 1993 γοὶρ
618 1909 670 1975 ἐπὶ
680 1915 727 1998 τῷ
738 1908 800 1992 μὲν
813 1907 932 1995 πρῶτςο
944 1914 1012 1973 τῶν

56 2001 183 2091 Ἑρμῶν

101 2112 144 2207 ἦν
155 2120 220 2206 άρα
232 2119 380 2189 κάκεῖνοι
391 2121 621 2207 ταλακάρδιοι,
646 2126 681 2190 οἵ
689 2145 768 2190 ποτε
778 2121 911 2210 Μήδων

146 2224 259 2290 παισὶν
271 2221 324 2290 ἐπ’
343 2221 466 2309 Ἠιόνι,
490 2223 688 2311 Στρυμόνος
700 2221 785 2310 άμφὶ
796 2222 892 2311 ῥοάς,

104 2320 202 2405 λιμόν
212 2319 243 2387 τ’
256 2331 389 2389 αίθωνα
401 2321 565 2408 κρατερόν
575 2320 608 2389 τ’
620 2322 797 2407 ἐπάγοντες
805 2321 909 2407 ’Ἀρηα
1031 2332 1084 2389 574

146 2431 270 2505 πρῶτοι
282 2428 473 2509 δυσμενέων
486 2415 588 2506 εὗρον
599 2421 795 2507 άμηχανίην.

62 2537 112 2602 ἐπὶ
126 2540 160 2602 δὲ
173 2545 218 2625 τῷ
231 2540 372 2624 δευτέρῳ

105 2647 305 2733 ἡγεμόνεσσι
319 2651 355 2718 δὲ
366 2651 494 2736 μισθόν
500 2647 671 2735 Ἀθηναῖοι
682 2645 757 2715 τάδ’
771 2651 900 2714 ἔδωκαν

149 2745 221 2814 ἀντ’
235 2745 424 2833 εὐεργεσίης
433 2749 486 2815 καλ
497 2746 642 2832 μεγάλης
653 2743 779 2831 άρετης.

106 2850 235 2935 μᾶλλόν
245 2876 294 2928 τις
305 2846 378 2916 τάδ’
398 2847 481 2917 ι’δῶν
492 2850 546 2917 καλ
561 2852 792 2935 ἐπεσσομένων
803 2849 954 2934 ἐθελησει

147 2947 233 3036 άμφλ
245 2955 371 3029 ξυνοῖσι
381 2950 550 3036 πράγμασι
560 2950 692 3037 μόχθον
703 2954 797 3035 ἔχειν.

10 3082 45 3140 85
63 3063 115 3129 ἐπὶ
126 3066 161 3130 δὲ
172 3072 218 3153 τῶ
228 3071 326 3153 τρίτῳ
338 3067 571 3149 ἐπιγέγραπται
578 3061 679 3149 Ἑρμῇ
1034 3070 1087 3129 57ῐ

109 3197 144 3258 ε”κ
160 3217 238 3260 ποτε
249 3199 348 3280 τῆσδε
359 3193 482 3280 πόληος
494 3190 739 3280 ἅμ”Ατρείδησι
749 3187 949 3269 Μενεσθεός

149 3290 258 3378 ἡγεῖτο
271 3294 393 3374 ζάθεον
407 3292 558 3378 Τρωικόν
569 3288 615 3379 άμ
626 3296 757 3377 πεδίου,

109 3388 149 3459 όν
160 3390 240 3459 ποθ’
257 3391 402 3480 Ὅμηρος
419 3399 482 3478 ἔφη
500 3399 649 3460 Δαναῶν
665 3388 755 3457 πόκα
766 3387 1021 3474 χαλκοχιτώνων

151 3499 341 3578 κοσμητῆρα
353 3491 456 3578 μάχης
470 3497 582 3578 ἔξοχον
593 3488 703 3576 ἄνδρα
715 3497 844 3575 μολεῖν.
