2340 3916
155 176 218 238 120
578 169 709 220 12A10r
1022 169 1121 241 οπο.

153 346 275 412 τούτου
293 337 409 411 πιστὸν
426 338 491 428 ῆδη
509 339 566 422 τὰς
586 339 750 428 διαθήκας
761 338 835 409 τότε
853 349 1046 411 καταλιπεῖν
1063 343 1120 411 καὶ

157 440 387 512 ἐκπλεύσαντα
403 445 613 530 τελευτῆσαι;

106 563 141 616 16
233 544 343 632 Χωρίς
362 543 400 611 δέ
416 540 560 629 τούτων,
580 532 743 631 ύύνδρες
763 537 931 628 δικασταί,
956 547 1004 610 ἔτι
1020 549 1121 630 μείζω

156 642 318 734 τεκμήρια
334 645 513 733 παρέξομαι
531 638 575 722 ὡς
592 638 694 711 ούδδν
711 637 834 728 ἀληθὲς
845 643 1000 729 λέγουσιν
1017 633 1119 712 ούτοι.

158 747 313 827 ἐπιδείξω
329 740 393 834 γὰρ
410 739 492 831 ύμῖν
510 749 664 831 ἔχθιστον
686 737 842 813 ἁπάντων
866 738 946 812 ὅντα
967 738 1120 832 Ἀστύφι-

131 914 136 924 ,
156 853 217 914 λον
234 847 377 931 Κλέωνι,
396 845 452 912 καὶ
475 839 562 912 οὕτω
580 841 713 933 σφόδρα
730 845 787 911 καὶ
805 849 941 922 δικαίως
957 846 1121 931 μισούντα

50 996 54 1002 -
155 947 294 1033 τούτου,
323 940 520 1012 έίστεπολύ
550 938 592 1012 δν
615 946 740 1012 θᾶττον
769 945 970 1031 διαθέμενον
991 945 1121 1032 μηδένα

156 1045 237 1115 ποτὲ
253 1047 321 1114 τῶν
340 1046 464 1113 έαυτού
480 1050 613 1115 οἰκείων
638 1047 855 1133 διαλεχθῆναι
872 1046 1015 1132 Κλέωνι,
1039 1048 1120 1133 μᾶλ-

104 1154 140 1206 17
157 1155 217 1215 λον
246 1140 267 1232 ῆ
295 1142 355 1215 τόν
377 1142 498 1214 τούτου
522 1142 598 1214 υίόν
621 1143 852 1232 ποιησάμενον.
905 1140 1120 1234 Εύθυκρύτει

156 1244 239 1336 γάρ,
265 1237 293 1314 ω’
315 1242 452 1335 ἄνδρες,
475 1248 524 1336 τῷ
545 1247 645 1336 πατρὶ
668 1245 716 1337 τῷ
728 1241 928 1334 Ἀστυφίλου
947 1255 1049 1325 αίτιυς
1066 1275 1120 1334 γε·

92 1357 96 1364 ’
156 1348 277 1417 νέσθαι
299 1349 428 1433 λέγεται
451 1349 512 1415 τού
532 1344 683 1416 θανύτου
708 1342 899 1426 Θούδιππος
921 1340 939 1415 ὁ
965 1349 1122 1428 Κλέωνος

157 1448 293 1516 τουτουί
316 1444 442 1538 πατήρ,
466 1445 678 1535 αἰκισάμενος
696 1449 826 1516 ἐκεῖνον
845 1450 1007 1536 διαφορᾶς
1030 1475 1120 1528 τινος

158 1543 272 1627 αύτοῑς
289 1550 469 1636 γενομένης
487 1550 524 1618 ἐν
540 1551 583 1636 τῆ
598 1544 735 1635 νεμήσει
752 1550 814 1616 τού
829 1554 970 1637 χωρίον,
989 1549 1047 1617 καὶ
1063 1545 1121 1617 ού·

157 1675 222 1729 τως
246 1644 350 1718 αύτόν
375 1649 587 1736 διατεθῆναι,
613 1644 698 1716 ὥστε
721 1651 757 1716 ἐκ
778 1650 846 1716 τεόν
863 1651 1000 1736 πληγῶν
1017 1644 1121 1718 αύτδν

158 1745 395 1837 ύσθενήσαντα
411 1743 453 1818 ού
471 1757 607 1828 πολλαῖς
618 1743 753 1838 ἡμέραις
770 1744 912 1839 ὕστερον
923 1745 1118 1820 ύποθανείν.

105 1858 140 1910 18
158 1845 202 1929 ὥς
227 1851 265 1918 δὲ
281 1845 375 1918 ταῦτ’
402 1850 492 1918 ἐστίν
509 1845 637 1937 ύληθῆ,
663 1859 741 1930 ίσως
758 1848 821 1938 μὲν
838 1851 893 1918 καὶ
908 1845 1121 1939 Ἀραφηυίων

156 1953 213 2018 καὶ
231 1952 347 2020 πολλοὶ
369 1951 443 2019 τοῖν·
455 1947 530 2018 τότε
548 1947 850 2040 σνχγεωρχούυτων
872 1948 1122 2039 μαρτυρήσειαν

157 2047 200 2119 ύν
224 2078 295 2138 μοι,
328 2048 512 2139 διαρρήδην
537 2051 575 2119 δέ
602 2053 678 2140 περὶ
707 2047 902 2138 τηλικούτου
930 2049 1121 2142 πράγματος

157 2146 220 2219 ούκ
241 2143 284 2219 ἂν
302 2156 405 2238 ἔχοιμι
428 2145 517 2229 ὅπως
534 2144 616 2238 ύμῖν
632 2158 869 2240 παρασχοίμην.
905 2154 959 2220 καὶ
977 2149 1041 2243 γὰρ
1059 2148 1120 2221 αύ-

157 2247 216 2319 τδν
226 2247 433 2337 τυπτόμενον
445 2246 529 2319 ίδιδν
541 2245 712 2342 Ἱεροκλῆς,
731 2246 749 2320 δ
767 2248 804 2321 τύ
815 2269 1039 2341 γραμματεῖον
1056 2252 1120 2341 φύ-

157 2370 250 2420 σκων
271 2346 352 2439 παρ’
379 2352 489 2442 ἑαυτῷ
509 2341 756 2439 τεθῆναι,ὀῖδ’
780 2347 830 2422 ὅτι
852 2349 915 2421 ούκ
936 2347 979 2422 ύν
1004 2352 1121 2441 ἐθελή-

158 2471 227 2520 σειε
253 2451 462 2543 μαρτυρῆσαι
489 2454 623 2522 ἐναντία
650 2467 722 2531 ταῖς
747 2450 922 2540 διαθήκαις
945 2449 998 2533 αἷς
1021 2451 1120 2534 αύτδς

158 2548 347 2641 ἀποφαίνει.
383 2547 494 2640 ’Ὅμως
521 2555 633 2641 μέντοι
661 2555 717 2621 καὶ
745 2551 838 2623 κύλει
856 2548 1035 2644 Ἱεροκλέα,
1061 2559 1121 2624 ἵνα

158 2656 311 2724 ἐναντίον
328 2650 456 2722 τούτων
473 2650 668 2743 μαρτυρήση
685 2647 706 2740 ῆ
726 2652 924 2743 ἐξομόσηται.

418 2866 615 2918 ΜΑΡΤΤΡΙΑ.
650 2863 852 2926 ΕΞΩΜΟΣΙΑ.

105 3074 140 3126 19
206 3052 364 3147 Ἀκριβῶς
381 3057 443 3146 μέν
460 3055 570 3147 ᾔδειν·
595 3063 658 3128 τού
672 3057 736 3149 χύρ
755 3055 859 3130 αύτού
875 3056 997 3150 ἀνδρός
1016 3063 1118 3148 ἐστιν,

157 3151 257 3246 δμέν
274 3157 384 3247 οἶδεν,
409 3157 627 3247 ἐξόμνυσθαι,
650 3163 718 3230 τῶν
736 3161 774 3229 δέ
790 3156 836 3248 μή
852 3163 1042 3249 γενομένων
1064 3170 1118 3230 πί·

157 3278 231 3328 στιν
255 3261 385 3329 ἐθέλειν
410 3263 577 3330 ἐπιθεῖναι
599 3251 622 3346 ῆ
643 3258 710 3349 μῆν
728 3263 852 3331 είδέναι
869 3259 1048 3350 γενόμενα·
1072 3256 1119 3342 ὥς

159 3361 213 3447 δέ,
237 3352 292 3428 ὅτε
314 3356 527 3447 ιἰπέθνησκεν
544 3355 768 3451 Εύθυκρύτης
791 3355 808 3429 ὁ
833 3359 941 3453 πατήρ
962 3359 1117 3451 Ἀστυφί-

155 3468 230 3548 λου,
250 3462 413 3547 ἐπέσκηψε
430 3476 499 3541 τοῖς
510 3467 643 3542 οίκείοις
655 3465 783 3550 μηδένα
800 3463 877 3532 ποτέ
897 3467 988 3533 ἐᾶσαι
1002 3467 1118 3534 ἐλθεῖν
