2340 3916
350 214 482 269 ΚΑΤΑ
506 215 774 272 TIMAPXOY.
997 215 1039 278 49

129 372 173 457 μῆ
185 370 244 457 ἐμά
259 371 508 439 σῶνάπάνευθε
520 373 697 457 ταθῆμεναι
708 370 808 459 ὀστέ’,
819 370 976 462 Ἀχιλλεῦ,

128 468 196 537 ἀλλ’
208 473 263 536 ἵνα
276 472 336 556 πέρ
349 490 385 537 σε
398 472 452 538 καὶ
465 468 570 536 αὐτόν
580 467 675 556 ὁμοίη
688 486 765 556 γαία
782 473 940 560 κεκεόθη,

22 622 28 631 .
127 571 256 656 χρυσέῳ
268 570 306 635 έν
318 565 517 654 ἀμφιφορεῖ,
531 569 592 635 τόν
601 596 653 636 τοι
665 568 747 653 πόρε
759 569 879 638 πότνια
890 571 1007 658 μῆτηρ.

130 664 173 743 ὡς
185 662 271 751 ὁμοῦ
282 667 465 752 έτράφεμέν
476 690 538 752 περ
550 671 587 734 ἐν
598 663 784 754 ὑμετέροισι
796 669 958 755 δόμοισιν,

129 757 203 830 εὑτέ
213 789 253 848 με
266 764 394 831 τυτθόν
406 763 503 832 ἐόντα
514 772 693 844 Μενοίτιος
704 769 736 847 ἐξ
745 764 920 846 Ὀπόεντος

126 861 251 948 ῆγαγεν
262 859 454 948 ὑμέτερόνδ’
470 860 709 949 ἀνδροκτασίης
721 863 788 932 ὑπο
800 872 941 952 λυγρῆς,

127 962 226 1048 ῆματι
237 969 283 1049 τῷ
291 1014 300 1048 ,
314 961 368 1030 ὅτε
383 967 484 1029 παῖδα
496 965 698 1029 κατέκτανον
705 961 981 1050 Ἀμφιδάμαντος,

129 1061 262 1149 νήπιος,
280 1058 342 1127 οὐκ
354 1065 498 1146 ἐθέλων,
515 1058 595 1146 ἀμφ’
608 1058 845 1145 ἀστραγάλοισι
859 1071 1033 1147 χολωθείς·

128 1164 212 1225 ἔνθα
225 1185 265 1244 με
279 1159 455 1244 δεξόμενος
466 1161 502 1226 ἐν
515 1159 665 1243 δείμασιν
676 1159 799 1226 ἱππότα
810 1158 941 1245 Πηλεύς

127 1262 244 1344 ἔτρεφέ
252 1256 276 1324 τ’
288 1261 452 1336 ἐνδυκέως
468 1260 522 1325 καὶ
534 1255 596 1325 σόν
606 1255 788 1344 θεράποντ’
800 1255 982 1346 ὀνόμηνεν·

89 1385 93 1392 ·
127 1354 170 1436 ὣς
182 1361 216 1425 δὲ
228 1361 283 1425 καὶ
295 1356 392 1424 ὀστέα
404 1366 487 1425 νωιν
500 1355 565 1443 ὁμῆ
579 1356 679 1440 σορός
691 1357 949 1445 ἀμφικαλύπτοι,

14 1495 68 1547 150
85 1469 129 1549 ὡς
147 1483 262 1538 τοίνυν
279 1475 355 1556 ἐξῆν
372 1467 415 1538 ἀν
433 1469 526 1558 αὐτῷ
544 1479 698 1557 σωθῆναι
715 1472 759 1559 μῆ
774 1477 1033 1562 τιμωρησαμένῳ

82 1567 142 1637 τὸν
159 1577 220 1636 τοῦ
237 1570 437 1648 Πατρόκλου
455 1569 624 1650 θάνατον,
648 1567 841 1654 ἀνάγνωθι,
865 1569 887 1636 ἀ
910 1575 996 1656 λέγει
1013 1571 1033 1657 ῆ

82 1671 182 1746 Θέτις.

125 1779 299 1868 ὠκύμορος
310 1783 351 1866 δῆ
367 1809 423 1867 μοι
434 1786 527 1858 τέκος
539 1787 665 1864 ἔσσεαι,
678 1777 722 1847 οἷ’
734 1779 920 1866 ἀγορεύεις·

125 1883 242 1950 αὐτίκα
252 1882 317 1967 γάρ
328 1908 379 1948 τοι
390 1887 500 1948 ἔπειτα
515 1878 588 1965 μεθ’
599 1879 741 1962 Ἕκτορα
758 1880 882 1966 πότμος
894 1883 1029 1967 ἑτοῖμος.

122 1980 182 2066 τῆν
194 1980 225 2048 δ’
241 1974 320 2048 αὖτε
332 1982 507 2063 προσέειπε
518 1979 686 2063 ποδάρκης
699 1983 767 2057 δῖος
777 1977 953 2065 Ἀχιλλεύς·

123 2079 241 2148 αὐτίκα
251 2085 423 2163 τεθναίην,
436 2079 505 2144 ἐπεὶ
517 2074 580 2144 οὐκ
591 2075 640 2163 ἀρ’
652 2083 791 2163 ἐμελλον
801 2081 917 2169 έταίρφ

122 2181 320 2267 κτεινομένῳ
332 2181 514 2263 ἐπαμῦναι,
527 2175 549 2244 ὅ
558 2203 614 2263 μοι
625 2177 712 2245 πολὺ
724 2185 879 2263 φίλτατος
890 2184 992 2248 ἔσκεν.
1089 2178 1094 2187 '

10 2299 59 2351 151
144 2289 179 2360 ‘O
191 2299 307 2359 τοίνυν
319 2288 458 2367 οὐδενός
469 2281 570 2375 ῆττον
580 2290 685 2376 σοφός
695 2299 763 2358 των
769 2302 916 2379 ποιητῶν
926 2293 1032 2378 Εόρι-

79 2395 191 2477 πέδης,
214 2393 251 2458 έν
276 2397 395 2456 τιτῶν
417 2396 601 2456 καλλίστων
624 2387 872 2477 ὑπολαμβάνων
895 2392 980 2460 εἶναι
995 2397 1032 2463 τό

79 2491 263 2575 σωφρόνως
277 2491 372 2572 ἐρᾶν,
391 2491 427 2554 ἐν
439 2485 536 2572 εὐχῆς
546 2491 637 2572 μέρει
648 2486 707 2556 τόν
720 2494 824 2572 ἔρωτα
835 2494 1034 2577 ποιούμενος

79 2593 165 2675 λέγει
177 2612 257 2654 που·

123 2700 185 2771 ὁδ’
198 2709 243 2781 είς
254 2702 290 2769 τό
304 2709 442 2787 σῶφρον
453 2697 500 2768 ἐπ’
514 2700 636 2787 ἀρετῆν
647 2698 671 2767 τ’
685 2701 778 2786 ἀγων
788 2708 869 2787 ἔρως
1051 2738 1101 2792 154
1154 2732 1157 2739 ·

120 2801 261 2888 ζηλωτὸς
272 2800 520 2888 ἀνθρώποισιν,
535 2793 584 2868 ὧν
595 2811 667 2887 είην
677 2801 752 2888 ἐγιό.

10 2936 61 2992 151
78 2918 305 2984 πάλιντοίνυν
317 2914 334 2982 ὁ
347 2913 448 2993 αὑτός
458 2919 495 2983 έν
506 2923 553 3005 τῷ
565 2922 695 2983 Φοίνικι
706 2914 936 3005 ἀποφαίνεται,
948 2916 1031 3003 ὑπὲρ

77 3025 135 3103 τῆς
145 3019 365 3103 γεγενημένης
378 3013 469 3104 αὐτῷ
481 3013 563 3100 πρὸς
573 3013 634 3084 τόν
645 3020 768 3099 πατέρα
780 3021 935 3105 διαβολῆς
947 3017 1032 3086 ἀπο-

79 3116 282 3202 λογούμενος
293 3117 348 3209 καὶ
358 3112 525 3195 ἀπεθίζων
535 3115 614 3192 τούς
631 3113 835 3199 ἀνθρώπους
846 3118 891 3203 μῆ
902 3122 934 3197 ἐξ
947 3116 1031 3186 ὑπο-

36 3205 52 3231 ⁴
79 3222 156 3293 νίας
171 3212 249 3302 μηδ’
269 3218 305 3281 ἐκ
323 3219 496 3301 διαβολῆς,
519 3212 587 3280 ἀλλ’
607 3218 643 3281 ἐκ
660 3223 723 3282 τοῦ
739 3223 817 3300 βίου
834 3214 892 3294 τάς
909 3225 1032 3301 κρίσεις

79 3323 264 3381 ποιεῖσθαι·

120 3427 182 3513 ῆδη
196 3430 231 3496 δὲ
243 3435 378 3495 πολλῶν
388 3427 517 3516 ᾑρέθην
530 3429 640 3513 λόγων
650 3430 773 3515 κριτής,

163 3524 324 3577 Amemus,
860 3519 881 3582 4
