<?xml version="1.0" encoding="UTF-8"?>
<!DOCTYPE html PUBLIC "-//W3C//DTD XHTML 1.0 Transitional//EN"
    "http://www.w3.org/TR/xhtml1/DTD/xhtml1-transitional.dtd">
<html xmlns="http://www.w3.org/1999/xhtml" xml:lang="en" lang="en">
 <head>
  <title>
</title>
<meta http-equiv="Content-Type" content="text/html;charset=utf-8" />
  <meta name='ocr-system' content='tesseract 3.04.00' />
  <meta name='ocr-capabilities' content='ocr_page ocr_carea ocr_par ocr_line ocrx_word'/>
</head>
<body>
  <div class='ocr_page' id='page_1' title='image "./orationescumali00isaegoog/orationescumali00isaegoog_0763.png"; bbox 0 0 2340 3916; ppageno 0'>
   <div class='ocr_carea' id='block_1_1' title="bbox 139 177 183 242">
    <p class='ocr_par' dir='ltr' id='par_1_1' title="bbox 139 177 183 242">
     <span class='ocr_line' id='line_1_1' title="bbox 139 177 183 242; baseline 0 0"><span class='ocrx_word' id='word_1_1' title='bbox 139 177 183 242; x_wconf 83' lang='lat'>34</span> 
     </span>
    </p>
   </div>
   <div class='ocr_carea' id='block_1_2' title="bbox 11 348 584 1777">
    <p class='ocr_par' dir='ltr' id='par_1_2' title="bbox 11 348 584 1777">
     <span class='ocr_line' id='line_1_2' title="bbox 140 348 448 433; baseline -0.006 -18"><span class='ocrx_word' id='word_1_2' title='bbox 140 349 262 433; x_wconf 82' lang='grc' dir='ltr'>μοείαν,</span> <span class='ocrx_word' id='word_1_3' title='bbox 285 349 368 413; x_wconf 80' lang='grc' dir='ltr'>ἀλλὰ</span> <span class='ocrx_word' id='word_1_4' title='bbox 389 348 448 426; x_wconf 88' lang='grc' dir='ltr'>τὴν</span> 
     </span>
     <span class='ocr_line' id='line_1_3' title="bbox 37 430 510 517; baseline -0.008 -17"><span class='ocrx_word' id='word_1_5' title='bbox 37 464 40 469; x_wconf 93' lang='grc'><em>·</em></span> <span class='ocrx_word' id='word_1_6' title='bbox 139 437 287 516; x_wconf 84' lang='grc' dir='ltr'>ταχίετην</span> <span class='ocrx_word' id='word_1_7' title='bbox 310 432 410 511; x_wconf 84' lang='grc' dir='ltr'>αὐτὴν</span> <span class='ocrx_word' id='word_1_8' title='bbox 433 430 510 517; x_wconf 88' lang='grc' dir='ltr'>δεῖΙ</span> 
     </span>
     <span class='ocr_line' id='line_1_4' title="bbox 15 520 456 603; baseline -0.007 -18"><span class='ocrx_word' id='word_1_9' title='bbox 15 554 34 578; x_wconf 91' lang='grc'>.·</span> <span class='ocrx_word' id='word_1_10' title='bbox 55 531 130 576; x_wconf 78' lang='lat' dir='ltr'>XX111</span> <span class='ocrx_word' id='word_1_11' title='bbox 140 521 224 587; x_wconf 82' lang='grc' dir='ltr'>εῖναι</span> <span class='ocrx_word' id='word_1_12' title='bbox 244 520 279 586; x_wconf 84' lang='grc' dir='ltr'>ἐν</span> <span class='ocrx_word' id='word_1_13' title='bbox 301 525 347 603; x_wconf 83' lang='grc' dir='ltr'>τῷ</span> <span class='ocrx_word' id='word_1_14' title='bbox 370 523 456 583; x_wconf 89' lang='grc' dir='ltr'>δικα-</span> 
     </span>
     <span class='ocr_line' id='line_1_5' title="bbox 140 603 509 690; baseline -0.014 -19"><span class='ocrx_word' id='word_1_15' title='bbox 140 607 269 690; x_wconf 83' lang='grc' dir='ltr'>ετηρίῳ·</span> <span class='ocrx_word' id='word_1_16' title='bbox 293 642 331 650; x_wconf 86' lang='grc'>-</span> <span class='ocrx_word' id='word_1_17' title='bbox 356 604 375 680; x_wconf 86' lang='grc' dir='ltr'>ἢ</span> <span class='ocrx_word' id='word_1_18' title='bbox 400 603 509 686; x_wconf 83' lang='grc' dir='ltr'>ειινίῃ</span> 
     </span>
     <span class='ocr_line' id='line_1_6' title="bbox 138 689 526 758; baseline -0.015 -1"><span class='ocrx_word' id='word_1_19' title='bbox 138 713 206 758; x_wconf 86' lang='grc' dir='ltr'>ποι</span> <span class='ocrx_word' id='word_1_20' title='bbox 229 692 293 756; x_wconf 84' lang='grc' dir='ltr'>ἐπὶ</span> <span class='ocrx_word' id='word_1_21' title='bbox 314 689 526 753; x_wconf 81' lang='grc' dir='ltr'>καταλύτει</span> 
     </span>
     <span class='ocr_line' id='line_1_7' title="bbox 138 773 568 855; baseline -0.014 -13"><span class='ocrx_word' id='word_1_22' title='bbox 138 782 208 843; x_wconf 84' lang='grc' dir='ltr'>τοῦ</span> <span class='ocrx_word' id='word_1_23' title='bbox 232 779 356 855; x_wconf 84' lang='grc' dir='ltr'>δήμου</span> <span class='ocrx_word' id='word_1_24' title='bbox 379 775 399 851; x_wconf 88' lang='grc' dir='ltr'>ἢ</span> <span class='ocrx_word' id='word_1_25' title='bbox 422 773 568 851; x_wconf 90' lang='grc' dir='ltr'>ἑταιρι-</span> 
     </span>
     <span class='ocr_line' id='line_1_8' title="bbox 113 857 584 942; baseline 0.004 -16"><span class='ocrx_word' id='word_1_26' title='bbox 113 864 207 928; x_wconf 67' lang='grc' dir='ltr'>5κόν</span> <span class='ocrx_word' id='word_1_27' title='bbox 231 858 449 942; x_wconf 84' lang='grc' dir='ltr'>ενναγάγῃ,</span> <span class='ocrx_word' id='word_1_28' title='bbox 472 858 492 935; x_wconf 87' lang='grc' dir='ltr'><strong>ἢ</strong></span> <span class='ocrx_word' id='word_1_29' title='bbox 516 857 584 922; x_wconf 84' lang='grc' dir='ltr'>ἐάν</span> 
     </span>
     <span class='ocr_line' id='line_1_9' title="bbox 137 944 566 1021; baseline -0.012 -10"><span class='ocrx_word' id='word_1_30' title='bbox 137 969 195 1013; x_wconf 85' lang='grc' dir='ltr'>τιε</span> <span class='ocrx_word' id='word_1_31' title='bbox 217 946 336 1011; x_wconf 82' lang='grc' dir='ltr'>πόλιν</span> <span class='ocrx_word' id='word_1_32' title='bbox 359 944 448 1009; x_wconf 88' lang='grc' dir='ltr'>τινὰ</span> <span class='ocrx_word' id='word_1_33' title='bbox 468 963 566 1021; x_wconf 90' lang='grc' dir='ltr'>προ-</span> 
     </span>
     <span class='ocr_line' id='line_1_10' title="bbox 138 1029 537 1117; baseline -0.013 -19"><span class='ocrx_word' id='word_1_34' title='bbox 138 1037 189 1117; x_wconf 83' lang='grc' dir='ltr'>δῷ</span> <span class='ocrx_word' id='word_1_35' title='bbox 213 1033 232 1111; x_wconf 81' lang='grc' dir='ltr'>ἢ</span> <span class='ocrx_word' id='word_1_36' title='bbox 255 1034 352 1098; x_wconf 83' lang='grc' dir='ltr'>ναῦε</span> <span class='ocrx_word' id='word_1_37' title='bbox 374 1029 394 1106; x_wconf 87' lang='grc' dir='ltr'>ἢ</span> <span class='ocrx_word' id='word_1_38' title='bbox 415 1029 537 1107; x_wconf 83' lang='grc' dir='ltr'>πεζὴν</span> 
     </span>
     <span class='ocr_line' id='line_1_11' title="bbox 137 1116 544 1196; baseline -0.02 -12"><span class='ocrx_word' id='word_1_39' title='bbox 137 1119 156 1196; x_wconf 88' lang='grc' dir='ltr'>ἢ</span> <span class='ocrx_word' id='word_1_40' title='bbox 179 1116 369 1192; x_wconf 83' lang='grc' dir='ltr'>ναυτικὴν</span> <span class='ocrx_word' id='word_1_41' title='bbox 393 1133 544 1192; x_wconf 84' lang='grc' dir='ltr'>ετρατι-</span> 
     </span>
     <span class='ocr_line' id='line_1_12' title="bbox 136 1199 541 1284; baseline -0.017 -1"><span class='ocrx_word' id='word_1_42' title='bbox 136 1204 200 1284; x_wconf 75' lang='grc' dir='ltr'>ἀν,</span> <span class='ocrx_word' id='word_1_43' title='bbox 222 1203 241 1280; x_wconf 82' lang='grc' dir='ltr'><strong>ἢ</strong></span> <span class='ocrx_word' id='word_1_44' title='bbox 266 1200 397 1280; x_wconf 77' lang='grc' dir='ltr'>ῥήτωρ</span> <span class='ocrx_word' id='word_1_45' title='bbox 420 1199 472 1263; x_wconf 78' lang='grc' dir='ltr'>ὢν</span> <span class='ocrx_word' id='word_1_46' title='bbox 496 1199 541 1276; x_wconf 84' lang='grc' dir='ltr'>μὴ</span> 
     </span>
     <span class='ocr_line' id='line_1_13' title="bbox 11 1282 530 1370; baseline -0.004 -23"><span class='ocrx_word' id='word_1_47' title='bbox 11 1342 15 1347; x_wconf 94' lang='grc'>.</span> <span class='ocrx_word' id='word_1_48' title='bbox 99 1282 530 1370; x_wconf 80' lang='grc' dir='ltr'>ιολέγῃτὰᾶριττατῷ</span> 
     </span>
     <span class='ocr_line' id='line_1_14' title="bbox 136 1367 513 1455; baseline -0.005 -22"><span class='ocrx_word' id='word_1_49' title='bbox 136 1373 243 1455; x_wconf 85' lang='grc' dir='ltr'>δήμῳ</span> <span class='ocrx_word' id='word_1_50' title='bbox 266 1374 317 1452; x_wconf 81' lang='grc' dir='ltr'>τῷ</span> <span class='ocrx_word' id='word_1_51' title='bbox 340 1367 513 1446; x_wconf 85' lang='grc' dir='ltr'>Ἀθηναί-</span> 
     </span>
     <span class='ocr_line' id='line_1_15' title="bbox 136 1452 555 1535; baseline -0.017 -12"><span class='ocrx_word' id='word_1_52' title='bbox 136 1478 188 1523; x_wconf 87' lang='grc' dir='ltr'>ων</span> <span class='ocrx_word' id='word_1_53' title='bbox 211 1454 387 1535; x_wconf 85' lang='grc' dir='ltr'>χρήματα</span> <span class='ocrx_word' id='word_1_54' title='bbox 409 1452 555 1531; x_wconf 84' lang='grc' dir='ltr'>λαμβά-</span> 
     </span>
     <span class='ocr_line' id='line_1_16' title="bbox 135 1537 525 1616; baseline 0 -15"><span class='ocrx_word' id='word_1_55' title='bbox 135 1560 227 1608; x_wconf 91' lang='grc' dir='ltr'>νων·</span> <span class='ocrx_word' id='word_1_56' title='bbox 253 1577 290 1585; x_wconf 87' lang='lat'>--</span> <span class='ocrx_word' id='word_1_57' title='bbox 315 1539 354 1603; x_wconf 86' lang='grc' dir='ltr'>τὰ</span> <span class='ocrx_word' id='word_1_58' title='bbox 376 1539 433 1616; x_wconf 80' lang='grc' dir='ltr'>μὲν</span> <span class='ocrx_word' id='word_1_59' title='bbox 456 1537 525 1603; x_wconf 86' lang='grc' dir='ltr'>ἄνω</span> 
     </span>
     <span class='ocr_line' id='line_1_17' title="bbox 134 1622 523 1705; baseline -0.005 -14"><span class='ocrx_word' id='word_1_60' title='bbox 134 1631 192 1691; x_wconf 83' lang='grc' dir='ltr'>τοῦ</span> <span class='ocrx_word' id='word_1_61' title='bbox 215 1625 319 1705; x_wconf 84' lang='grc' dir='ltr'>νόμου</span> <span class='ocrx_word' id='word_1_62' title='bbox 341 1623 421 1688; x_wconf 86' lang='grc' dir='ltr'>κατὰ</span> <span class='ocrx_word' id='word_1_63' title='bbox 443 1622 523 1689; x_wconf 88' lang='grc' dir='ltr'>πάν-</span> 
     </span>
     <span class='ocr_line' id='line_1_18' title="bbox 13 1712 453 1777; baseline -0.002 -3"><span class='ocrx_word' id='word_1_64' title='bbox 13 1766 16 1771; x_wconf 96' lang='grc'>.</span> <span class='ocrx_word' id='word_1_65' title='bbox 96 1729 120 1768; x_wconf 77' lang='lat'>15</span> <span class='ocrx_word' id='word_1_66' title='bbox 133 1732 199 1777; x_wconf 92' lang='grc' dir='ltr'>των</span> <span class='ocrx_word' id='word_1_67' title='bbox 222 1715 287 1776; x_wconf 85' lang='grc' dir='ltr'>τῶν</span> <span class='ocrx_word' id='word_1_68' title='bbox 310 1712 453 1774; x_wconf 81' lang='grc' dir='ltr'>πολιτῶν</span> 
     </span>
    </p>
   </div>
   <div class='ocr_carea' id='block_1_3' title="bbox 517 175 720 233">
    <p class='ocr_par' dir='ltr' id='par_1_3' title="bbox 517 175 720 233">
     <span class='ocr_line' id='line_1_19' title="bbox 517 175 720 233; baseline -0.005 0"><span class='ocrx_word' id='word_1_69' title='bbox 517 175 720 233; x_wconf 84' lang='grc' dir='ltr'>ΥΠΕΡΕΙΔΟΥ</span> 
     </span>
    </p>
   </div>
   <div class='ocr_carea' id='block_1_4' title="bbox 618 347 1138 1793">
    <p class='ocr_par' dir='ltr' id='par_1_4' title="bbox 620 347 1138 1108">
     <span class='ocr_line' id='line_1_20' title="bbox 623 347 1085 427; baseline 0.004 -14"><span class='ocrx_word' id='word_1_70' title='bbox 623 353 675 413; x_wconf 73' lang='lat' dir='ltr'>cde</span> <span class='ocrx_word' id='word_1_71' title='bbox 697 350 759 427; x_wconf 89' lang='grc' dir='ltr'>γὰρ</span> <span class='ocrx_word' id='word_1_72' title='bbox 782 348 837 425; x_wconf 83' lang='grc' dir='ltr'>ἂν,</span> <span class='ocrx_word' id='word_1_73' title='bbox 861 347 888 413; x_wconf 90' lang='grc' dir='ltr'>εἰ</span> <span class='ocrx_word' id='word_1_74' title='bbox 909 348 1013 415; x_wconf 82' lang='grc' dir='ltr'>ἄλλον</span> <span class='ocrx_word' id='word_1_75' title='bbox 1037 372 1085 416; x_wconf 89' lang='grc' dir='ltr'>τι-</span> 
     </span>
     <span class='ocr_line' id='line_1_21' title="bbox 623 433 1138 512; baseline -0.004 -13"><span class='ocrx_word' id='word_1_76' title='bbox 623 433 665 499; x_wconf 90' lang='grc' dir='ltr'>νὰ</span> <span class='ocrx_word' id='word_1_77' title='bbox 686 434 810 512; x_wconf 79' lang='grc' dir='ltr'>τρόπον</span> <span class='ocrx_word' id='word_1_78' title='bbox 831 435 890 498; x_wconf 88' lang='grc' dir='ltr'>τὸν</span> <span class='ocrx_word' id='word_1_79' title='bbox 913 435 967 500; x_wconf 89' lang='grc' dir='ltr'>νό-</span> <span class='ocrx_word' id='word_1_80' title='bbox 1114 457 1138 497; x_wconf 76' lang='grc' dir='ltr'>α</span> 
     </span>
     <span class='ocr_line' id='line_1_22' title="bbox 622 518 1017 603; baseline -0.008 -18"><span class='ocrx_word' id='word_1_81' title='bbox 622 538 683 598; x_wconf 92' lang='grc' dir='ltr'>μον</span> <span class='ocrx_word' id='word_1_82' title='bbox 705 522 824 584; x_wconf 84' lang='grc' dir='ltr'>τοῦτον</span> <span class='ocrx_word' id='word_1_83' title='bbox 847 518 916 583; x_wconf 84' lang='grc' dir='ltr'>ἔθε-</span> <span class='ocrx_word' id='word_1_84' title='bbox 1015 596 1017 603; x_wconf 28' lang='grc' dir='ltr'>Ι</span> 
     </span>
     <span class='ocr_line' id='line_1_23' title="bbox 622 603 1054 686; baseline 0.002 -18"><span class='ocrx_word' id='word_1_85' title='bbox 622 609 675 669; x_wconf 77' lang='lat' dir='ltr'>cde</span> <span class='ocrx_word' id='word_1_86' title='bbox 696 604 716 681; x_wconf 87' lang='grc' dir='ltr'>ἢ</span> <span class='ocrx_word' id='word_1_87' title='bbox 740 603 854 686; x_wconf 83' lang='grc' dir='ltr'>οὕτωτ,</span> <span class='ocrx_word' id='word_1_88' title='bbox 879 640 917 648; x_wconf 95' lang='grc'><strong>-</strong></span> <span class='ocrx_word' id='word_1_89' title='bbox 941 603 970 668; x_wconf 88' lang='grc' dir='ltr'>εἰ</span> <span class='ocrx_word' id='word_1_90' title='bbox 991 604 1054 669; x_wconf 74' lang='grc' dir='ltr'>τὰ(</span> 
     </span>
     <span class='ocr_line' id='line_1_24' title="bbox 622 688 998 773; baseline 0.005 -22"><span class='ocrx_word' id='word_1_91' title='bbox 622 689 679 767; x_wconf 77' lang='grc' dir='ltr'>μὲν</span> <span class='ocrx_word' id='word_1_92' title='bbox 702 688 821 772; x_wconf 82' lang='grc' dir='ltr'>τ[ι]μάτ</span> <span class='ocrx_word' id='word_1_93' title='bbox 843 689 895 753; x_wconf 83' lang='grc' dir='ltr'>καὶ</span> <span class='ocrx_word' id='word_1_94' title='bbox 916 688 998 773; x_wconf 80' lang='grc' dir='ltr'>τὰτἸ</span> 
     </span>
     <span class='ocr_line' id='line_1_25' title="bbox 623 773 1133 854; baseline 0.002 -18"><span class='ocrx_word' id='word_1_95' title='bbox 623 773 765 854; x_wconf 68' lang='grc' dir='ltr'>ὠφελίας</span> <span class='ocrx_word' id='word_1_96' title='bbox 787 775 902 838; x_wconf 66' lang='lat' dir='ltr'>{mod</span> <span class='ocrx_word' id='word_1_97' title='bbox 925 774 976 838; x_wconf 79' lang='grc' dir='ltr'>λέ·</span> <span class='ocrx_word' id='word_1_98' title='bbox 1112 795 1133 837; x_wconf 84' lang='lat' dir='ltr'>x</span> 
     </span>
     <span class='ocr_line' id='line_1_26' title="bbox 620 857 998 938; baseline 0 -15"><span class='ocrx_word' id='word_1_99' title='bbox 620 879 691 936; x_wconf 90' lang='grc' dir='ltr'>γειν</span> <span class='ocrx_word' id='word_1_100' title='bbox 714 857 745 923; x_wconf 84' lang='grc' dir='ltr'>οἱ</span> <span class='ocrx_word' id='word_1_101' title='bbox 767 857 901 938; x_wconf 75' lang='grc' dir='ltr'>ῥήτορε(</span> <span class='ocrx_word' id='word_1_102' title='bbox 923 879 998 937; x_wconf 87' lang='grc' dir='ltr'>καρ-</span> 
     </span>
     <span class='ocr_line' id='line_1_27' title="bbox 622 944 1021 1026; baseline 0.003 -19"><span class='ocrx_word' id='word_1_103' title='bbox 622 948 775 1026; x_wconf 78' lang='grc' dir='ltr'>ποῦνται,</span> <span class='ocrx_word' id='word_1_104' title='bbox 798 944 876 1009; x_wconf 72' lang='grc' dir='ltr'>τοὺς</span> <span class='ocrx_word' id='word_1_105' title='bbox 897 945 934 1008; x_wconf 84' lang='grc' dir='ltr'>δὲ</span> <span class='ocrx_word' id='word_1_106' title='bbox 956 965 1021 1008; x_wconf 86' lang='grc' dir='ltr'>κιν-</span> 
     </span>
     <span class='ocr_line' id='line_1_28' title="bbox 621 1028 976 1108; baseline 0 -15"><span class='ocrx_word' id='word_1_107' title='bbox 621 1028 740 1094; x_wconf 79' lang='grc' dir='ltr'>δύνου(</span> <span class='ocrx_word' id='word_1_108' title='bbox 762 1029 844 1108; x_wconf 81' lang='grc' dir='ltr'>ὑπὲρ</span> <span class='ocrx_word' id='word_1_109' title='bbox 867 1028 976 1094; x_wconf 83' lang='grc' dir='ltr'>αὐτῶν</span> 
     </span>
    </p>

    <p class='ocr_par' dir='ltr' id='par_1_5' title="bbox 619 1113 1135 1447">
     <span class='ocr_line' id='line_1_29' title="bbox 620 1113 1135 1192; baseline -0.002 -14"><span class='ocrx_word' id='word_1_110' title='bbox 620 1116 690 1179; x_wconf 84' lang='grc' dir='ltr'>τοῖτ</span> <span class='ocrx_word' id='word_1_111' title='bbox 711 1113 849 1179; x_wconf 74' lang='grc' dir='ltr'>ἰδιώτατα</span> <span class='ocrx_word' id='word_1_112' title='bbox 871 1113 986 1192; x_wconf 86' lang='grc' dir='ltr'>ἀνεθή-</span> <span class='ocrx_word' id='word_1_113' title='bbox 1124 1138 1135 1177; x_wconf 76' lang='grc' dir='ltr'>τ</span> 
     </span>
     <span class='ocr_line' id='line_1_30' title="bbox 619 1197 1088 1278; baseline 0.009 -15"><span class='ocrx_word' id='word_1_114' title='bbox 619 1219 702 1264; x_wconf 87' lang='grc' dir='ltr'>κατε.</span> <span class='ocrx_word' id='word_1_115' title='bbox 720 1236 758 1244; x_wconf 83' lang='grc'><strong>-</strong></span> <span class='ocrx_word' id='word_1_116' title='bbox 780 1197 852 1263; x_wconf 80' lang='grc' dir='ltr'>ἀλλ’</span> <span class='ocrx_word' id='word_1_117' title='bbox 868 1199 958 1278; x_wconf 83' lang='grc' dir='ltr'>ὅμωε</span> <span class='ocrx_word' id='word_1_118' title='bbox 972 1200 1088 1267; x_wconf 79' lang='grc' dir='ltr'>Πολύ-</span> 
     </span>
     <span class='ocr_line' id='line_1_31' title="bbox 620 1283 964 1349; baseline 0 0"><span class='ocrx_word' id='word_1_119' title='bbox 620 1304 731 1349; x_wconf 71' lang='grc' dir='ltr'>ευκτος</span> <span class='ocrx_word' id='word_1_120' title='bbox 754 1283 859 1348; x_wconf 79' lang='grc' dir='ltr'>οὕτω(</span> <span class='ocrx_word' id='word_1_121' title='bbox 882 1284 964 1349; x_wconf 82' lang='grc' dir='ltr'>ἐττὶν</span> 
     </span>
     <span class='ocr_line' id='line_1_32' title="bbox 620 1367 955 1447; baseline 0.003 -14"><span class='ocrx_word' id='word_1_122' title='bbox 620 1368 770 1447; x_wconf 82' lang='grc' dir='ltr'>ἀνδρεῖοι</span> <span class='ocrx_word' id='word_1_123' title='bbox 794 1367 874 1434; x_wconf 77' lang='lat' dir='ltr'><strong>dcte</strong></span> <span class='ocrx_word' id='word_1_124' title='bbox 897 1369 955 1435; x_wconf 84' lang='grc' dir='ltr'>εἰε-</span> 
     </span>
    </p>

    <p class='ocr_par' dir='ltr' id='par_1_6' title="bbox 620 1454 920 1529">
     <span class='ocr_line' id='line_1_33' title="bbox 620 1454 920 1529; baseline 0.007 -12"><span class='ocrx_word' id='word_1_125' title='bbox 620 1454 771 1529; x_wconf 83' lang='grc' dir='ltr'>αγγελίαν</span> <span class='ocrx_word' id='word_1_126' title='bbox 793 1455 920 1519; x_wconf 85' lang='grc' dir='ltr'>διώκων</span> 
     </span>
    </p>

    <p class='ocr_par' dir='ltr' id='par_1_7' title="bbox 618 1538 1134 1793">
     <span class='ocr_line' id='line_1_34' title="bbox 619 1538 1134 1620; baseline -0.006 -17"><span class='ocrx_word' id='word_1_127' title='bbox 619 1538 679 1603; x_wconf 85' lang='grc' dir='ltr'>οὐκ</span> <span class='ocrx_word' id='word_1_128' title='bbox 701 1539 764 1620; x_wconf 85' lang='grc' dir='ltr'>ἔφη</span> <span class='ocrx_word' id='word_1_129' title='bbox 787 1541 856 1605; x_wconf 83' lang='grc' dir='ltr'>δεῖν</span> <span class='ocrx_word' id='word_1_130' title='bbox 878 1538 955 1603; x_wconf 78' lang='grc' dir='ltr'>τοὺ(</span> <span class='ocrx_word' id='word_1_131' title='bbox 1109 1562 1134 1601; x_wconf 88' lang='grc' dir='ltr'>ιι</span> 
     </span>
     <span class='ocr_line' id='line_1_35' title="bbox 620 1624 952 1706; baseline 0 -18"><span class='ocrx_word' id='word_1_132' title='bbox 620 1624 804 1704; x_wconf 77' lang='grc' dir='ltr'>φεύγοντα(</span> <span class='ocrx_word' id='word_1_133' title='bbox 825 1630 871 1706; x_wconf 82' lang='grc' dir='ltr'>τῷ</span> <span class='ocrx_word' id='word_1_134' title='bbox 893 1624 952 1688; x_wconf 83' lang='grc' dir='ltr'>εἰτ-</span> 
     </span>
     <span class='ocr_line' id='line_1_36' title="bbox 618 1710 908 1793; baseline 0.003 -21"><span class='ocrx_word' id='word_1_135' title='bbox 618 1712 794 1793; x_wconf 79' lang='grc' dir='ltr'>αγγελτικῷ</span> <span class='ocrx_word' id='word_1_136' title='bbox 817 1710 908 1793; x_wconf 84' lang='grc' dir='ltr'>νόμῳ</span> 
     </span>
    </p>
   </div>
   <div class='ocr_carea' id='block_1_5' title="bbox 132 1792 1033 1876">
    <p class='ocr_par' dir='ltr' id='par_1_8' title="bbox 132 1792 1033 1876">
     <span class='ocr_line' id='line_1_37' title="bbox 132 1792 1033 1876; baseline 0.001 -16"><span class='ocrx_word' id='word_1_137' title='bbox 132 1796 328 1876; x_wconf 72' lang='grc' dir='ltr'>γράψαντες,</span> <span class='ocrx_word' id='word_1_138' title='bbox 345 1831 383 1838; x_wconf 86' lang='grc'>-</span> <span class='ocrx_word' id='word_1_139' title='bbox 407 1792 441 1857; x_wconf 82' lang='grc' dir='ltr'>ἐκ</span> <span class='ocrx_word' id='word_1_140' title='bbox 462 1793 597 1858; x_wconf 87' lang='grc' dir='ltr'>πάντων</span> <span class='ocrx_word' id='word_1_141' title='bbox 618 1798 760 1873; x_wconf 79' lang='grc' dir='ltr'>χρῆεθαι.</span> <span class='ocrx_word' id='word_1_142' title='bbox 784 1831 822 1839; x_wconf 93' lang='grc'><strong>-</strong></span> <span class='ocrx_word' id='word_1_143' title='bbox 836 1794 898 1859; x_wconf 88' lang='grc' dir='ltr'>,καὶ</span> <span class='ocrx_word' id='word_1_144' title='bbox 919 1792 951 1859; x_wconf 88' lang='grc' dir='ltr'>οἱ</span> <span class='ocrx_word' id='word_1_145' title='bbox 972 1797 1033 1874; x_wconf 84' lang='grc' dir='ltr'>μὲν</span> 
     </span>
    </p>
   </div>
   <div class='ocr_carea' id='block_1_6' title="bbox 132 1877 580 2116">
    <p class='ocr_par' dir='ltr' id='par_1_9' title="bbox 132 1877 580 2116">
     <span class='ocr_line' id='line_1_38' title="bbox 132 1877 484 1960; baseline -0.011 -15"><span class='ocrx_word' id='word_1_146' title='bbox 132 1883 194 1960; x_wconf 86' lang='grc' dir='ltr'>γὰρ</span> <span class='ocrx_word' id='word_1_147' title='bbox 217 1880 270 1945; x_wconf 87' lang='grc' dir='ltr'>καῖ</span> <span class='ocrx_word' id='word_1_148' title='bbox 290 1877 484 1958; x_wconf 87' lang='grc' dir='ltr'>τάδικήματα</span> 
     </span>
     <span class='ocr_line' id='line_1_39' title="bbox 132 1962 580 2040; baseline -0.009 -9"><span class='ocrx_word' id='word_1_149' title='bbox 132 1971 232 2031; x_wconf 85' lang='grc' dir='ltr'>ταῦτα</span> <span class='ocrx_word' id='word_1_150' title='bbox 253 1964 377 2040; x_wconf 75' lang='grc' dir='ltr'>γένοιτ’</span> <span class='ocrx_word' id='word_1_151' title='bbox 399 1962 455 2028; x_wconf 90' lang='grc' dir='ltr'>ἄν·</span> <span class='ocrx_word' id='word_1_152' title='bbox 481 2000 519 2008; x_wconf 91' lang='lat'><em>-</em></span> <span class='ocrx_word' id='word_1_153' title='bbox 542 1965 580 2028; x_wconf 88' lang='grc' dir='ltr'>τὸ</span> 
     </span>
     <span class='ocr_line' id='line_1_40' title="bbox 132 2051 458 2116; baseline -0.015 0"><span class='ocrx_word' id='word_1_154' title='bbox 132 2054 168 2116; x_wconf 81' lang='grc' dir='ltr'>δὲ</span> <span class='ocrx_word' id='word_1_155' title='bbox 190 2052 376 2116; x_wconf 85' lang='grc' dir='ltr'>τελευταῖον</span> <span class='ocrx_word' id='word_1_156' title='bbox 399 2051 458 2112; x_wconf 83' lang='grc' dir='ltr'>τοῦ</span> 
     </span>
    </p>
   </div>
   <div class='ocr_carea' id='block_1_7' title="bbox 616 1879 1130 2133">
    <p class='ocr_par' dir='ltr' id='par_1_10' title="bbox 616 1879 1130 2133">
     <span class='ocr_line' id='line_1_41' title="bbox 618 1879 971 1959; baseline 0.003 -16"><span class='ocrx_word' id='word_1_157' title='bbox 618 1879 712 1943; x_wconf 81' lang='grc' dir='ltr'>ἄλλοι</span> <span class='ocrx_word' id='word_1_158' title='bbox 734 1880 852 1945; x_wconf 82' lang='grc' dir='ltr'>πάντετ</span> <span class='ocrx_word' id='word_1_159' title='bbox 877 1881 971 1959; x_wconf 87' lang='grc' dir='ltr'>κατή-</span> 
     </span>
     <span class='ocr_line' id='line_1_42' title="bbox 617 1963 1130 2047; baseline -0.006 -19"><span class='ocrx_word' id='word_1_160' title='bbox 617 1984 726 2047; x_wconf 84' lang='grc' dir='ltr'>γοροι,</span> <span class='ocrx_word' id='word_1_161' title='bbox 749 1963 828 2030; x_wconf 86' lang='grc' dir='ltr'>ὅταν</span> <span class='ocrx_word' id='word_1_162' title='bbox 853 1963 987 2030; x_wconf 80' lang='grc' dir='ltr'>οἴωνται</span> <span class='ocrx_word' id='word_1_163' title='bbox 1106 1987 1130 2025; x_wconf 73' lang='grc' dir='ltr'>ιτ</span> 
     </span>
     <span class='ocr_line' id='line_1_43' title="bbox 616 2049 982 2133; baseline 0 -20"><span class='ocrx_word' id='word_1_164' title='bbox 616 2052 683 2114; x_wconf 84' lang='grc' dir='ltr'>δεῖν</span> <span class='ocrx_word' id='word_1_165' title='bbox 707 2049 809 2133; x_wconf 82' lang='grc' dir='ltr'>ἐντῷ</span> <span class='ocrx_word' id='word_1_166' title='bbox 832 2050 982 2133; x_wconf 86' lang='grc' dir='ltr'>προτέρῳ</span> 
     </span>
    </p>
   </div>
   <div class='ocr_carea' id='block_1_8' title="bbox 93 2132 949 2218">
    <p class='ocr_par' dir='ltr' id='par_1_11' title="bbox 93 2132 949 2218">
     <span class='ocr_line' id='line_1_44' title="bbox 93 2132 949 2218; baseline 0.008 -25"><span class='ocrx_word' id='word_1_167' title='bbox 93 2153 118 2193; x_wconf 80' lang='grc' dir='ltr'>ιο</span> <span class='ocrx_word' id='word_1_168' title='bbox 131 2136 235 2214; x_wconf 85' lang='grc' dir='ltr'>νόμου</span> <span class='ocrx_word' id='word_1_169' title='bbox 250 2135 323 2199; x_wconf 83' lang='grc' dir='ltr'>κατ’</span> <span class='ocrx_word' id='word_1_170' title='bbox 339 2134 448 2199; x_wconf 85' lang='grc' dir='ltr'>αὐτῶν</span> <span class='ocrx_word' id='word_1_171' title='bbox 462 2136 528 2197; x_wconf 87' lang='grc' dir='ltr'>τῶν</span> <span class='ocrx_word' id='word_1_172' title='bbox 545 2132 599 2212; x_wconf 83' lang='grc' dir='ltr'>ῥη-</span> <span class='ocrx_word' id='word_1_173' title='bbox 615 2134 704 2218; x_wconf 83' lang='grc' dir='ltr'>λόγῳ</span> <span class='ocrx_word' id='word_1_174' title='bbox 726 2133 859 2213; x_wconf 85' lang='grc' dir='ltr'>ὑφελεῖν</span> <span class='ocrx_word' id='word_1_175' title='bbox 881 2140 949 2200; x_wconf 87' lang='grc' dir='ltr'>τῶν</span> 
     </span>
    </p>
   </div>
   <div class='ocr_carea' id='block_1_9' title="bbox 130 2217 550 2471">
    <p class='ocr_par' dir='ltr' id='par_1_12' title="bbox 130 2217 550 2471">
     <span class='ocr_line' id='line_1_45' title="bbox 130 2217 529 2299; baseline -0.003 -15"><span class='ocrx_word' id='word_1_176' title='bbox 130 2221 254 2299; x_wconf 82' lang='grc' dir='ltr'>τόρων,</span> <span class='ocrx_word' id='word_1_177' title='bbox 275 2220 350 2298; x_wconf 77' lang='grc' dir='ltr'>παρ’</span> <span class='ocrx_word' id='word_1_178' title='bbox 374 2217 423 2282; x_wconf 74' lang='lat' dir='ltr'>oie</span> <span class='ocrx_word' id='word_1_179' title='bbox 445 2217 529 2283; x_wconf 84' lang='grc' dir='ltr'>ἔττιν</span> 
     </span>
     <span class='ocr_line' id='line_1_46' title="bbox 131 2304 550 2385; baseline -0.007 -15"><span class='ocrx_word' id='word_1_180' title='bbox 131 2308 183 2370; x_wconf 88' lang='grc' dir='ltr'>καὶ</span> <span class='ocrx_word' id='word_1_181' title='bbox 204 2305 241 2370; x_wconf 88' lang='grc' dir='ltr'>τὸ</span> <span class='ocrx_word' id='word_1_182' title='bbox 264 2304 403 2385; x_wconf 84' lang='grc' dir='ltr'>γράφειν</span> <span class='ocrx_word' id='word_1_183' title='bbox 425 2305 466 2367; x_wconf 88' lang='grc' dir='ltr'>τὰ</span> <span class='ocrx_word' id='word_1_184' title='bbox 488 2323 550 2382; x_wconf 87' lang='grc' dir='ltr'>ψη-</span> 
     </span>
     <span class='ocr_line' id='line_1_47' title="bbox 131 2388 485 2471; baseline -0.008 -16"><span class='ocrx_word' id='word_1_185' title='bbox 131 2391 278 2471; x_wconf 85' lang='grc' dir='ltr'>φίεματα.</span> <span class='ocrx_word' id='word_1_186' title='bbox 302 2427 340 2434; x_wconf 95' lang='grc'>-</span> <span class='ocrx_word' id='word_1_187' title='bbox 365 2388 485 2467; x_wconf 83' lang='grc' dir='ltr'>ἐμαίνε-</span> 
     </span>
    </p>
   </div>
   <div class='ocr_carea' id='block_1_10' title="bbox 613 2217 1127 2454">
    <p class='ocr_par' dir='ltr' id='par_1_13' title="bbox 613 2217 1127 2454">
     <span class='ocr_line' id='line_1_48' title="bbox 615 2217 993 2298; baseline 0.003 -16"><span class='ocrx_word' id='word_1_188' title='bbox 615 2217 809 2298; x_wconf 82' lang='grc' dir='ltr'>φευγόντων</span> <span class='ocrx_word' id='word_1_189' title='bbox 831 2219 890 2284; x_wconf 74' lang='grc' dir='ltr'>τὰ(</span> <span class='ocrx_word' id='word_1_190' title='bbox 912 2217 993 2284; x_wconf 88' lang='grc' dir='ltr'>ἀπο-</span> 
     </span>
     <span class='ocr_line' id='line_1_49' title="bbox 613 2302 1044 2385; baseline 0.007 -19"><span class='ocrx_word' id='word_1_191' title='bbox 613 2302 735 2384; x_wconf 70' lang='grc' dir='ltr'>λογίας,</span> <span class='ocrx_word' id='word_1_192' title='bbox 759 2339 797 2348; x_wconf 91' lang='lat'>-</span> <span class='ocrx_word' id='word_1_193' title='bbox 821 2308 918 2369; x_wconf 83' lang='grc' dir='ltr'>τοῦτο</span> <span class='ocrx_word' id='word_1_194' title='bbox 940 2324 1044 2385; x_wconf 87' lang='grc' dir='ltr'>παρα-</span> 
     </span>
     <span class='ocr_line' id='line_1_50' title="bbox 613 2387 1127 2454; baseline -0.006 -3"><span class='ocrx_word' id='word_1_195' title='bbox 613 2387 800 2454; x_wconf 85' lang='grc' dir='ltr'>κελεύονται</span> <span class='ocrx_word' id='word_1_196' title='bbox 820 2391 890 2454; x_wconf 86' lang='grc' dir='ltr'>τοῖε</span> <span class='ocrx_word' id='word_1_197' title='bbox 912 2394 957 2454; x_wconf 89' lang='grc' dir='ltr'>δι-</span> <span class='ocrx_word' id='word_1_198' title='bbox 1101 2409 1127 2448; x_wconf 81' lang='grc' dir='ltr'>ω</span> 
     </span>
    </p>
   </div>
   <div class='ocr_carea' id='block_1_11' title="bbox 129 2590 1099 2659">
    <p class='ocr_par' dir='ltr' id='par_1_14' title="bbox 129 2590 1099 2659">
     <span class='ocr_line' id='line_1_51' title="bbox 129 2590 1099 2659; baseline 0 -13"><span class='ocrx_word' id='word_1_199' title='bbox 129 2600 161 2647; x_wconf 79' lang='grc'>27</span> <span class='ocrx_word' id='word_1_200' title='bbox 185 2596 351 2659; x_wconf 84' lang='grc' dir='ltr'>ιιπωμθτιαν</span> <span class='ocrx_word' id='word_1_201' title='bbox 374 2597 397 2644; x_wconf 87' lang='grc' dir='ltr'><strong>Α</strong></span> <span class='ocrx_word' id='word_1_202' title='bbox 420 2607 475 2658; x_wconf 77' lang='lat' dir='ltr'>pn,</span> <span class='ocrx_word' id='word_1_203' title='bbox 500 2590 574 2652; x_wconf 87' lang='lat' dir='ltr'><strong>quod</strong></span> <span class='ocrx_word' id='word_1_204' title='bbox 597 2598 700 2656; x_wconf 82' lang='lat' dir='ltr'><strong>puncto</strong></span> <span class='ocrx_word' id='word_1_205' title='bbox 718 2593 768 2644; x_wconf 80' lang='lat' dir='ltr'>snb</span> <span class='ocrx_word' id='word_1_206' title='bbox 787 2593 906 2645; x_wconf 77' lang='lat' dir='ltr'><strong>mediam</strong></span> <span class='ocrx_word' id='word_1_207' title='bbox 923 2593 1057 2646; x_wconf 81' lang='lat' dir='ltr'><strong>lineolam</strong></span> <span class='ocrx_word' id='word_1_208' title='bbox 1077 2595 1099 2648; x_wconf 88' lang='grc' dir='ltr'>Θ</span> 
     </span>
    </p>
   </div>
   <div class='ocr_carea' id='block_1_12' title="bbox 128 2663 595 2729">
    <p class='ocr_par' dir='ltr' id='par_1_15' title="bbox 128 2663 595 2729">
     <span class='ocr_line' id='line_1_52' title="bbox 128 2663 595 2729; baseline -0.019 -14"><span class='ocrx_word' id='word_1_209' title='bbox 128 2664 242 2715; x_wconf 83' lang='lat' dir='ltr'><strong>litterae</strong></span> <span class='ocrx_word' id='word_1_210' title='bbox 260 2664 350 2729; x_wconf 85' lang='lat' dir='ltr'><strong>posito</strong></span> <span class='ocrx_word' id='word_1_211' title='bbox 370 2663 524 2712; x_wconf 83' lang='lat' dir='ltr'><strong>correctum</strong></span> <span class='ocrx_word' id='word_1_212' title='bbox 544 2663 595 2712; x_wconf 84' lang='lat' dir='ltr'><strong>eet.</strong></span> 
     </span>
    </p>
   </div>
   <div class='ocr_carea' id='block_1_13' title="bbox 127 2747 1143 2979">
    <p class='ocr_par' dir='ltr' id='par_1_16' title="bbox 127 2747 1143 2979">
     <span class='ocr_line' id='line_1_53' title="bbox 197 2747 1098 2824; baseline 0.003 -17"><span class='ocrx_word' id='word_1_213' title='bbox 197 2756 254 2807; x_wconf 82' lang='lat'>001.</span> <span class='ocrx_word' id='word_1_214' title='bbox 272 2755 373 2806; x_wconf 84' lang='lat' dir='ltr'>XXIII.</span> <span class='ocrx_word' id='word_1_215' title='bbox 410 2754 424 2801; x_wconf 95' lang='lat'>1</span> <span class='ocrx_word' id='word_1_216' title='bbox 444 2747 555 2802; x_wconf 83' lang='grc' dir='ltr'>εἰειὲναι</span> <span class='ocrx_word' id='word_1_217' title='bbox 573 2748 612 2803; x_wconf 78' lang='grc' dir='ltr'>εἰ(</span> <span class='ocrx_word' id='word_1_218' title='bbox 630 2751 665 2804; x_wconf 85' lang='grc' dir='ltr'>τὸ</span> <span class='ocrx_word' id='word_1_219' title='bbox 683 2752 859 2819; x_wconf 81' lang='grc' dir='ltr'>δικαετήριον</span> <span class='ocrx_word' id='word_1_220' title='bbox 876 2755 911 2809; x_wconf 79' lang='grc' dir='ltr'>οἱ,</span> <span class='ocrx_word' id='word_1_221' title='bbox 924 2754 1030 2806; x_wconf 83' lang='lat' dir='ltr'><strong>Bakius</strong></span> <span class='ocrx_word' id='word_1_222' title='bbox 1050 2774 1098 2824; x_wconf 83' lang='lat' dir='ltr'>ep.</span> 
     </span>
     <span class='ocr_line' id='line_1_54' title="bbox 129 2821 1098 2887; baseline 0.002 -12"><span class='ocrx_word' id='word_1_223' title='bbox 129 2824 178 2875; x_wconf 85' lang='lat' dir='ltr'>cb.</span> <span class='ocrx_word' id='word_1_224' title='bbox 200 2852 234 2860; x_wconf 95' lang='grc'>-</span> <span class='ocrx_word' id='word_1_225' title='bbox 256 2827 271 2875; x_wconf 88' lang='grc'><strong>3</strong></span> <span class='ocrx_word' id='word_1_226' title='bbox 291 2837 347 2874; x_wconf 89' lang='grc' dir='ltr'>που</span> <span class='ocrx_word' id='word_1_227' title='bbox 365 2821 390 2870; x_wconf 87' lang='grc' dir='ltr'><strong>Α</strong></span> <span class='ocrx_word' id='word_1_228' title='bbox 407 2835 447 2884; x_wconf 89' lang='lat' dir='ltr'>pr.</span> <span class='ocrx_word' id='word_1_229' title='bbox 469 2844 503 2853; x_wconf 89' lang='lat'>-—</span> <span class='ocrx_word' id='word_1_230' title='bbox 526 2821 700 2887; x_wconf 80' lang='grc' dir='ltr'>δευναγαγη</span> <span class='ocrx_word' id='word_1_231' title='bbox 718 2823 751 2874; x_wconf 88' lang='lat' dir='ltr'>A.</span> <span class='ocrx_word' id='word_1_232' title='bbox 780 2849 811 2858; x_wconf 92' lang='lat'><em>-</em></span> <span class='ocrx_word' id='word_1_233' title='bbox 839 2825 872 2873; x_wconf 91' lang='lat'>10</span> <span class='ocrx_word' id='word_1_234' title='bbox 888 2835 931 2874; x_wconf 92' lang='grc' dir='ltr'>τω</span> <span class='ocrx_word' id='word_1_235' title='bbox 949 2824 982 2872; x_wconf 84' lang='grc' dir='ltr'>Α.</span> <span class='ocrx_word' id='word_1_236' title='bbox 1006 2850 1038 2859; x_wconf 97' lang='grc'>-</span> <span class='ocrx_word' id='word_1_237' title='bbox 1066 2829 1098 2877; x_wconf 87' lang='grc'>16</span> 
     </span>
     <span class='ocr_line' id='line_1_55' title="bbox 127 2890 1143 2979; baseline 0.002 -35"><span class='ocrx_word' id='word_1_238' title='bbox 127 2895 229 2944; x_wconf 82' lang='grc' dir='ltr'>παντῑῡ</span> <span class='ocrx_word' id='word_1_239' title='bbox 246 2891 279 2941; x_wconf 82' lang='grc' dir='ltr'>Α.</span> <span class='ocrx_word' id='word_1_240' title='bbox 307 2916 340 2926; x_wconf 82' lang='grc'>-</span> <span class='ocrx_word' id='word_1_241' title='bbox 366 2890 399 2938; x_wconf 82' lang='grc'>20</span> <span class='ocrx_word' id='word_1_242' title='bbox 417 2900 684 2954; x_wconf 85' lang='grc' dir='ltr'>κατατωνρητορων</span> <span class='ocrx_word' id='word_1_243' title='bbox 705 2890 729 2940; x_wconf 82' lang='grc' dir='ltr'><strong>Α</strong></span> <span class='ocrx_word' id='word_1_244' title='bbox 747 2906 787 2956; x_wconf 82' lang='lat' dir='ltr'>pr.</span> <span class='ocrx_word' id='word_1_245' title='bbox 816 2917 849 2925; x_wconf 98' lang='lat'><em>-</em></span> <span class='ocrx_word' id='word_1_246' title='bbox 875 2893 909 2940; x_wconf 79' lang='lat'>24</span> <span class='ocrx_word' id='word_1_247' title='bbox 931 2890 1098 2958; x_wconf 69' lang='lat' dir='ltr'><strong>eiionntva</strong></span> <span class='ocrx_word' id='word_1_248' title='bbox 1112 2919 1143 2979; x_wconf 52' lang='lat' dir='ltr'>A,</span> 
     </span>
    </p>
   </div>
   <div class='ocr_carea' id='block_1_14' title="bbox 125 2973 1098 3280">
    <p class='ocr_par' dir='ltr' id='par_1_17' title="bbox 125 2973 1098 3280">
     <span class='ocr_line' id='line_1_56' title="bbox 125 2973 1098 3077; baseline 0.002 -17"><span class='ocrx_word' id='word_1_249' title='bbox 125 3013 150 3061; x_wconf 89' lang='lat' dir='ltr'>A</span> <span class='ocrx_word' id='word_1_250' title='bbox 168 3027 221 3077; x_wconf 89' lang='lat' dir='ltr'><strong>pr.;</strong></span> <span class='ocrx_word' id='word_1_251' title='bbox 246 3024 314 3062; x_wconf 85' lang='lat' dir='ltr'><strong>corr.</strong></span> <span class='ocrx_word' id='word_1_252' title='bbox 335 3007 356 3059; x_wconf 93' lang='grc' dir='ltr'>Ν</span> <span class='ocrx_word' id='word_1_253' title='bbox 376 3005 485 3056; x_wconf 82' lang='lat' dir='ltr'><strong>addidit</strong></span> <span class='ocrx_word' id='word_1_254' title='bbox 503 3011 532 3056; x_wconf 90' lang='lat' dir='ltr'><strong>et</strong></span> <span class='ocrx_word' id='word_1_255' title='bbox 550 3006 572 3058; x_wconf 89' lang='grc' dir='ltr'>Α</span> <span class='ocrx_word' id='word_1_256' title='bbox 591 3005 753 3058; x_wconf 81' lang='lat' dir='ltr'><strong>transfixum</strong></span> <span class='ocrx_word' id='word_1_257' title='bbox 771 3008 885 3061; x_wconf 86' lang='lat' dir='ltr'><strong>delevit.</strong></span> <span class='ocrx_word' id='word_1_258' title='bbox 910 3035 946 3045; x_wconf 94' lang='lat'>—</span> <span class='ocrx_word' id='word_1_259' title='bbox 971 3010 1004 3059; x_wconf 77' lang='lat'>2⁷</span> <span class='ocrx_word' id='word_1_260' title='bbox 1022 2973 1098 3074; x_wconf 59' lang='grc' dir='ltr'>ιειιταε</span> 
     </span>
     <span class='ocr_line' id='line_1_57' title="bbox 125 3073 1098 3144; baseline 0.003 -15"><span class='ocrx_word' id='word_1_261' title='bbox 125 3081 167 3143; x_wconf 87' lang='grc' dir='ltr'>Α.,</span> <span class='ocrx_word' id='word_1_262' title='bbox 187 3081 287 3144; x_wconf 81' lang='lat' dir='ltr'><strong>puncto</strong></span> <span class='ocrx_word' id='word_1_263' title='bbox 306 3090 389 3140; x_wconf 82' lang='lat' dir='ltr'><strong>supra</strong></span> <span class='ocrx_word' id='word_1_264' title='bbox 408 3073 429 3126; x_wconf 96' lang='grc' dir='ltr'>Η</span> <span class='ocrx_word' id='word_1_265' title='bbox 449 3073 573 3126; x_wconf 77' lang='lat' dir='ltr'><strong>litteram</strong></span> <span class='ocrx_word' id='word_1_266' title='bbox 586 3075 694 3137; x_wconf 67' lang='lat' dir='ltr'><strong>edditm</strong></span> <span class='ocrx_word' id='word_1_267' title='bbox 713 3075 785 3127; x_wconf 88' lang='lat' dir='ltr'><strong>unde</strong></span> <span class='ocrx_word' id='word_1_268' title='bbox 805 3073 829 3128; x_wconf 85' lang='grc' dir='ltr'>εἰ</span> <span class='ocrx_word' id='word_1_269' title='bbox 841 3075 892 3128; x_wconf 76' lang='grc' dir='ltr'>τὰ(</span> <span class='ocrx_word' id='word_1_270' title='bbox 905 3091 1001 3128; x_wconf 85' lang='lat' dir='ltr'><strong>omnes</strong></span> <span class='ocrx_word' id='word_1_271' title='bbox 1012 3094 1098 3144; x_wconf 87' lang='lat' dir='ltr'><strong>pree-</strong></span> 
     </span>
     <span class='ocr_line' id='line_1_58' title="bbox 125 3139 1097 3211; baseline 0.002 -14"><span class='ocrx_word' id='word_1_272' title='bbox 125 3153 169 3198; x_wconf 85' lang='lat' dir='ltr'><strong>ter</strong></span> <span class='ocrx_word' id='word_1_273' title='bbox 186 3146 232 3211; x_wconf 82' lang='grc'>0.,</span> <span class='ocrx_word' id='word_1_274' title='bbox 255 3145 302 3209; x_wconf 88' lang='lat' dir='ltr'>qui</span> <span class='ocrx_word' id='word_1_275' title='bbox 319 3141 337 3206; x_wconf 91' lang='grc' dir='ltr'>ἢ</span> <span class='ocrx_word' id='word_1_276' title='bbox 357 3139 381 3193; x_wconf 87' lang='grc' dir='ltr'>εἰ</span> <span class='ocrx_word' id='word_1_277' title='bbox 398 3141 449 3195; x_wconf 83' lang='grc' dir='ltr'>τὰ(</span> <span class='ocrx_word' id='word_1_278' title='bbox 467 3143 562 3198; x_wconf 87' lang='lat' dir='ltr'><strong>edidit.</strong></span> <span class='ocrx_word' id='word_1_279' title='bbox 599 3143 707 3195; x_wconf 83' lang='lat' dir='ltr'><strong>Cobeto</strong></span> <span class='ocrx_word' id='word_1_280' title='bbox 728 3151 823 3195; x_wconf 83' lang='lat' dir='ltr'><strong>temen</strong></span> <span class='ocrx_word' id='word_1_281' title='bbox 845 3150 909 3211; x_wconf 88' lang='lat' dir='ltr'><strong>post</strong></span> <span class='ocrx_word' id='word_1_282' title='bbox 925 3143 1021 3199; x_wconf 75' lang='grc' dir='ltr'>οὕτω(</span> <span class='ocrx_word' id='word_1_283' title='bbox 1036 3148 1097 3199; x_wconf 59' lang='grc' dir='ltr'>7αῖῖ-</span> 
     </span>
     <span class='ocr_line' id='line_1_59' title="bbox 126 3210 787 3280; baseline -0.003 -15"><span class='ocrx_word' id='word_1_284' title='bbox 126 3230 180 3280; x_wconf 85' lang='lat' dir='ltr'>que</span> <span class='ocrx_word' id='word_1_285' title='bbox 197 3211 374 3264; x_wconf 79' lang='lat' dir='ltr'><strong>intercidisse</strong></span> <span class='ocrx_word' id='word_1_286' title='bbox 393 3211 531 3262; x_wconf 86' lang='lat' dir='ltr'><strong>videntur.</strong></span> <span class='ocrx_word' id='word_1_287' title='bbox 561 3212 597 3265; x_wconf 86' lang='lat' dir='ltr'>ef.</span> <span class='ocrx_word' id='word_1_288' title='bbox 618 3210 661 3267; x_wconf 83' lang='lat' dir='ltr'>L.¹</span> <span class='ocrx_word' id='word_1_289' title='bbox 683 3228 709 3278; x_wconf 89' lang='lat' dir='ltr'>p.</span> <span class='ocrx_word' id='word_1_290' title='bbox 728 3213 787 3263; x_wconf 82' lang='lat'>518.</span> 
     </span>
    </p>
   </div>
   <div class='ocr_carea' id='block_1_15' title="bbox 114 3304 1096 3582">
    <p class='ocr_par' dir='ltr' id='par_1_18' title="bbox 114 3304 1096 3582">
     <span class='ocr_line' id='line_1_60' title="bbox 194 3304 1096 3371; baseline 0.007 -16"><span class='ocrx_word' id='word_1_291' title='bbox 194 3305 252 3356; x_wconf 83' lang='lat' dir='ltr'>Col.</span> <span class='ocrx_word' id='word_1_292' title='bbox 269 3304 369 3356; x_wconf 86' lang='lat' dir='ltr'>XXIV.</span> <span class='ocrx_word' id='word_1_293' title='bbox 409 3309 425 3356; x_wconf 87' lang='lat'><strong>3</strong></span> <span class='ocrx_word' id='word_1_294' title='bbox 448 3304 625 3370; x_wconf 75' lang='grc' dir='ltr'>ἐκαρποῦντο</span> <span class='ocrx_word' id='word_1_295' title='bbox 642 3307 692 3370; x_wconf 89' lang='grc' dir='ltr'>Κ.,</span> <span class='ocrx_word' id='word_1_296' title='bbox 715 3307 763 3371; x_wconf 88' lang='lat' dir='ltr'>qui</span> <span class='ocrx_word' id='word_1_297' title='bbox 781 3310 810 3356; x_wconf 91' lang='lat' dir='ltr'><strong>et</strong></span> <span class='ocrx_word' id='word_1_298' title='bbox 828 3304 927 3358; x_wconf 79' lang='grc' dir='ltr'>αὐτῶν</span> <span class='ocrx_word' id='word_1_299' title='bbox 944 3322 970 3359; x_wconf 83' lang='grc' dir='ltr'>ν.</span> <span class='ocrx_word' id='word_1_300' title='bbox 989 3309 1007 3358; x_wconf 85' lang='grc'>4</span> <span class='ocrx_word' id='word_1_301' title='bbox 1025 3310 1096 3362; x_wconf 81' lang='lat' dir='ltr'><strong>seri·</strong></span> 
     </span>
     <span class='ocr_line' id='line_1_61' title="bbox 124 3372 1096 3440; baseline 0.005 -16"><span class='ocrx_word' id='word_1_302' title='bbox 124 3373 244 3424; x_wconf 86' lang='lat' dir='ltr'><strong>bendum</strong></span> <span class='ocrx_word' id='word_1_303' title='bbox 256 3374 375 3438; x_wconf 80' lang='lat' dir='ltr'><strong>putavit,</strong></span> <span class='ocrx_word' id='word_1_304' title='bbox 394 3373 444 3425; x_wconf 83' lang='lat' dir='ltr'>sed</span> <span class='ocrx_word' id='word_1_305' title='bbox 461 3379 560 3439; x_wconf 84' lang='lat' dir='ltr'><strong>postea</strong></span> <span class='ocrx_word' id='word_1_306' title='bbox 572 3380 601 3424; x_wconf 90' lang='lat' dir='ltr'><strong>et</strong></span> <span class='ocrx_word' id='word_1_307' title='bbox 612 3375 672 3439; x_wconf 86' lang='lat' dir='ltr'><strong>ipse</strong></span> <span class='ocrx_word' id='word_1_308' title='bbox 685 3372 784 3425; x_wconf 85' lang='grc' dir='ltr'>αὐτῶν</span> <span class='ocrx_word' id='word_1_309' title='bbox 797 3375 921 3440; x_wconf 77' lang='lat' dir='ltr'><strong>agnovit.</strong></span> <span class='ocrx_word' id='word_1_310' title='bbox 940 3401 975 3411; x_wconf 93' lang='lat'><em>-</em></span> <span class='ocrx_word' id='word_1_311' title='bbox 991 3375 1096 3428; x_wconf 81' lang='lat' dir='ltr'><strong>Versui</strong></span> 
     </span>
     <span class='ocr_line' id='line_1_62' title="bbox 124 3441 1094 3512; baseline 0.005 -21"><span class='ocrx_word' id='word_1_312' title='bbox 124 3441 244 3493; x_wconf 85' lang='lat' dir='ltr'><strong>seeundo</strong></span> <span class='ocrx_word' id='word_1_313' title='bbox 257 3441 388 3506; x_wconf 83' lang='lat' dir='ltr'><strong>fortasse,</strong></span> <span class='ocrx_word' id='word_1_314' title='bbox 405 3458 497 3493; x_wconf 86' lang='lat' dir='ltr'><strong>errore</strong></span> <span class='ocrx_word' id='word_1_315' title='bbox 510 3442 651 3504; x_wconf 83' lang='lat' dir='ltr'><strong>videlieet,</strong></span> <span class='ocrx_word' id='word_1_316' title='bbox 669 3443 857 3508; x_wconf 85' lang='lat' dir='ltr'><strong>interpunctio</strong></span> <span class='ocrx_word' id='word_1_317' title='bbox 870 3443 1014 3509; x_wconf 79' lang='lat' dir='ltr'><strong>supposita</strong></span> <span class='ocrx_word' id='word_1_318' title='bbox 1028 3445 1094 3512; x_wconf 86' lang='lat' dir='ltr'><strong>fuit,</strong></span> 
     </span>
     <span class='ocr_line' id='line_1_63' title="bbox 114 3510 1095 3582; baseline 0.003 -21"><span class='ocrx_word' id='word_1_319' title='bbox 114 3525 189 3577; x_wconf 77' lang='lat' dir='ltr'>qnae</span> <span class='ocrx_word' id='word_1_320' title='bbox 205 3512 334 3581; x_wconf 77' lang='lat' dir='ltr'><strong>proximo</strong></span> <span class='ocrx_word' id='word_1_321' title='bbox 352 3511 444 3582; x_wconf 78' lang='lat' dir='ltr'><strong>magis</strong></span> <span class='ocrx_word' id='word_1_322' title='bbox 461 3511 660 3567; x_wconf 70' lang='lat' dir='ltr'><strong>conveniebat.</strong></span> <span class='ocrx_word' id='word_1_323' title='bbox 680 3537 713 3547; x_wconf 94' lang='lat'>-</span> <span class='ocrx_word' id='word_1_324' title='bbox 734 3513 750 3562; x_wconf 75' lang='lat' dir='ltr'><strong>t</strong></span> <span class='ocrx_word' id='word_1_325' title='bbox 768 3510 940 3574; x_wconf 69' lang='grc' dir='ltr'>ειεαττεῖιαε</span> <span class='ocrx_word' id='word_1_326' title='bbox 957 3511 981 3561; x_wconf 86' lang='grc' dir='ltr'><strong>Α</strong></span> <span class='ocrx_word' id='word_1_327' title='bbox 999 3528 1040 3577; x_wconf 82' lang='lat' dir='ltr'>pr.</span> <span class='ocrx_word' id='word_1_328' title='bbox 1058 3540 1095 3550; x_wconf 89' lang='lat'>—</span> 
     </span>
    </p>
   </div>
   <div class='ocr_carea' id='block_1_16' title="bbox 0 0 1174 3916">
    <p class='ocr_par' dir='ltr' id='par_1_19' title="bbox 0 0 1174 3916">
     <span class='ocr_line' id='line_1_64' title="bbox 0 0 1174 3916; baseline 0 4"><span class='ocrx_word' id='word_1_329' title='bbox 0 0 1174 3916; x_wconf 95' lang='lat' dir='ltr'> </span> 
     </span>
    </p>
   </div>
  </div>
 </body>
</html>
