2340 3916
323 226 414 276 ΠΕΡΙ
432 224 506 276 ΤΩΝ
523 224 746 277 ΜΤΣΤΗΡΙΩΝ
986 222 1025 287 19

52 364 182 446 νυκτὸς
201 368 345 454 σημῆναι
370 369 412 454 τῇ
433 365 591 451 σάλπιγγι
612 362 703 453 ἥκειν
721 372 770 445 είς
788 365 827 434 τὸ
841 363 1025 453 Ἀνάκειον,

54 468 118 557 τὴν
137 466 175 536 δὲ
193 467 324 556 βουλὴν
342 475 390 547 είς
409 465 595 553 ἀκρόπολιν
615 468 700 536 ἰέναι
718 465 815 535 κάκεῑ
829 466 1023 553 καθεύδειν,

55 570 138 649 τούς
153 568 189 638 δὲ
205 568 386 657 πρυτάνεις
403 571 439 637 ἐν
453 571 495 656 τῇ
509 568 614 659 δόλῳ.
643 569 785 637 Βοιωτοὶ
803 567 1025 654 δὲπεπυσμί-

54 698 110 740 νοτ
133 670 174 739 τὰ
193 671 372 757 πράγματα
399 672 453 738 ἐπὶ
475 685 548 750 τοῖς
573 669 679 759 ὁρίοις
703 660 789 757 ἦσαν
809 671 1024 756 ἐξεστρατευ-

55 773 161 861 μένοι.
188 773 249 839 τὸν
267 772 304 841 δὲ
322 776 391 839 τῶν
410 774 524 839 κακῶν
543 771 676 840 τούτων
695 781 803 839 αἴτιον
822 774 1025 859 Διοκλείδην

57 874 104 954 αἱς
129 877 261 962 σωτῆρα
286 871 368 941 ὄντα
391 875 449 960 της
474 872 601 954 πόλεως
622 875 676 941 ἐπὶ
701 873 842 959 ζεύγους
867 863 951 959 ἦγον
976 879 1025 952 είς

55 976 94 1045 τὸ
114 989 320 1062 πρυτανεῖον
339 975 633 1062 στεφανώσαντες,
651 976 708 1042 καὶ
729 977 876 1043 ἐδείπνει
895 975 971 1043 ἐκεῖ.

135 1078 279 1165 Πρῶτον
293 1075 356 1163 μὲν
372 1066 436 1144 οὖν
449 1079 577 1163 ταῦτα,
597 1067 622 1143 ὦ
637 1074 759 1164 ἅνδρες
768 1129 778 1164 ,
792 1074 910 1144 ὁπόσοι
923 1075 1022 1163 ύμῶν
1039 1095 1074 1145 46

55 1181 226 1265 παρῆσαν,
236 1177 529 1266 ἀναμιμνήσκεσθε
539 1180 596 1246 καλ
606 1178 687 1257 τούς
697 1176 824 1257 άλλους
835 1177 1023 1246 διδάσκετε·

56 1278 130 1347 εἶτα
149 1281 190 1347 δέ
210 1306 266 1365 μοι
284 1279 364 1359 τούς
384 1279 565 1366 πρυτάνεις
583 1279 676 1347 κάλει
701 1278 781 1359 τούς
799 1279 873 1348 τότε
893 1306 1023 1368 πρυτα-

56 1381 267 1469 νεύσαντας,
289 1381 478 1469 Φιλοκράτη
497 1381 652 1461 καὶτοὺς
672 1378 806 1460 ἄλλους.

437 1527 647 1579 ΜΑΡΤΤΡΕΣ.

136 1686 222 1772 Φέρε
248 1684 308 1773 δη,
341 1685 462 1753 καὶτὰ
489 1683 639 1771 ὀνόματα
672 1684 755 1773 ύμῖν
786 1683 1024 1771 άναγνάσομαι
1043 1704 1075 1753 47

54 1788 125 1854 τῶν
151 1785 288 1874 ἀνδρῶν
314 1775 362 1854 ὧν
387 1784 603 1874 ἀπέγραψεν,
635 1785 682 1853 ἵν’
710 1788 818 1872 είδῆτε
844 1783 946 1865 ὅσους
970 1814 1026 1872 μοι

54 1890 125 1956 τῶν
144 1890 321 1974 συγγενῶν
344 1886 545 1974 άπιάλλυεν,
571 1889 705 1976 πρῶτον
724 1886 786 1974 μὲν
804 1884 865 1954 τὸν
884 1888 1024 1974 πατέρα,

55 1988 128 2058 εἶτα
146 1989 183 2058 δὲ
197 1991 258 2058 τὸν
272 1990 448 2078 κηδεστήν,
462 1989 522 2057 τδν
536 1987 599 2076 μὲν
615 1987 793 2058 συνειδότα
808 1987 1025 2076 άποδεικνύς,

55 2089 170 2159 τοῦδ’
199 2095 236 2160 ἐν
259 2094 299 2180 τῇ
327 2098 418 2183 οίκίηι
444 2090 586 2179 φάσκων
610 2090 672 2177 τὴν
691 2090 838 2160 σύνοδον
857 2091 1023 2177 γενέσθαι.

54 2194 125 2260 τῶν
149 2190 181 2261 δ’
209 2191 322 2261 ἄλλων
346 2191 535 2262 άκούσεσθε
559 2193 599 2260 τά
619 2191 777 2281 ὀνόματα.
815 2194 883 2262 Καὶ
906 2191 1025 2272 αὐτοῖς

56 2293 302 2380 άναγίγνωσκε.

141 2391 295 2469 Χαρμίδης
309 2387 541 2470 Ἇργστοτίλους·

55 2471 155 2558 οὗτος
174 2478 310 2559 άνεψιός
331 2479 423 2566 ε’μύς·
443 2478 464 2568 ἡ
482 2480 589 2569 μήτηρ
607 2476 628 2567 ἡ
647 2481 780 2548 ἐκείνου
799 2479 855 2546 καὶ
874 2477 892 2545 ὁ
914 2478 1023 2567 πατὴρ

55 2581 73 2649 ὁ
96 2581 174 2668 ε’μδς
194 2580 345 2670 άδελφοί

124 2720 359 2806 στεφανώσαντες
372 2727 407 2777 Α(1
422 2743 460 2792 pr
479 2728 497 2793 (,
502 2719 745 2792 ,στεφανώσαντες
758 2728 781 2777 Δ
794 2728 823 2776 ni
841 2725 943 2777 fallor“
957 2723 1022 2791 Bk)

54 2796 121 2848 Bk:
142 2788 380 2871 στεφανώσοντες,

122 2865 167 2912 46
191 2863 221 2914 Φ.
240 2861 290 2912 καὶ
314 2856 381 2921 τούς
405 2852 510 2922 ἄλλους
534 2878 594 2913 cum
616 2862 648 2911 R.
671 2862 739 2914 Bk:
767 2861 832 2912 libri
858 2866 921 2926 post
946 2861 973 2916 h.
993 2877 1017 2913 v.

54 2931 108 2981 itte
111 2936 159 2980 ant
179 2925 340 2981 διδάσκετε

122 3000 164 3052 47
184 2989 409 3064 άπέγραφενΑΒ
420 2997 483 3046 Bk:
504 2991 683 3077 ἔγραψεν-
651 2986 894 3075 -άναγίνωσκε,
912 2996 1024 3046 ..Ak—

54 3055 1023 3199 ιιαιίκαίκκκκιαιαιαίαίξαναν

54 3216 134 3260 νικος
148 3202 249 3252 ABLZ
263 3201 352 3251 Schol
363 3200 408 3249 Ar.
419 3200 490 3251 Nub.
503 3201 567 3250 1087
581 3199 689 3251 confert
701 3199 755 3262 Sl.;
768 3206 863 3249 eontra
873 3200 944 3251 Κο
936 3216 964 3248 m
975 3216 1023 3250 vo

55 3258 184 3318 cabulo'
170 3283 265 3334 ορχησ.
279 3268 366 3333 patris
377 3283 475 3318 nomen
485 3266 573 3318 latere
584 3273 633 3333 put
622 3271 714 3318 te-at
685 3273 790 3353 —post
800 3266 932 3350 Κριτίας
957 3258 1022 3317 άνε-

54 3328 295 3401 mdclegebantm
305 3336 394 3387 male
386 3325 942 3401 ιτοτκταΕύκρατίαςοΝικίονάδελφός,
951 3350 1021 3398 quae

55 3408 130 3456 auct.
150 3405 181 3453 R
202 3404 254 3457 del
274 3403 376 3454 Bk.-
345 3408 440 3454 -tee
444 3419 516 3453 erum
535 3403 564 3452 in
581 3403 634 3452 hoe
651 3401 743 3452 indice
758 3401 863 3483 aliquid
882 3401 1022 3451 turbatum

58 3486 118 3520 esse
140 3472 277 3521 evincitur
300 3487 313 3520 e
334 3472 349 3532 ξ
368 3472 413 3523 68:
438 3465 557 3535 άνεψιοὶ
580 3473 669 3536 τρεῖς,
687 3468 743 3520 τῶν
762 3461 856 3521 ἄλλων
874 3468 1021 3536 συγγενῶν

56 3530 137 3592 ἑπτά
176 3555 239 3588 nam
265 3539 374 3589 etiamsi
397 3540 436 3591 ibi
460 3554 519 3589 cum
541 3538 579 3590 sl.
598 3534 684 3590 πέντε
707 3553 755 3603 pro
780 3529 851 3588 επτά
874 3537 1023 3600 rescribas

839 3620 875 3673 522
