2340 3916
366 219 488 279 ΚΑΤΑ
513 217 778 274 TIMAPXOY.
1003 214 1044 278 15

89 380 155 464 γὰρ
173 376 235 465 την
253 383 340 447 ίδίαν
357 382 465 444 οἰκίαν
483 381 593 452 κακῶς
611 374 791 458 οἰκήσαντα
809 378 863 443 καί
882 375 920 444 τά
945 375 1041 445 κοινά

90 485 147 561 της
158 477 285 554 πόλεως
295 480 530 559 παραπλησίως
547 470 692 559 ἡγήσατο
711 474 891 561 διαθεῖναι,
914 477 968 542 καὶ
980 474 1042 542 οῦκ

91 574 200 640 ἐδόκει
212 570 286 642 οἷόν
296 571 325 640 τ’
341 571 481 661 εἶναιτῷ
493 571 659 655 νομοθέτη
669 566 730 636 τόν
742 567 846 637 αὐτόν
857 569 1045 653 ἀνθρωπον

92 675 158 759 ἰδίᾳ
170 671 230 757 μὲν
242 670 326 739 εἶναι
338 666 498 755 πονηρόν,
510 672 651 755 δημοσίᾳ
664 666 698 734 δέ
708 665 862 753 χρηστόν,
875 666 937 735 οῦδ
941 668 949 693 ’
961 667 1042 758 ᾤετο

92 777 163 839 δεῖν
180 768 198 839 ὁ
217 777 402 858 νομοθέτης
419 767 480 837 τόν
496 769 619 855 ῥήτορα
637 766 732 854 ἥκειν
750 771 802 836 ε’πί
820 767 857 835 τό
871 776 960 856 βῆμα
976 777 1043 836 τῶν

35 879 69 931 31
93 869 204 954 λόγων
221 872 461 955 ἐπιμεληθέντα
472 867 646 954 πρότερον,
659 864 730 934 ἀλλ’
751 865 793 934 ού
810 877 871 935 τοῦ
881 876 966 956 βίον.
989 871 1043 936 καὶ
1062 882 1099 936 56

94 967 182 1051 παρά
195 968 256 1054 μὲν
267 965 389 1051 ἀνδρός
403 974 508 1034 καλοῦ
521 969 575 1047 καί
586 964 737 1053 ἀγαθοῦ,
758 963 824 1034 κάν
833 967 925 1035 πάνυ
936 973 1045 1045 κακῶς

94 1071 147 1135 καὶ
166 1066 277 1145 άπλῶς
293 1069 383 1155 ῥηθῇ
395 1066 508 1151 λόγος,
521 1067 663 1153 χρήσιμα
675 1066 715 1135 τά
728 1069 889 1155 λεγόμενα
900 1066 1044 1155 ἡγήσατο

95 1163 257 1243 εἶναιτοῖς
269 1163 446 1233 ἀκούουσι·
466 1164 555 1251 παρά
569 1166 604 1233 δέ
616 1164 801 1252 ἀνθρώπου
813 1172 980 1253 βδελυροῦ
992 1169 1045 1234 καὶ

95 1264 344 1348 καταγελάστως
371 1263 433 1348 μὲν
460 1266 664 1349 κεχρημένου
691 1273 738 1354 τῷ
766 1266 886 1332 ἑαυτοῦ
908 1265 1044 1352 σάματι,

94 1368 235 1447 αἰσχροῖς
252 1359 287 1428 δὲ
299 1358 360 1446 την
374 1361 531 1449 πατρῴαν
543 1359 663 1430 οὐσίαν
674 1363 947 1449 κατεδηδοκότος,
969 1361 1046 1432 οὐδ”

95 1454 137 1524 ἀν
156 1451 194 1526 εύ
212 1458 303 1525 πάνυ
320 1465 425 1545 λεχθῇ
442 1465 611 1526 συνοίσειν
628 1457 773 1547 ἡγήσατο
787 1475 855 1538 τοῖς
872 1458 1045 1528 ἀκούουσι.

39 1569 76 1622 32
95 1558 235 1636 τούτους
246 1549 311 1624 οῦν
320 1559 454 1642 ἐξείργει
465 1555 530 1625 ἀπὸ
544 1567 606 1625 τοῦ
617 1559 780 1645 βήματος,
803 1559 942 1638 τούτους
960 1557 1045 1626 ἀπα-

95 1654 227 1742 γορεύει
238 1651 281 1741 μὴ
296 1660 503 1741 δημηγορεῖν.
529 1655 588 1724 ἐὰν
606 1660 643 1724 δέ
653 1682 700 1735 τις
710 1655 798 1742 παρά
812 1664 916 1724 ταῦτα
927 1654 971 1744 μη
984 1655 1048 1743 μό-

96 1780 159 1822 νον
174 1761 268 1841 λέγη,
290 1752 373 1821 ἀλλά
392 1756 445 1822 καὶ
457 1764 651 1843 συκοφαντῇ
663 1758 717 1823 καὶ
729 1753 907 1843 ἀσελγαίνῃ
918 1757 972 1822 καὶ
983 1782 1046 1841 μη-

97 1857 164 1920 κε’τι
180 1851 240 1921 τόν
259 1863 411 1921 τοιοῦτον
428 1851 613 1938 άνθρωπον
632 1853 772 1941 δύνηται
783 1852 927 1941 φέρεινη
941 1854 1047 1938 πόλις,

98 1957 294 2039 δοκιμασίαν
302 1953 373 2039 μὲν,
386 1954 498 2038 φησίν,
509 1953 732 2038 ἐπαγγειλάτω
741 1950 953 2039 Ἀθηναίωνὸ
964 1961 1047 2040 βου-

98 2051 252 2136 λόμενος,
264 2044 314 2128 οἷς
326 2056 468 2136 ἔξεστιν,
481 2049 567 2137 ὑμᾶς
578 2049 610 2118 δ’
622 2051 685 2139 ἤδη
697 2051 823 2120 κελεύει
834 2053 1047 2137 περὶτούτων

98 2151 133 2214 ἐν
149 2156 197 2236 τῷ
215 2153 411 2238 δικαστηρίῳ
430 2151 698 2236 διαγιγνώσκειν·
722 2153 776 2220 καλ
793 2160 859 2219 νῦν
880 2151 943 2238 ε’γεό
964 2148 1045 2218 κατά

98 2255 218 2314 τοῦτον
228 2243 288 2313 τόν
299 2247 406 2332 νόμον
417 2246 488 2334 ἥκω
500 2247 582 2330 πρὸς
596 2247 687 2335 ὑμᾶς.

42 2357 80 2410 33
186 2352 296 2412 Ταῦτα
307 2347 367 2431 μὲν
380 2337 442 2413 οῦν
453 2345 553 2414 πάλαι
565 2350 834 2433 νενομοθέτηται·
853 2345 945 2433 ὑμεῖς
956 2344 986 2414 δ’
1003 2351 1048 2413 ἔτι

98 2447 307 2527 προσέθεσθε
325 2443 441 2510 καινόν
457 2444 563 2529 νόμον
579 2444 659 2530 μετά
671 2443 707 2510 τό
720 2444 824 2511 καλὸν
833 2445 1048 2529 παγκράτιον,
1066 2462 1100 2516 57

99 2533 226 2620 δοῦτος
245 2546 502 2627 ἐπαγκρατίασεν
520 2545 557 2609 ἐν
576 2550 615 2630 τῇ
632 2546 803 2632 ἐκκλησίᾳ,
825 2541 1047 2628 ὑπεραισχυν-

99 2646 214 2718 θέντες
226 2641 278 2708 ἐπλ
288 2649 334 2729 τῷ
346 2639 520 2725 πράγματι,
534 2638 614 2707 καθ’
628 2640 768 2727 ἑκάστην
779 2644 954 2726 ἐκκλησίαν
964 2638 1049 2707 ἀπο-

98 2750 247 2827 κληροῦν
259 2741 371 2826 φυλην
386 2743 437 2808 ἐπὶ
454 2738 491 2807 τὸ
508 2748 613 2828 βῆμα,
625 2741 696 2828 ἥτις
706 2742 930 2827 προεδρεύσει.
955 2744 1009 2809 καὶ
1019 2750 1051 2808 τί·

99 2837 321 2924 προσέταξενὸ
335 2841 437 2917 τιθείς
448 2836 507 2906 τόν
516 2840 638 2926 νόμον;
650 2849 823 2926 καθῆσθαι
834 2842 959 2908 κελεύει
971 2839 1049 2917 τοῦς

100 2942 242 3024 φυλέτας
260 2946 471 3026 βοηθοῦντας
488 2953 555 3017 τοῖς
573 2941 686 3025 νόμοις
702 2942 756 3007 καί
773 2947 814 3026 τῇ
836 2945 1047 3026 δημοκρατίᾳ,

100 3035 159 3123 ὡς,
183 3044 213 3105 εί
228 3036 272 3124 μη
291 3038 453 3125 βοήθειάν
470 3047 578 3105 ποθεν
601 3040 880 3125 μεταπεμψόμεθα
900 3041 951 3106 ἐπὶ
970 3034 1049 3114 τοῦς

100 3137 188 3204 οὕτω
209 3137 426 3224 βεβιωκότας,
456 3135 534 3204 οὐδὲ
557 3136 781 3223 βουλεύεσθαι
807 3141 1052 3221 δυνησομένους
1069 3150 1105 3204 58

43 3260 80 3312 34
104 3235 186 3323 ἡμᾶς
195 3240 269 3323 περὶ
279 3247 346 3304 τῶν
356 3235 628 3304 σπουδαιοτάτων
639 3234 850 3321 πραγμάτων.
864 3230 974 3301 ἔστιδ’
988 3231 1048 3298 οῦ-

100 3336 294 3422 δὲνόφελος,
308 3330 523 3422 ιδἈθηναῐοι,
537 3341 641 3420 ζητεῖν
648 3333 725 3411 τοῦς
733 3333 903 3408 τοιούτους
912 3328 1048 3413 ἀνθρύ-

99 3461 183 3513 πους
199 3434 401 3502 ἀπελαύνειν
418 3432 481 3499 ἀπό
496 3441 556 3500 τοῦ
573 3433 718 3518 βήματος
729 3445 797 3509 ταῖς
809 3443 985 3514 κραυγαῖς·
1008 3423 1051 3493 ού
