2340 3916
160 210 184 260 X
555 206 771 260 PRAEFATIO.

244 358 293 422 Ea
309 361 415 422 autem
432 357 634 440 quorundam
648 355 807 420 dubitatio
827 355 908 420 mihi
924 357 976 420 vel
991 359 1128 421 maxime

162 481 274 524 causae
304 460 382 542 fuit,
411 481 467 523 cur
494 458 652 522 adicerem
674 457 825 522 Demadis
853 459 1017 541 personati
1044 459 1129 543 frag-

161 565 305 625 mentum
328 560 414 624 istud
436 559 513 643 crept
536 561 775 641 δωδεκαετίας,
804 580 867 642 quo
890 559 1054 624 luculento
1078 583 1129 624 ex-

162 663 268 746 emplo
291 666 461 746 appareret
483 682 641 745 quaenam
664 664 706 725 sit
727 660 851 724 indoles
873 661 989 724 talium
1012 663 1129 725 oratio-

161 786 249 846 num,
273 786 351 848 quas
367 762 529 847 sophistae
552 762 681 826 serioris
696 763 767 826 aevi
789 763 931 845 antiquis
947 764 1129 827 oratoribus

161 886 342 949 supponere
371 865 541 928 audebant.
588 862 680 938 Quod
713 864 931 948 fragmentum
960 868 992 928 et
1024 864 1130 947 ipsum

160 967 271 1031 multis
299 966 445 1030 fraudem
466 965 559 1047 fecit,
587 969 624 1029 ut
655 967 722 1029 eius
753 966 888 1029 oratoris
916 965 1041 1050 ingenii
1064 986 1130 1029 mo-

161 1074 352 1131 numentum
387 1087 420 1130 se
453 1065 570 1132 habere
605 1068 790 1149 crederent,
827 1088 922 1149 quem
950 1067 1129 1149 antiquitus

161 1168 238 1232 satis
269 1169 438 1233 constabat
467 1169 577 1251 scripti
609 1168 693 1233 nihil
722 1168 905 1251 reliquisse3
938 1189 1025 1232 nunc
1055 1170 1130 1250 post

162 1268 296 1352 Sauppii
330 1269 565 1352 expositionem
593 1269 699 1354 (Orat.
722 1271 791 1333 Att.
813 1268 847 1333 II
873 1291 905 1352 p.
930 1269 1012 1354 312)
1040 1269 1129 1333 dubi-

162 1369 253 1433 tandi
274 1371 409 1434 materia
430 1371 520 1435 nulla
535 1372 647 1435 relicta
662 1375 719 1436 est.
749 1370 874 1436 Prodiit
897 1374 1004 1435 autem
1026 1392 1131 1454 nuper

163 1493 180 1534 e
203 1471 311 1536 codiee
326 1470 526 1554 Florentino,
550 1494 645 1556 quem
668 1473 827 1555 excerpsit
845 1470 883 1536 R.
900 1471 1011 1536 sehon
1035 1471 1129 1550 (Her-

161 1594 228 1636 mes
250 1572 299 1636 ΠΙ
321 1595 353 1655 p.
376 1572 437 1637 277
461 1575 561 1656 sqq),
584 1573 681 1637 index
702 1573 781 1639 XIV
803 1573 1038 1637 Demadearum
1061 1595 1129 1637 ora-

99 1708 101 1711 *
161 1674 303 1757 tionum,
334 1696 416 1757 quae
443 1675 538 1738 nobis
561 1696 672 1739 omnes
700 1674 760 1739 hac
787 1696 853 1739 una
875 1678 1021 1757 excepta,
1048 1696 1129 1757 quae

161 1776 266 1858 primo
310 1776 381 1839 loeo
418 1776 454 1839 in
495 1797 533 1840 eo
577 1776 682 1840 indice
721 1780 1008 1859 commemoratur,
1051 1779 1129 1838 tern-

160 1878 249 1960 poris
270 1877 426 1942 beneficio
450 1877 574 1941 ablatae
596 1880 680 1941 sunt.
732 1876 877 1942 Fuerunt
898 1881 1006 1941 autem
1026 1899 1129 1960 paene

162 1999 274 2041 omnes
312 1978 457 2061 singulae
500 1979 636 2062 singulis
677 1977 936 2044 Demosthenieis
978 1980 1129 2043 orationi-

161 2080 221 2141 bus
249 2078 431 2161 oppositae:
461 2079 488 2141 si
510 2078 745 2143 Demosthenes
773 2079 850 2163 napi
878 2083 948 2144 cciv
977 2079 1016 2144 ἐν
1040 2084 1127 2159 Χερ-

163 2177 296 2260 ρονήσῳ
333 2179 476 2261 scripsit,
515 2179 568 2243 hic
600 2179 758 2245 Demades
794 2172 879 2263 πρὸς
914 2184 1128 2263 Χερρονησί-

162 2301 235 2359 τας,
263 2280 290 2343 01
312 2278 548 2343 Demosthenes
570 2281 622 2344 vel
645 2302 739 2345 verus
761 2282 812 2346 vel
841 2282 980 2346 creditus
1003 2281 1042 2345 de
1064 2281 1128 2344 Ha-

161 2381 307 2463 lonneso,
330 2402 389 2464 pro
412 2379 585 2464 Olynthiis,
608 2382 759 2447 adversus
781 2382 925 2466 Philippi
948 2382 1127 2465 epistulam,

162 2481 214 2546 hic
236 2482 334 2547 homo
358 2480 493 2567 (λόγον)
517 2483 676 2547 ἐναντίον
694 2481 936 2566 traconensis,
964 2480 1050 2547 κατὰ
1072 2486 1129 2565 τῆς

163 2584 210 2658 εἰς
219 2581 397 2647 Ὄλυνθον
419 2585 589 2664 βοηθείας,
613 2581 699 2667 ὑπὲρ
722 2589 781 2668 τῆς
796 2586 970 2650 Φιλίππου
994 2585 1128 2650 ἐπιστο-

162 2686 275 2766 λῆς*).
320 2683 389 2747 lam
418 2685 444 2747 si
467 2705 632 2768 compares
654 2708 727 2751 cum
754 2687 817 2750 hoe
839 2686 925 2770 quod
951 2686 1129 2750 011111001-

162 2788 227 2849 stat
256 2785 439 2870 fragmento
469 2807 506 2849 ea
529 2809 609 2870 quae
632 2808 649 2850 e
677 2786 809 2867 reliquis
836 2787 901 2849 illis
929 2786 1127 2848 orationibus

162 2887 320 2970 excerpsit
340 2886 486 2969 Tzetzes,
516 2887 649 2951 eandem
678 2884 833 2949 fabricam
854 2884 1014 2964 invenias,
1044 2883 1128 2946 idem

162 3008 278 3071 nempe
301 2988 441 3052 studium
463 2987 630 3072 ingeniose
652 2989 685 3050 et
699 2987 855 3070 exquisite
877 2984 1041 3068 loquendi,
1064 3007 1127 3067 quo

163 3089 217 3153 isti
244 3089 392 3154 homines
421 3110 459 3153 ea
486 3108 567 3170 quae
597 3087 635 3151 de
663 3085 815 3152 Demadis
845 3087 953 3151 indole
987 3087 1127 3151 oratoria

141 3191 261 3255 lando
283 3193 473 3274 acceperant
495 3187 671 3270 exprimere
693 3188 799 3252 annisi
821 3192 905 3253 sunt.
944 3186 1033 3263 Quae
1056 3210 1128 3252 cum

164 3293 210 3356 ita
231 3293 307 3375 sint,
330 3291 458 3356 veniam
473 3286 567 3353 facile
590 3311 641 3356 me
663 3291 910 3373 impetraturum
926 3313 1019 3374 spero
1043 3291 1129 3373 quod

230 3530 254 3594 ⁸)
274 3529 316 3582 Of.
337 3528 432 3581 Schbll
449 3528 466 3580 l.
486 3545 509 3580 0.
529 3545 554 3596 p.
573 3531 624 3582 280
641 3544 699 3596 sqq.
