2340 3916
146 148 206 210 126
502 145 751 203 ΑΙΣΧΙΝΟΤ

143 307 257 397 λαβῶν
267 303 344 396 μηδ’
357 303 532 384 ἀναλώσας
542 302 672 373 άποίσει
693 301 795 389 λόγον
806 309 848 390 πή
858 302 970 384 πόλεις
992 298 1093 379 αύτδς

142 407 325 496 ὑποβάλλει
334 407 389 474 καὶ
401 400 572 473 διδάσκειὸ
583 403 685 490 νόμος
695 399 717 469 δ
723 399 785 491 χρή
794 401 952 488 γράφειν·
965 402 1093 471 κελεύει

140 507 204 595 γάρ
213 503 293 574 αύτό
303 511 402 573 τοῦτο
414 501 606 590 ἐγγράφειν,
615 499 666 569 ὅτι
677 498 770 587 ,οὔτ’
781 505 902 587 ἔλαβον
913 498 1014 570 οὐδὲν
1025 509 1093 569 τῶν

139 616 196 694 τής
206 607 333 683 πόλεως
347 598 414 671 οὔτ’
427 600 617 690 άνήλωσα.“
649 596 844 669 ἀνεύθυνον
860 599 896 668 δὲ
913 601 967 667 καλ
979 597 1092 679 άνεξὲ-

120 727 260 774 ’ταστον
270 706 325 773 καί
343 701 504 790 ἀζήτητον
520 698 622 770 οὐδέν
638 703 706 768 ἐστι
715 708 783 768 τῶν
800 702 887 788 ἐντή
904 699 1006 767 πόλει.
1040 697 1092 766 ὅτι

138 809 174 875 δὲ
186 804 297 892 άληθή
309 806 410 888 λε’γῶ,
423 799 535 868 αύτῶν
545 798 710 868 άκούσατε
719 805 787 866 τῶν
798 797 920 884 νόμων.

532 903 698 964 ΝΟΜΟΙ.

214 999 315 1068 Ὅταν
334 1004 450 1068 τοίνυν
474 997 614 1083 μάλιστα
634 992 845 1082 θρασύνηται
866 1000 1088 1083 Δημοσθένης
1105 1007 1138 1061 23

69 1121 120 1174 415
138 1102 255 1184 λέγων,
265 1094 309 1176 ῶς
320 1094 373 1164 διὰ
382 1094 445 1182 τήν
454 1097 602 1163 ἐπίδοσιν
613 1088 676 1160 οὐκ
689 1096 779 1159 ἔστιν
791 1088 996 1179 ὑπεύθυνος,
1005 1095 1092 1163 ε’κεί-

17 1211 20 1217 ’
139 1194 279 1282 νοαύτῶ
297 1191 517 1279 ὑποβάλλετε·
551 1188 641 1275 ,οὐκ
658 1183 722 1259 σύν
739 1192 839 1276 ἐχρῆν
855 1211 910 1277 σε,
934 1183 1084 1279 ῶΔημό-

139 1302 276 1375 σθενες,
297 1295 390 1359 ἐάσαι
407 1287 467 1358 τδν
484 1296 551 1357 τῶν
569 1295 732 1375 λογιστῶν
749 1287 882 1375 κήρυκα
898 1294 1039 1375 κηρῦξαι
1050 1292 1087 1360 τδ

136 1391 277 1476 πάτριον
287 1393 342 1458 καί
353 1394 497 1473 ἔννομον
505 1387 659 1473 κήρυγμα
669 1392 786 1472 τοῦτο,
805 1393 853 1466 τίς
862 1387 1018 1475 βούλεται
1028 1417 1089 1458 κα-

136 1501 304 1574 τηγορείν;
333 1491 432 1554 ἔασον
454 1482 704 1572 άμφισβητήσαί
722 1504 775 1551 σοι
794 1482 855 1552 τόν
876 1487 1087 1575 βουλόμενον

135 1593 204 1654 τῶν
215 1591 376 1670 πολιτῶν,
399 1581 443 1664 ῶς
455 1581 516 1652 ούιι
528 1584 710 1668 ἐπέδωκας,
734 1579 802 1651 ἀλλ’
816 1580 880 1652 άπδ
893 1594 1026 1655 πολλῶν
1038 1579 1087 1656 ῶν

135 1689 215 1768 ἔχεις
227 1690 273 1763 εἰς
283 1681 344 1770 τήν
360 1691 427 1751 τῶν
438 1689 555 1770 τειχῶν
566 1686 760 1768 οἰκοδομίαν
776 1681 877 1768 μικρά
888 1689 1084 1774 κατέθηκας,

134 1788 212 1851 δέκα
223 1784 366 1852 τάλαντα
379 1789 425 1862 είς
434 1790 537 1850 ταῦτα
549 1785 584 1850 ἐκ
592 1788 651 1870 τῆς
662 1779 789 1860 πόλεως
797 1784 948 1869 είληφῶς.
966 1784 1011 1872 μή
1021 1784 1087 1869 άρ-

135 1888 213 1962 παζε
225 1880 286 1968 τήν
297 1887 502 1967 φιλοτιμίαν,
525 1880 608 1967 μηδὲ
626 1883 758 1966 ἐξαιροῦ
774 1888 842 1949 τῶν
853 1886 1019 1952 δικαστῶν
1029 1883 1088 1964 τὰς

137 1982 271 2067 ψήφους
287 1983 324 2048 ἐκ
341 1988 409 2048 τῶν
425 1987 561 2067 χειρῶν,
584 1978 662 2068 μηδ’
675 1986 867 2068 ἔμπροσθεν
883 1990 950 2054 τῶν
961 1985 1087 2074 νόμων,

137 2075 205 2144 ἀλλ’
217 2075 355 2162 ὕστερος
372 2078 558 2145 πολιτεύου.
591 2085 694 2147 ταῦτα
711 2077 776 2166 γάρ
794 2077 897 2164 ὀρθοί
910 2078 972 2170 τήν
983 2087 1088 2184 δημοι-

135 2179 311 2258 κρατίαν.“

65 2299 117 2353 ηις
219 2268 382 2358 Πρὸςμὲν
393 2261 456 2339 οὖν
467 2270 525 2350 τάς
536 2269 635 2351 κενάς
646 2273 839 2360 προφάσεις,
847 2271 886 2354 ἃς
896 2267 990 2343 οὗτοι
1001 2301 1083 2362 προ·
1102 2287 1134 2342 λλ

136 2377 351 2457 φασιούνται,
373 2373 467 2456 μέχρι
485 2373 585 2438 τοῦδε
606 2372 755 2458 εἰρήσθω
772 2398 844 2457 μοι·
865 2372 917 2441 ὅτι
933 2373 968 2442 δὲ
980 2371 1086 2455 ὄντως

134 2462 177 2554 ήν
188 2467 384 2548 ὑπεύθυνος
395 2464 413 2537 ὁ
424 2470 662 2557 Δημοσθένης,
681 2466 733 2538 ὅθ’
748 2461 846 2549 οὗτος
862 2469 1031 2558 εἰσήνεγκε
1043 2472 1080 2541 ιδ

133 2569 303 2657 ψήφισμα,
327 2567 439 2656 άρχων
449 2569 512 2655 μὲν
530 2569 591 2656 τήν
602 2571 654 2639 ἐπὶ
665 2577 712 2658 τῷ
723 2577 878 2658 θεωρικῷ
891 2568 1008 2656 άρχήν,
1019 2568 1085 2657 άρ-

132 2693 200 2752 χιον
212 2667 248 2735 δὲ
258 2664 321 2753 τήν
337 2675 406 2734 τῶν
416 2676 621 2754 τειχοποιῶν,
647 2666 821 2754 ούδετέρας
833 2671 872 2736 δέ
880 2693 932 2736 παι
944 2677 1012 2737 τῶν
1023 2666 1086 2756 άρ-

134 2775 203 2853 χῶν
214 2765 343 2835 τούτων
354 2766 457 2851 λόγον
467 2765 548 2852 ὑμῖν
556 2763 631 2834 οὐδ’
644 2765 795 2846 εὐθύνας
807 2762 976 2852 δεδωκῶς,
993 2763 1085 2834 ταῦτ’

133 2865 197 2953 ήδη
225 2865 424 2951 πειράσομαι
451 2862 538 2951 ὑμᾶς
565 2867 735 2935 διδάσκειν
756 2869 791 2934 ἐκ
821 2873 889 2933 τῶν
914 2868 1085 2950 δημοσίων

132 2965 344 3050 γραμμάτων.
377 2969 437 3030 καί
450 2989 507 3049 μοι
525 2961 717 3051 άνάγνωθι,
745 2967 799 3033 ε’πὶ
816 2969 906 3040 τίνος
922 2961 1085 3049 ἄρχοντος

132 3064 186 3132 καὶ
198 3070 297 3129 ποίου
307 3062 412 3149 μηνὸς
430 3064 485 3130 καὶ
496 3064 532 3130 ἐν
549 3069 613 3131 τίνι
629 3061 735 3154 ήμέρηι
751 3065 806 3132 καὶ
818 3065 855 3130 ἐν
871 3054 949 3150 ποία
961 3064 1083 3150 ἐκκλη-

132 3172 186 3252 σία
204 3161 436 3250 ἐχειροτονήθη
447 3169 670 3252 Δημοσθένης
687 3163 750 3252 τήν
766 3160 872 3251 άρχήν
889 3160 952 3249 τήν
969 3165 1021 3231 ἐπὶ
1034 3171 1081 3257 τῷ

130 3269 291 3349 θεωρικῷ.
