2340 3916
150 175 248 234 XXX
479 184 563 232 νιπΑ
585 185 786 234 Ηττυτυοιο.

99 361 132 410 22
149 344 298 406 πεεοῦειν
321 337 393 405 εἶπε
414 340 472 405 τὸν
495 338 667 419 ἐπιτάφιον
683 339 869 418 θαυμαείωε.
891 373 933 386 —-
955 340 1126 408 Φιλίππου

148 427 187 490 δὲ
208 427 302 490 πλεῖν
326 425 376 490 ἐπ’
389 424 521 506 Εὐβοίας
534 425 847 507 παρεεκευαεμένου,
870 426 1009 492 καὶτῶν
1031 426 1126 507 Ἀθη-

150 511 252 576 ναίων
267 510 412 592 εὐλαβῶς
428 509 587 592 ἐχόντων,
608 509 842 589 τετταράκοντα
860 512 997 590 τριήρεις
1012 511 1125 591 ἤθροι-

151 616 203 661 εεν
232 596 264 664 ἐξ
280 595 482 678 ἐπιδόεεωε,
510 596 561 659 καὶ
589 599 718 673 πρῶτοε
746 595 827 674 ὑπὲρ
856 593 957 660 αὑτοῦ
983 597 1123 662 καὶτοῦ

98 701 131 750 23
149 682 264 747 παιδὸε
286 680 429 746 ἐπέδωκε
452 679 511 745 δύο
534 680 679 759 τριήρειε.
707 716 750 726 -
778 679 948 747 ευετάντοε
977 682 1013 746 δέ
1035 683 1124 760 πρὸε

149 766 293 846 Δηλίου(
320 764 613 848 ἀμφιεβητήματοε,
649 766 808 844 ποτέρου(
840 768 889 830 δεῖ
913 767 1123 845 προῖεταεθαι

39 860 42 864 ’
149 856 208 916 τοῦ
230 851 330 933 ἱεροῦ,
353 850 536 930 αἱρεθέντα(
551 849 697 929 Αίεχίνου
713 853 873 917 ευνειπεῑν
895 850 914 929 ἡ
938 851 971 916 ἐξ
992 851 1122 931 Ἀρείου

149 936 257 1011 πάγου
287 937 387 1016 βουλὴ
415 935 605 1014 Ὑπερείδην
627 935 881 1015 ἐχειροτόνηεεν·
911 936 961 1001 καὶ
989 934 1122 1003 ἐκτινδ

99 1039 132 1088 24
150 1023 249 1099 λόγος
276 1020 441 1099 Δηλιακόε
475 1019 755 1100 ἐπιγεγραμμένοι.
788 1057 830 1068 -
863 1021 1052 1102 ἐπρέεβευεε
1085 1023 1122 1088 δὲ

96 1123 131 1174 2ο
148 1108 200 1171 καὶ
222 1104 305 1186 πρόε
326 1104 478 1170 Ῥοδίους.
506 1143 547 1153 -
573 1104 721 1183 ἡκόντων
742 1107 779 1171 δέ
800 1106 851 1170 καὶ
873 1107 949 1185 παρ’
970 1106 1120 1172 Ἀντιπά-

148 1210 228 1271 τρου
255 1189 435 1273 πρέεβεων,
472 1189 696 1257 ἐπαινούντων
728 1191 787 1257 τόν
823 1191 1034 1271 Ἀντίπατρον
1075 1193 1121 1257 ωε

148 1274 303 1358 χρηετόν,
342 1273 526 1354 ἀπαντήεαε
566 1275 678 1341 αὐτοί(
711 1274 817 1341 εἶπεν·
860 1274 1029 1360 ,,οίδαμεν
1070 1276 1120 1342 ότι

148 1360 283 1440 χρηετόε
305 1359 404 1442 ἐετιν,
432 1359 502 1425 ἀλλ’
523 1361 614 1441 ἡμεῖε
635 1361 665 1438 γ’
687 1360 727 1426 οὐ
750 1361 887 1440 δεόμεθα
908 1365 1045 1440 χρηετοῡ
1069 1365 1121 1427 δε-

96 1461 130 1511 26
149 1444 303 1511 επότου.“
328 1481 363 1490 -
410 1445 515 1522 ἐγεται
537 1446 567 1510 δ’
581 1444 661 1511 ἄνευ
678 1444 876 1525 ὑποκρίεεωε
890 1450 1120 1526 δημηγορῆεαι,

147 1529 199 1595 καί
221 1529 323 1609 μόνον
346 1533 517 1610 διηγεῖεθαι
538 1531 579 1595 τὰ
599 1531 800 1615 πραχθέντα,
828 1532 881 1595 καὶ
906 1531 1036 1597 τούτοιε
1059 1532 1122 1597 οὐκ

97 1632 130 1683 27
149 1615 296 1693 ἐνοχλεῖν
325 1615 403 1682 τοὺς
437 1615 592 1680 δικαετάε.
627 1653 665 1660 -
701 1615 847 1696 ἐπέμφθη
881 1617 918 1680 δὲ
949 1616 1000 1680 καί
1034 1618 1121 1696 πρὸ(

148 1699 294 1765 Ἠλείου(
316 1698 602 1782 ἀπολογηεόμενοε
624 1699 706 1779 ὑπὲρ
730 1700 915 1765 Καλλίππου
937 1703 996 1764 τοῦ
1020 1700 1120 1781 ἀθλη-

148 1789 218 1867 τοῦ,
239 1785 376 1866 ἐχοντοε
398 1783 500 1853 αἰτίαν
523 1788 652 1866 φθεῖραι
674 1787 733 1852 τὸν
756 1786 885 1869 ἀγῶνα,
912 1786 964 1850 καὶ
986 1785 1120 1867 ἐνίκηεε

97 1884 130 1935 28
150 1906 188 1916 -
217 1871 426 1952 γραψάμενος
461 1871 497 1935 δέ
524 1870 576 1935 καὶ
608 1871 667 1950 τὴν
695 1869 871 1936 Φωκίωνος
899 1871 1058 1955 δωρεάν,ι
1079 1874 1120 1951 ἣν

148 2075 267 2142 Longin.
290 2089 320 2125 π.
342 2072 392 2137 όψ.
411 2074 541 2137 XXXIV,
564 2078 589 2126 2.
619 2101 652 2111 -
680 2076 755 2137 ξ22.
785 2075 821 2128 αῖ.
839 2076 855 2138 5
873 2077 897 2126 6.
922 2074 1058 2127 Schaefer
1079 2076 1118 2141 11,

147 2144 206 2203 463,
226 2146 254 2206 1,
272 2143 321 2207 qui
339 2141 455 2192 eandem
471 2159 530 2194 rem
547 2143 593 2192 hie
611 2147 641 2193 οῖ
658 2144 750 2208 priore
771 2143 832 2195 Ιοοο
849 2144 953 2209 respiei
970 2148 1062 2209 putat.
1087 2176 1120 2185 -

148 2212 163 2272 5
176 2213 217 2261 23.
236 2212 315 2263 Dem.
329 2209 364 2260 de
379 2225 434 2264 eor.
448 2213 509 2260 134:
524 2208 785 2275 χειροτονηεάντων
797 2209 888 2262 αὐτόν
900 2209 1021 2276 (Αοοαδ.)
1034 2209 1120 2274 ὑμῶν

148 2275 276 2330 εόνδικον
294 2275 366 2342 ὑπὲρ
382 2279 434 2329 τοῦ
453 2274 531 2342 ἱεροί)
549 2280 601 2329 τοῦ
621 2276 653 2328 ἐν
664 2277 753 2345 Δήλῳ
773 2306 804 2316 -
823 2277 854 2345 (ἡ
873 2278 960 2343 βουλὴ
979 2276 997 2341 ἡ
1016 2277 1044 2331 ἐξ
1059 2278 1118 2344 Ἀρ.

147 2345 190 2410 π.)
214 2347 320 2397 τοῦτον
343 2344 394 2409 μὲν
412 2343 496 2398 εὐθὺ(
514 2344 660 2411 ἀπήλαεεν
678 2346 717 2398 ωε
735 2344 895 2411 προδότην,
920 2344 1070 2413 Ὑπερείδῃ
1089 2346 1121 2398 δὲ

147 2412 240 2478 λέγειν
258 2412 412 2478 προτέταξε
430 2413 486 2466 κτὲ.
515 2416 570 2467 vit.
587 2415 613 2464 X
632 2431 670 2466 or.
687 2414 787 2466 Aeseh.
806 2416 856 2466 840
873 2415 906 2468 Ε.
933 2413 1063 2480 Αροίίοπ.
1085 2415 1119 2467 de

146 2484 208 2535 vita
222 2482 323 2534 Aeseh.
339 2500 365 2549 p.
382 2485 433 2534 402
448 2482 492 2534 ed.
507 2488 562 2536 tur.
575 2509 609 2520 —
626 2499 652 2535 v.
666 2483 777 2549 Sauppe
792 2481 826 2534 Ο.
840 2482 872 2534 Α.
885 2483 927 2546 11,
946 2483 996 2534 285
1010 2487 1040 2533 et
1052 2485 1118 2545 309;

147 2550 283 2602 Schaefer
299 2551 336 2614 ΙΙ,
355 2551 415 2604 347.
433 2577 467 2586 -
488 2552 562 2614 524.
582 2550 618 2601 ef.
638 2549 751 2617 Sauppe
770 2549 803 2601 Ο.
821 2551 853 2602 A.
871 2550 910 2613 11,
928 2553 991 2612 3003
1012 2549 1119 2603 Sohae-

147 2618 323 2683 fer11,452.
345 2645 377 2656 —·
404 2620 479 2680 525.
505 2619 601 2670 eadem
619 2623 734 2670 auctore
752 2617 872 2671 Stobaeo
891 2617 998 2681 (Floril.
1018 2621 1058 2678 13,
1073 2617 1120 2683 31)

146 2687 204 2752 Hip
226 2690 336 2737 oerates
362 2687 432 2736 dixit
454 2686 590 2739 adversus
612 2702 674 2737 eum
698 2687 745 2752 qui
773 2687 909 2738 suadebat
939 2685 975 2737 ad
996 2685 1120 2738 Xerxem

146 2769 196 2820 pro
218 2755 293 2807 οἰεαί.
312 2786 346 2794 -
364 2756 379 2816 ἕ
396 2756 438 2805 26.
457 2755 494 2804 ef.
512 2754 646 2805 'Pimoelis
660 2754 750 2806 locum
762 2754 836 2805 male
849 2759 1015 2840 corruptpm,
1036 2769 1121 2820 quem

148 2820 1120 2955 αγρίππα,αυκαηπωκνίκα

147 2956 311 3021 νιουμένουε
329 2954 462 3021 χρήματι,
488 2955 571 3009 δευτέ
590 2972 625 3009 αν
647 2957 678 3010 δέ
701 2956 748 3010 ἐπῖ
769 2961 831 3009 ταῖς
853 2956 989 3010 δέκακαὶ
1011 2955 1120 3010 ἑκατὸν

146 3024 305 3088 ὀλυμπιάδα
324 3023 398 3077 εῖναι
415 3021 534 3089 ταύτην.
570 2972 763 3091 ίπιβληθείεηε
781 3025 813 3078 δέ
829 3029 873 3092 τῷ
894 3023 1051 3092 Καλλίππῳ
1070 3027 1120 3081 καί

145 3096 206 3146 τοῖε
229 3089 501 3156 ἀνταγωνιεαμένοιε
527 3091 625 3158 Ζημίαε
651 3093 709 3146 ὑπὸ
732 3091 866 3159 Ἠλείων,
894 3092 1121 3148 ἀποετέλλουειν

146 3159 298 3226 Ὑπερίδην
317 3158 459 3224 Ἀθηναῖοι
477 3159 610 3214 πείεοντα
629 3157 755 3215 Ἠλείου(
773 3159 888 3228 ἀφεῖναί
905 3175 978 3227 εφιει
994 3162 1053 3228 τὴν
1069 3163 1120 3230 ζη-

147 3226 221 3294 μίαν.
256 3225 482 3280 ἀπειπόντων
503 3228 540 3282 δὲ
562 3227 706 3282 Ἠλείων
732 3230 798 3295 τὴν
820 3227 920 3295 χάριν
941 3227 998 3282 κτὲ.
1038 3230 1120 3283 Hine

146 3296 393 3418 ίίίῖέίίίίίίλλί
405 3299 759 3418 θίῐίὲἓλίίίίίλίῗίίῗ
778 3298 827 3418 ίίί
842 3297 959 3419 QX&
972 3300 1055 3416 pr?
1073 3301 1120 3419 ἰί·

145 3432 247 3485 Philol.
270 3434 325 3497 IX,
348 3435 397 3486 163
419 3449 479 3500 sqq.
502 3435 598 3500 itaque
620 3435 694 3486 idem
716 3405 871 3501 Gfaueippo
888 3433 1041 3501 Hyperidis
1058 3434 1119 3488 filio

139 3500 216 3554 hanc
234 3503 389 3558 orationem
407 3504 519 3569 ίτίδαίίγ
538 3501 601 3555 coll.
619 3504 695 3556 Plut.
712 3502 796 3557 Phoc.
810 3506 840 3555 4:
859 3499 885 3555 εί
902 3502 956 3568 γὰρ
973 3500 1011 3567 ῆν
1030 3504 1118 3570 (Pho-
