2340 3916
133 188 174 254 32
511 189 723 242 AEINAPXOT

133 375 189 428 τος
206 351 268 418 τοῦ
286 349 473 437 γραφέντος
491 344 558 418 ὑπὸ
578 350 838 437 Λημοσθένους,
862 321 1103 436 δτεταραγμέ-

134 483 195 543 νης
213 458 270 543 τῆς
288 455 415 535 πόλεως
433 454 513 541 μετὰ
531 453 593 542 τὴν
612 458 648 524 έν
667 461 856 544 Χαιρωνείᾳ
875 454 984 542 μάχην
1003 461 1102 543 ἔγρα-

134 576 198 641 ψεν
213 556 230 630 ὁ
246 559 423 648 δημοτικὸς
438 552 547 646 οὗτος,
557 562 612 628 καί
625 563 684 649 τῆς
694 567 849 649 μαντείας
862 563 921 647 τῆς
935 562 1105 649 ἐλθούσης

61 638 170 745 Isin
189 666 362 755 Λωδάνης
379 665 469 755 παρά
487 670 549 735 τοῦ
562 665 647 748 Διὸς
664 669 725 735 τοῦ
740 672 965 735 Δωδωναίου·
985 671 1105 754 σαφῶς

135 771 198 862 γάρ
226 768 308 861 ὑμίν
335 772 438 842 πάλαι
465 779 641 862 προείρηκε
669 772 896 859 φνλάττεσθαι
919 771 999 853 τοὺς
1025 770 1103 860 ἡγε-

135 879 240 967 μόνας
271 881 327 948 καὶ
354 879 434 959 τοὺς
466 879 686 966 συμβούλους.
733 881 818 964 Λέγε
849 877 911 965 τὴν
942 886 1105 965 μαντείαν

134 988 277 1072 πρῶτον.

533 1085 707 1136 ΜΑΝΤΕῙΑ.

89 1259 120 1306 79
219 1225 305 1311 Λέγε
324 1222 365 1311 δὴ
385 1223 421 1294 τὸ
441 1224 545 1297 καλὸν
563 1225 718 1315 ψήφισμα
737 1222 804 1314 (τὸ)
823 1224 954 1293 τούτου.

526 1359 712 1414 ΨΗΦΙΣΜΔ.

216 1500 405 1587 Δημοτικός
428 1497 459 1585 γ’
486 1496 504 1568 ὁ
534 1499 717 1568 διατάττων
744 1499 864 1569 ἑαυτὸν
888 1503 963 1589 μέν,
988 1500 1103 1589 ἐπειδὴ

137 1602 292 1693 ἀνδρεῖος
314 1607 370 1674 καὶ
394 1603 539 1693 εὔψυχός
562 1609 666 1691 ἐστιν,
690 1609 727 1674 έν
749 1621 819 1687 τοῖς
843 1604 957 1687 ὅπλοις
980 1607 1105 1692 μένειν,

138 1708 197 1792 οὓς
219 1708 251 1779 δ’
273 1707 316 1780 ἀν
339 1709 440 1792 αὐτὸς
463 1709 694 1801 ἀποδοκιμάσῃ
717 1716 784 1780 τῶν
807 1716 967 1798 πολιτῶν,
990 1714 1044 1779 ἐπὶ
1062 1711 1105 1780 τὰ

137 1823 218 1904 ἔργα
238 1814 379 1904 ἀπιέναι,
393 1819 449 1885 καί
469 1817 527 1887 ἐάν
545 1844 576 1886 τι
595 1816 675 1887 άλλο
688 1819 796 1909 τούτῳ
816 1819 897 1907 δόξη
915 1817 1106 1904 ἐπιτήδειον

137 1921 234 2009 είναι,
253 1926 352 1992 τοῦτο
371 1938 488 1993 ποιεῖν.
525 1927 612 2011 Λέγε
630 1923 670 1992 τά
688 1925 796 1994 λοιπά.

526 2058 712 2110 ΨΗΦΙΣΜΑ.

89 2234 122 2285 80
217 2192 380 2285 Ἀκούετε,
405 2190 431 2267 οἷ
454 2197 575 2286 ἀνδρες
598 2202 760 2265 δικασταί.
797 2197 929 2266 ἀπιέναι
958 2199 1042 2286 φησὶ
1064 2197 1104 2266 τὸ

137 2301 292 2392 ψήφισμα
328 2303 386 2385 τὰς
421 2300 588 2393 ᾑρημένας
624 2310 809 2391 πρεσβείας.
859 2303 972 2391 ἐπειδὴ
1009 2302 1104 2393 (γὰρ)

137 2406 261 2496 ἤκουσε
279 2409 359 2496 μετὰ
377 2409 439 2498 τὴν
458 2410 567 2498 μάχην
589 2407 651 2496 τὴν
671 2411 707 2476 έν
726 2414 914 2501 Χαιρωνείᾳ
935 2417 1105 2479 Φίλιππον

137 2521 184 2595 είς
202 2513 263 2603 τὴν
281 2515 394 2605 χάραν
416 2512 511 2603 ἡμῶν
530 2517 660 2602 μέλλειν
678 2516 879 2603 εἰσβάλλειν,
903 2512 1003 2597 αὐτὸς
1027 2518 1105 2584 ἑαν-

136 2620 196 2688 τὸν
224 2620 430 2709 πρεσβευτὴν
458 2620 720 2708 κατασκευάσας,
748 2620 793 2690 ἵν’
825 2626 860 2692 ἐκ
887 2625 945 2709 τῆς
977 2621 1106 2702 πόλεως

139 2890 152 2938 1
198 2823 248 2937 ἐξ,
282 2809 310 2884 ὃ]
329 2808 377 2872 ὅτε
395 2820 495 2871 NLZM
513 2826 542 2872 et
560 2838 599 2888 pr.
611 2824 689 2873 A.-
706 2820 858 2889 μαντείαν]
881 2822 1003 2884 ολξθὸς
1024 2822 1104 2872 Dem.

155 2891 179 2951 9,
266 2902 306 2952 sq.

206 2957 246 3005 79.
282 2948 343 3017 (κδ)
367 2949 471 3007 τοτ’τον
489 2972 549 3007 eum
567 2957 600 3007 R.
617 2957 707 3020 Turr.;
733 2957 780 3008 vul
802 2994 808 3007 .
828 2957 954 3008 defendit
975 2958 1027 3007 Mt.
1058 2955 1103 3006 Cf.

138 3023 212 3082 592.
235 3049 271 3099 7
299 3016 397 3088 αὐτὸς]
427 3011 511 3083 οὗτος
537 3026 625 3078 NFr.
655 3051 688 3061 -
717 2974 927 3089 ἀποδοκιμάσει
953 3025 985 3079 N.
1003 3057 1037 3066 -
1066 3020 1104 3074 τά

138 3083 218 3156 ἔργα]
239 3106 275 3139 τα
294 3106 344 3142 om.
364 3091 395 3141 N.
414 3117 447 3127 -
477 3092 657 3144 ΨΗΦΙΣΜΑ
674 3095 699 3146 N
716 3093 808 3142 Ἔσται
829 3091 972 3157 μαρτυρία
992 3095 1027 3155 Α,
1051 3108 1104 3142 om.

136 3155 237 3206 BLZM
255 3157 302 3237 (inu
313 3157 434 3221 lacuna).
540 3213 551 3239 ς
1000 3217 1007 3237 e

204 3227 245 3276 80.
283 3224 388 3288 ανδρες
406 3227 430 3277 Ν
447 3227 511 3278 Mn:
531 3245 552 3278 ω
571 3217 684 3292 ἀνδρες.
708 3227 743 3278 σί.
762 3228 777 3289 ξ
798 3229 836 3279 18.
855 3253 888 3262 —
915 3221 947 3277 τὸ
964 3235 1105 3291 ηηφισμα

137 3292 200 3342 mal.
221 3295 319 3344 abesse
344 3293 395 3344 Bk.
417 3320 445 3332 -
476 3287 621 3361 ᾐρημένας
640 3302 701 3345 eum
711 3294 795 3345 Wolf.
805 3294 870 3346 Bk.:
889 3285 1034 3361 ᾐρημένας
1048 3296 1103 3359 Nm,

138 3355 199 3426 είρη
224 3355 292 3420 ένας
305 3378 331 3412 v.
352 3388 386 3398 —
408 3357 463 3427 γάρ
486 3369 548 3428 post
571 3355 673 3427 ἐπειδὴ
697 3361 761 3412 addi
782 3362 861 3412 iubet
878 3363 927 3424 R„
949 3353 1037 3430 ᾤχετο
1057 3363 1106 3411 ad-

138 3428 190 3478 den
212 3444 255 3478 um
274 3429 377 3493 ci.Mr.‚
396 3431 446 3481 ille
465 3431 575 3496 quidem
593 3434 655 3495 post
672 3421 809 3481 τάλαντα.
824 3462 857 3470 -
875 3422 906 3480 ἐκ
919 3429 969 3495 τῆς
981 3430 1102 3489 Wurm.;

130 3494 202 3560 vulg.
224 3496 279 3549 def.
300 3497 351 3550 ΜΓ.
373 3525 406 3536 -
