2340 3916
484 171 610 228 ΒΙΟΣ.
1004 170 1025 231 3

73 333 211 440 ἑλομένου
232 330 290 416 γάρ
311 355 379 394 ποτε
389 324 492 432 66666
511 336 564 393 τοῦ
585 325 682 411 δῆμον
708 326 894 431 666666606‘
877 332 953 439 υπέρ
973 340 1026 396 τοῦ

73 418 106 479 έν
129 413 256 501 Δήλω
242 422 323 499 ιεροῦ
343 409 416 498 πρὸς
436 409 492 515 την
511 416 672 517 γενομένην
690 408 765 517 πρὸς
788 419 916 516 Δηλίους
931 412 1024 497 Ἀθη-

74 503 167 562 ναίων
183 502 385 600 διαδικασίαν,
412 491 467 560 οὐκ
474 493 666 601 επέτρεπεν
650 525 678 600 η
687 492 740 560 ἐν’
732 502 821 604 Αρεί
809 524 832 561 ω
850 496 937 603 πάγην
953 504 1024 601 βον-

74 578 141 686 λη,
149 576 210 644 ἄλλ’
228 578 398 645 άπελάσασα
414 575 505 643 αὐτὸν
526 576 565 655 ὡς
583 576 639 645 οὐκ
660 579 732 645 ὅντα
755 580 863 645 εὔνουν
882 580 1025 690 τῷδήμῳ

74 672 115 751 τῷ
133 660 303 770 Ἀθηνριίωη
322 661 475 770 Ὶπερείδη
502 667 596 745 λέγειν
621 666 784 768 προσέταξα
828 648 911 774 6666
928 667 1026 765 μέντρι

74 732 201 825 τίνές’
166 745 259 813 αυτόν
281 744 432 831 άκονστὴν
448 728 587 856 γενέσθριι
603 745 765 850 Πλάτρονός
781 775 811 812 τε
834 752 885 813 καὶ
900 747 1024 854 Σωκρά-

75 858 157 913 τους,
174 831 359 941 ψευδόμενοι
382 860 420 914 ην
436 833 468 895 δὲ
485 832 535 894 καί
553 833 646 914 ἕτερος
663 829 759 934 66666
774 837 915 916 Αἰσχίνης
928 829 1025 896 ’-Ελευ
1045 849 1076 898 15

76 912 225 995 σ“ίνιος,
207 944 239 992 ος
262 918 312 980 καὶ
326 917 427 998 τέχνας
449 917 560 1016 λέγεται
581 912 739 1023 ῥητορικάς
755 920 941 1026 γεγραφέναι.
980 918 1025 979 λέ-

75 1026 155 1081 γεται
171 1003 202 1064 δὲ
218 998 387 1082 ὁΑίσχίνης
406 993 541 1104 ἐρμτικὸς
558 1001 717 1102 γεγονέναι
747 995 836 1110 αὐτὸς
847 1002 879 1065 δὲ
894 995 1025 1104 όΑίσχί-

72 1247 320 1354 Ἐτεοβονταδρὸη,
338 1249 412 1315 ὅθεν
427 1245 447 1332 6
463 1256 514 1328 της
523 1247 699 1352 Ἀθηνᾶς
663 1276 714 1333 της
725 1159 876 1328 Πολιάδος
892 1253 1013 1353 ἐστίη”
987 1276 1026 1314 ιε-

78 1361 179 1416 ρεια,ν
162 1330 310 1410 ν”’έοςδ
286 1361 328 1398 ων
339 1332 442 1416 ηθλει
455 1335 505 1396 καλ
516 1358 612 1436 χρονω
627 1330 755 1436 ὕστερον
764 1330 819 1418 τὴν
837 1331 1026 1400 0666'666660-

77 1421 162 1519 λέσης
177 1422 209 1482 έν
219 1445 259 1506 τῳ
248 1420 392 1521 πηλέμῳ
405 1413 567 1494 ἐξέπεσεν
551 1413 610 1480 υπὸ
619 1423 678 1481 τῶν
687 1415 862 1501 τριάκοντα,
875 1422 926 1483 καί
939 1441 1026 1502 στρα-

78 1500 228 1605 πενόμενος
240 1485 284 1566 ἐν
306 1497 389 1587 'A66'6
414 1498 567 1584 άριστείων
593 1495 744 1605 ἠξιώθη,
754 1505 804 1566 καί
825 1505 857 1566 ἐν
860 1507 1027 1602 Κορίνθῳ

77 1584 148 1666 μετά
175 1581 231 1688 666
256 1565 403 1687 έκπτωσίη
429 1589 587 1668 διατρίψας
612 1583 816 1689 συγκατήγαγε
841 1582 892 1650 τὸν
917 1592 1026 1689 δῆμον

77 1665 265 1769 βιῶσμιδ”
249 1666 514 1778 αναμριρτήτως,ε
502 1662 630 1731 είναιδ’
649 1663 740 1771 66666
763 1671 865 1773 ἡμῖν’
830 1668 1026 1772 ενενήηοντα

78 1750 233 1834 τεσσάρων.
271 1755 344 1835 φησί
361 1754 392 1816 δὲ
409 1747 538 1855 καὶτοὺς
553 1747 746 1859 πρόςμητρὸς
763 1749 843 1858 αὑτῷ
838 1750 1025 1856 προσήκον-

77 1864 128 1943 τηις
150 1839 324 1920 ἐλευθέρους
341 1834 425 1900 εἶναι.
463 1843 522 1899 τῶν
544 1836 576 1899 δὲ
598 1831 737 1944 66666636
760 1833 851 1900 αὑτοῦ
876 1833 1027 1919 Φιλοχάρη

77 1922 131 2000 μὲν
146 1922 178 1983 ἐν
198 1923 369 2003 γυμνασίοις
392 1924 551 2004 διατρίβειν
572 1922 622 1982 καί
646 1944 696 1999 μετ
702 1913 909 2028 ”16666666663
925 1923 1026 2021 ἐστρα-

78 2011 200 2107 τεῦσθμι
218 2006 269 2068 κοιλ
272 2011 411 2108 συνεχῶς
427 2011 612 2112 στρατηγεῖν,
624 1997 787 2110 Ἀφόβητην
804 1999 880 2068 δὲ
852 2031 904 2068 τον
918 2002 1025 2106 6666oe-
1043 2018 1075 2071 16

78 2114 129 2151 τον
145 2084 243 2151 αὑτῶν
262 2081 392 2196 άδελμδν
411 2088 706 2191 πεπρεσβευκέναι
674 2113 728 2168 μεν
745 2084 783 2164 ὧς
800 2082 976 2170 βασιλέαᾜ
940 2116 959 2152 6
977 2092 1028 2191 ίης

78 2199 128 2252 της
147 2169 310 2251 πόλεως,’
297 2196 343 2234 επι
335 2172 393 2234 δε
413 2178 464 2254 τῆς
483 2168 652 2253 διοικήσεως
673 2169 830 2254 γενόμενον
852 2181 948 2249 καλῶς
968 2179 1028 2236 τῶν

79 2259 227 2359 δημοσίων
242 2252 397 2356 προσόδων
413 2257 637 2336 ἐπιμεληθηναι.
675 2258 742 2338 περὶ
755 2257 787 2319 δέ
804 2258 909 2321 ἐαυτοῦ
924 2276 1026 2338 φησιν,

79 2336 117 2414 ὡς
143 2341 175 2402 έκ
195 2343 309 2402 παίδων
333 2332 526 2443 άπαλλαγείς
534 2343 688 2442 περίπολος
710 2346 762 2440 της
781 2333 911 2442 Ἀττιχιης
932 2340 1027 2441 χώρης

79 2425 189 2525 ε’γένετο
212 2423 303 2487 δάο”
273 2449 349 2525 ετη,
376 2419 526 2525 ἐφηβης”
503 2447 558 2522 66·
588 2422 668 2484 οὑτοι
685 2416 742 2523 γάρ
764 2417 830 2502 μεθ’
847 2419 949 2487 ὅπλων
972 2417 1028 2502 τὴν

79 2505 189 2614 χάραν
194 2504 385 2588 περιηρχοντο
402 2500 477 2569 κατά
492 2501 668 2612 πρόσταγμα
684 2501 792 2585 νόμον
821 2503 1026 2614 ἐστρατεύσατη

79 2592 111 2653 δὲ
124 2588 244 2674 πρώτην
259 2594 418 2693 στρατείαν
430 2585 485 2694 τὴν
502 2591 534 2652 ἐν
550 2597 611 2664 τοῖς
632 2590 729 2671 μέρεσι
749 2593 949 2697 καλουμένην,
976 2590 1027 2651 καλ

79 2676 349 2775 συμπαραπέμπων
362 2669 418 2754 μετ’
439 2668 627 2781 Ἀλκιβιάδην
649 2675 700 2735 καὶ
721 2679 781 2735 τῶν
799 2671 942 2751 ξένων
911 2700 967 2775 την
986 2675 1027 2748 είς

82 2765 231 2822 Φλιοῦντα
252 2751 388 2858 606666,
413 2754 555 2821 κινδύνου
577 2759 609 2822 δὲ
630 2758 788 2839 γενομένου
809 2754 925 2841 περί
896 2784 951 2840 την
972 2783 1026 2820 κα-

79 2843 224 2943 ληυμένην
245 2839 384 2943 Νεμεάδα
404 2839 557 2924 χαράδραν
583 2835 756 2944 άξιεπαίηως
778 2843 949 2950 ἐμαχέσατο,
977 2842 1026 2904 καλ

78 2922 129 2999 τάς
147 2923 236 3000 άλλας
255 2921 307 3000 τάς
331 2927 363 2988 ἐκ
381 2928 519 3005 διαδοχῆς
540 2922 657 3002 ἐξόδους
677 2922 773 3026 πάσας
789 2927 910 3007 ἐξῆλθε,
927 2951 1028 2991 και
971 2926 1028 2988 ἐ

79 3015 247 3096 Μαντινείᾳ
262 3013 403 3092 γενναίως
419 3011 590 3116 ἐμαχέσατο,
610 3010 660 3072 καί
682 3004 736 3110 τὴν
754 3010 786 3072 ἐν
804 3009 953 3110 Ταμύναις
971 3005 1027 3090 μά-

79 3120 133 3192 χην
154 3096 264 3167 ἐντοῖς
286 3089 508 3196 ἐπιλέκτοις,
481 3116 522 3155 ειτ
520 3088 739 3197 '6666666666
760 3090 930 3196 μαχόμενος.
970 3095 1027 3156 ἐτε-

79 3175 197 3258 λευτησε
216 3172 245 3240 δ
262 3181 403 3258 Αἰσχίνης
425 3171 628 3285 666666669‘
611 3170 670 3240 υπό
686 3169 879 3284 Ἀντιπάτρου
901 3184 1027 3241 καταλυ-

78 3265 180 3342 θείσης
196 3289 246 3341 της
262 3256 467 3365 πολιτείας,’
451 3286 497 3325 οτε
520 3262 570 3323 καὶ
588 3286 616 3322 οι
609 3261 699 3337 περί
716 3263 913 3362 Δημοσθένην
937 3255 1027 3361 ἐξεδό-

77 3355 194 3425 θησαν,
227 3338 415 3428 βεβιωκάς’
399 3361 446 3426 ετη
468 3341 514 3407 οε’.
557 3351 647 3427 τριῶν
670 3341 746 3406 δὲ’
729 3369 823 3408 οντων
850 3342 945 3427 λόγων
969 3348 1029 3407 τῶν

835 3445 875 3502 1*
