2340 3916
143 201 184 269 52
518 195 737 251 Αωιοιωιου

147 342 255 430 αὐτὴν
286 340 426 430 γνῶμην
458 345 563 427 έγειν,
593 337 700 428 ἥνπερ
730 339 788 410 καὶ
819 341 896 428 περὶ
923 342 993 407 τῶν
1026 341 1117 427 ε’μῶν

148 445 342 533 προγόνων,
356 448 414 512 ίνα
423 440 525 530 κόμοὶ
541 443 717 530 ἐγγένηται
731 443 884 521 ἐκείνους
898 440 1119 529 μιμήσασθαι,

148 546 430 636 ἀναμνησθέντας
449 542 565 613 αὐτῶν
584 540 633 613 ότι
658 540 764 630 ὅμοιοι
781 557 854 623 τοῖς
872 550 1040 613 πλείστων
1058 545 1117 611 καὶ

148 656 317 738 μεγίστων
358 644 501 733 οίγαθῶν
537 651 659 724 αἰτίοις
694 646 735 733 τῇ
773 643 869 714 πόλει
908 645 1120 732 γεγένηνται,

150 753 286 820 πολλῶν
313 751 427 819 ένεκεν
446 750 535 835 σφᾶς
554 745 683 826 αὐτοὺς
701 747 903 835 παρέχοντες
929 746 1120 833 τοιούτους,

150 853 294 940 μάλιστα
318 850 357 920 δὲ
382 852 441 937 της
459 856 509 930 είς
532 846 623 936 ὑμᾶς
648 845 805 936 εὐνοίας,
826 846 928 938 (εἶτα)
952 849 1010 917 καὶ
1029 844 1121 929 ὅπως

151 964 185 1023 εί
199 955 284 1023 ποτέ
304 978 354 1031 τις
378 945 537 1038 αότοίςῆ
560 953 630 1018 τῶν
656 950 690 1032 ἐξ
716 953 857 1020 ἐκείνων
873 952 940 1019 τινὶ
957 956 1122 1030 κίνδυνος

151 1057 283 1142 γένοιτο
301 1049 322 1138 ἢ
337 1051 515 1142 συμφορά,
534 1052 689 1136 σῶζοιντο
704 1051 907 1140 συγγνώμης
920 1051 1003 1142 παρ’
1021 1051 1123 1140 όμῶν

85 1179 135 1232 142
153 1156 389 1243 τυγχάνοντες.
426 1155 564 1235 εἰκότως
589 1153 624 1224 θ’
651 1150 695 1222 όίν
714 1151 830 1223 αὐτῶν
848 1158 1038 1245 μεμνῇσθε·
1063 1155 1123 1223 καὶ

154 1259 220 1347 γὰρ
244 1259 286 1346 τῇ
319 1256 413 1326 πόλει
444 1255 559 1347 όπιίση
588 1261 627 1326 αί
646 1257 717 1324 τῶν
747 1254 919 1346 ἡμετέρων
942 1257 1124 1346 προγόνων

153 1359 273 1450 ἀρεταὶ
309 1366 470 1429 πλείστου
506 1356 592 1439 όίξιαι
628 1359 794 1444 ἐγένοντο.
846 1358 958 1444 ἐπειδὴ
993 1359 1060 1448 γὰρ
1098 1349 1125 1426 ῶ

155 1459 276 1551 ἄνδρες
302 1464 342 1529 αί
363 1463 441 1549 νηες
459 1461 715 1549 διεφθάρησαν,
740 1462 878 1530 πολλῶν
902 1460 1125 1549 βουλομένων

153 1562 215 1650 την
233 1563 333 1633 πόλιν
352 1563 547 1651 ἀνηκέστοις
566 1576 760 1650 συμφοραῖς
778 1570 994 1653 περιβαλεῖν,
1012 1572 1126 1633 Λακε-

154 1666 321 1754 δαιμόνιοι
349 1671 503 1753 ἔγνωσαν
528 1662 618 1752 ὅμως
641 1663 717 1733 τότε
744 1665 862 1754 ἐχθροί
887 1661 982 1744 ὄντες
1009 1663 1126 1748 σῶζειν

154 1769 216 1855 τὴν
235 1768 335 1837 πόλιν
360 1767 416 1836 διὰ
433 1766 494 1848 τὰς
514 1768 655 1837 ἐκείνων
671 1770 742 1835 τῶν
760 1764 900 1856 ἀνδρῶν
924 1765 1046 1855 ἄρετοίς
1057 1819 1067 1854 ,
1093 1774 1131 1835 οἳ

89 1891 138 1944 143
155 1867 312 1958 όπηρξαν
336 1870 396 1957 της
416 1872 613 1960 ἐλευθερίας
637 1867 752 1959 όποίση
774 1869 816 1957 τῇ
840 1867 981 1938 Ἐλλοίὸι.
1012 1869 1127 1955 ἐπειδὴ

156 1979 278 2041 τοίνυν
302 1971 360 2038 καὶ
391 1968 413 2057 ἡ
439 1970 535 2051 πόλις
561 1969 674 2060 έσῶθη
706 1976 852 2060 δημοσία
883 1970 939 2039 διὰ
970 1971 1030 2049 τίς
1056 1972 1148 2059 τῶν,

158 2072 338 2161 προγόνων
362 2072 432 2140 τῶν
459 2071 630 2163 ἡμετέρων
653 2071 794 2162 όρετοίς,
825 2070 906 2151 όξιῶ
937 2070 1040 2160 κάμοί
1071 2073 1129 2141 διὰ

157 2174 217 2255 τὰς
235 2174 305 2242 τῶν
319 2174 500 2262 προγόνων
513 2177 583 2244 τῶν
598 2176 689 2264 ἐμῶν
702 2173 824 2264 όρετόις
841 2179 1010 2263 σωτηρίαν
1028 2176 1127 2260 γενέ-

159 2285 248 2345 σθαι.
284 2277 427 2365 καὶγὰρ
446 2275 648 2346 αὐτῶντῶν
668 2281 778 2365 ἔργων
788 2328 798 2365 ,
823 2272 869 2344 δι’
888 2272 974 2365 ἅπερ
991 2273 1012 2362 ἡ
1030 2275 1130 2356 πόλις

158 2377 292 2466 ἐοῶθη,
311 2375 375 2447 οόκ
396 2378 570 2466 ἐλάχιστον
587 2380 689 2467 μέρος
707 2381 744 2447 οί
759 2379 833 2466 ἐμοὶ
847 2377 1009 2467 πρόγονοι
1024 2396 1128 2448 συνε-

157 2480 320 2566 βοίλοντο·
340 2469 390 2548 ῶν
409 2483 507 2550 ἕνεκα
525 2480 582 2549 καὶ
603 2480 677 2569 ἐμοί
696 2484 828 2549 δίκαιον
850 2478 940 2567 όμόις
958 2481 1127 2566 μεταδοῦ-

156 2608 214 2650 ναι
228 2583 288 2668 τῆς
303 2589 490 2670 σωτηρίας,
508 2571 615 2671 ἧσπερ
629 2582 686 2650 καὶ
705 2579 806 2651 αότολ
821 2581 912 2670 παρὰ
926 2583 998 2649 τῶν
1009 2579 1130 2669 Ἐλλη-

159 2709 231 2751 νων
251 2682 392 2767 έτόχετε.

92 2806 142 2858 144
237 2783 422 2863 Σκέψασθε
440 2789 561 2853 τοίνυν
574 2784 631 2853 καὶ
649 2783 748 2872 τόδε,
766 2781 810 2852 ῶν
827 2811 868 2871 με
886 2784 1035 2872 σῶσητε,
1053 2777 1131 2852 οἷον

160 2884 248 2965 ἕξετε
266 2889 423 2972 πολίτην·
451 2879 642 2974 ὅςπρῶτον
665 2884 728 2973 μὲν
748 2889 784 2956 ἐκ
809 2888 938 2955 πολλοῶ
963 2884 1132 2974 πλοότου,

161 3182 210 3235 ια
228 3114 958 3251 ἶέῗίλίῖἷὶἷέαλιίῆξέῶὲ·ῶνῖίίηέῶῗέέἒὶ
973 3108 1133 3238 ιῖιίίῖἶό).

160 3279 193 3288 -
220 3249 334 3320 γένοιτο
351 3251 448 3303 Dobr.:
467 3247 597 3318 γένηται.

230 3321 287 3372 142.
306 3317 456 3386 μεμνῇσθε
475 3317 525 3373 Bk.
544 3319 643 3374 Dobr.:
662 3317 831 3386 μεμνῆσθαι
848 3320 958 3383 ABLZ3
981 3317 1134 3399 μεμνῇσθε

160 3402 187 3438 v.
208 3393 273 3440 ante
291 3387 344 3442 Bk.
364 3414 396 3425 -
415 3379 502 3469 ῶμετέ
522 3403 561 3438 ων
580 3387 614 3439 οἱ.
632 3388 681 3451 Β,;
700 3389 730 3440 it.
749 3389 765 3450 ξ
784 3390 841 3445 143.
858 3421 892 3431 —
909 3381 963 3455 τήν
981 3387 1078 3452 πολιν]
1099 3388 1134 3457 τῇ

160 3448 244 3508 πόλει
261 3471 302 3522 pr.
321 3458 352 3506 A.
370 3481 404 3492 -
421 3403 558 3518 ντίρὲαν
576 3453 666 3507 αἴτιοι
683 3457 712 3511 Ζ.

232 3524 289 3579 143.
308 3513 409 3589 κῶμοί]
429 3473 484 3575 καί
498 3538 547 3588 μοι
564 3523 667 3579 ABLZ.
