<?xml version="1.0" encoding="UTF-8"?>
<!DOCTYPE html PUBLIC "-//W3C//DTD XHTML 1.0 Transitional//EN"
    "http://www.w3.org/TR/xhtml1/DTD/xhtml1-transitional.dtd">
<html xmlns="http://www.w3.org/1999/xhtml" xml:lang="en" lang="en">
 <head>
  <title>
</title>
<meta http-equiv="Content-Type" content="text/html;charset=utf-8" />
  <meta name='ocr-system' content='tesseract 3.04.00' />
  <meta name='ocr-capabilities' content='ocr_page ocr_carea ocr_par ocr_line ocrx_word'/>
</head>
<body>
  <div class='ocr_page' id='page_1' title='image "./orationescumali00isaegoog/orationescumali00isaegoog_0554.png"; bbox 0 0 2340 3916; ppageno 0'>
   <div class='ocr_carea' id='block_1_1' title="bbox 280 237 1042 301">
    <p class='ocr_par' dir='ltr' id='par_1_1' title="bbox 280 237 1042 301">
     <span class='ocr_line' id='line_1_1' title="bbox 280 237 1042 301; baseline 0.009 -9"><span class='ocrx_word' id='word_1_1' title='bbox 280 237 401 294; x_wconf 80' lang='grc' dir='ltr'><strong>ΠΕΡΙ</strong></span> <span class='ocrx_word' id='word_1_2' title='bbox 417 238 852 295; x_wconf 83' lang='grc' dir='ltr'><em>ΠΑΡΑΠΡΕΣΒΕΙΑΣ.</em></span> <span class='ocrx_word' id='word_1_3' title='bbox 1003 238 1042 301; x_wconf 84' lang='grc'><strong><em>81</em></strong></span> 
     </span>
    </p>
   </div>
   <div class='ocr_carea' id='block_1_2' title="bbox 39 387 1147 3038">
    <p class='ocr_par' dir='ltr' id='par_1_2' title="bbox 91 387 1043 680">
     <span class='ocr_line' id='line_1_2' title="bbox 94 387 1043 483; baseline 0.003 -22"><span class='ocrx_word' id='word_1_4' title='bbox 94 391 267 480; x_wconf 75' lang='grc' dir='ltr'><strong><em>Ἀθηναῖοι,</em></strong></span> <span class='ocrx_word' id='word_1_5' title='bbox 281 392 336 480; x_wconf 78' lang='grc' dir='ltr'><strong><em>ὑφ’</em></strong></span> <span class='ocrx_word' id='word_1_6' title='bbox 350 387 398 463; x_wconf 90' lang='grc' dir='ltr'><strong><em>ῶν</em></strong></span> <span class='ocrx_word' id='word_1_7' title='bbox 409 398 606 480; x_wconf 75' lang='grc' dir='ltr'><strong><em>ἐξελέγχεται</em></strong></span> <span class='ocrx_word' id='word_1_8' title='bbox 616 398 838 482; x_wconf 89' lang='grc' dir='ltr'><strong><em>Δημοσθένης</em></strong></span> <span class='ocrx_word' id='word_1_9' title='bbox 849 424 906 475; x_wconf 90' lang='grc' dir='ltr'><strong><em>τας</em></strong></span> <span class='ocrx_word' id='word_1_10' title='bbox 916 396 1043 483; x_wconf 81' lang='grc' dir='ltr'><strong><em>άποδη-</em></strong></span> 
     </span>
     <span class='ocr_line' id='line_1_3' title="bbox 92 491 1042 582; baseline 0.002 -21"><span class='ocrx_word' id='word_1_11' title='bbox 92 494 219 578; x_wconf 81' lang='grc' dir='ltr'><em>μούσας</em></span> <span class='ocrx_word' id='word_1_12' title='bbox 230 501 403 580; x_wconf 75' lang='grc' dir='ltr'><strong><em>πρεσβείας</em></strong></span> <span class='ocrx_word' id='word_1_13' title='bbox 414 497 583 578; x_wconf 76' lang='grc' dir='ltr'><strong><em>ἐπιδημεῖν</em></strong></span> <span class='ocrx_word' id='word_1_14' title='bbox 593 491 750 578; x_wconf 81' lang='grc' dir='ltr'><em>φάσκων,</em></span> <span class='ocrx_word' id='word_1_15' title='bbox 762 496 817 562; x_wconf 83' lang='grc' dir='ltr'><strong><em>καὶ</em></strong></span> <span class='ocrx_word' id='word_1_16' title='bbox 827 499 1042 582; x_wconf 79' lang='grc' dir='ltr'><em>βουλομένων</em></span> 
     </span>
     <span class='ocr_line' id='line_1_4' title="bbox 91 587 1043 680; baseline 0.005 -24"><span class='ocrx_word' id='word_1_17' title='bbox 91 587 186 676; x_wconf 80' lang='grc' dir='ltr'><strong><em>ὑμῶν</em></strong></span> <span class='ocrx_word' id='word_1_18' title='bbox 203 588 434 676; x_wconf 80' lang='grc' dir='ltr'><strong><em>ἀκροάσασθαι</em></strong></span> <span class='ocrx_word' id='word_1_19' title='bbox 444 589 480 659; x_wconf 86' lang='grc' dir='ltr'><strong><em>τό</em></strong></span> <span class='ocrx_word' id='word_1_20' title='bbox 493 599 561 658; x_wconf 90' lang='grc' dir='ltr'><strong><em>τῶν</em></strong></span> <span class='ocrx_word' id='word_1_21' title='bbox 572 592 755 677; x_wconf 87' lang='grc' dir='ltr'><strong><em>συμμάχων</em></strong></span> <span class='ocrx_word' id='word_1_22' title='bbox 764 590 894 675; x_wconf 88' lang='grc' dir='ltr'><strong><em>άκυρον</em></strong></span> <span class='ocrx_word' id='word_1_23' title='bbox 904 617 1043 680; x_wconf 90' lang='grc' dir='ltr'><strong><em>πεποιη-</em></strong></span> 
     </span>
    </p>

    <p class='ocr_par' dir='ltr' id='par_1_3' title="bbox 91 686 1142 878">
     <span class='ocr_line' id='line_1_5' title="bbox 91 686 1142 776; baseline 0.008 -20"><span class='ocrx_word' id='word_1_24' title='bbox 91 689 156 766; x_wconf 88' lang='grc' dir='ltr'><strong><em>κῶς</em></strong></span> <span class='ocrx_word' id='word_1_25' title='bbox 167 689 282 773; x_wconf 81' lang='grc' dir='ltr'><strong><em>βόγμα.</em></strong></span> <span class='ocrx_word' id='word_1_26' title='bbox 303 686 1044 776; x_wconf 74' lang='grc' dir='ltr'><strong><em>οίμὲνγάράπεφήναντοάναμεῑναιτηνπόλιν</em></strong></span> <span class='ocrx_word' id='word_1_27' title='bbox 1058 708 1110 763; x_wconf 72' lang='lat'><strong><em>242</em></strong></span> <span class='ocrx_word' id='word_1_28' title='bbox 1138 732 1142 740; x_wconf 96' lang='lat'>·</span> 
     </span>
     <span class='ocr_line' id='line_1_6' title="bbox 91 785 1042 878; baseline 0.004 -26"><span class='ocrx_word' id='word_1_29' title='bbox 91 785 342 874; x_wconf 84' lang='grc' dir='ltr'><strong><em>τάςἙλληνικάς</em></strong></span> <span class='ocrx_word' id='word_1_30' title='bbox 354 795 537 875; x_wconf 77' lang='grc' dir='ltr'><strong><em>πρεσβείας,</em></strong></span> <span class='ocrx_word' id='word_1_31' title='bbox 547 791 768 874; x_wconf 87' lang='grc' dir='ltr'><strong><em>Λημοσθένης</em></strong></span> <span class='ocrx_word' id='word_1_32' title='bbox 780 787 816 855; x_wconf 75' lang='grc' dir='ltr'><strong><em>δὲ</em></strong></span> <span class='ocrx_word' id='word_1_33' title='bbox 827 787 869 855; x_wconf 90' lang='grc' dir='ltr'><strong><em>ού</em></strong></span> <span class='ocrx_word' id='word_1_34' title='bbox 879 788 966 878; x_wconf 84' lang='grc' dir='ltr'><strong><em>λόγφ</em></strong></span> <span class='ocrx_word' id='word_1_35' title='bbox 979 790 1042 874; x_wconf 87' lang='grc' dir='ltr'><strong><em>μό-</em></strong></span> 
     </span>
    </p>

    <p class='ocr_par' dir='ltr' id='par_1_4' title="bbox 92 883 1041 972">
     <span class='ocr_line' id='line_1_7' title="bbox 92 883 1041 972; baseline 0.002 -21"><span class='ocrx_word' id='word_1_36' title='bbox 92 910 153 951; x_wconf 90' lang='grc' dir='ltr'><strong><em>νον</em></strong></span> <span class='ocrx_word' id='word_1_37' title='bbox 164 887 331 954; x_wconf 77' lang='grc' dir='ltr'><strong><em>κεκώλυκε</em></strong></span> <span class='ocrx_word' id='word_1_38' title='bbox 342 900 541 972; x_wconf 84' lang='grc' dir='ltr'><strong><em>περιμεῖναι,</em></strong></span> <span class='ocrx_word' id='word_1_39' title='bbox 553 883 571 952; x_wconf 89' lang='grc' dir='ltr'>ὁ</span> <span class='ocrx_word' id='word_1_40' title='bbox 582 885 718 953; x_wconf 84' lang='grc' dir='ltr'><strong><em>πάντων</em></strong></span> <span class='ocrx_word' id='word_1_41' title='bbox 731 887 940 971; x_wconf 82' lang='grc' dir='ltr'><strong><em>αἰσχιστακαὶ</em></strong></span> <span class='ocrx_word' id='word_1_42' title='bbox 950 887 1041 971; x_wconf 88' lang='grc' dir='ltr'><strong><em>τάχι-</em></strong></span> 
     </span>
    </p>

    <p class='ocr_par' dir='ltr' id='par_1_5' title="bbox 93 981 1041 1070">
     <span class='ocr_line' id='line_1_8' title="bbox 93 981 1041 1070; baseline 0.001 -21"><span class='ocrx_word' id='word_1_43' title='bbox 93 1003 152 1050; x_wconf 89' lang='grc' dir='ltr'><strong><em>στα</em></strong></span> <span class='ocrx_word' id='word_1_44' title='bbox 164 986 427 1070; x_wconf 86' lang='grc' dir='ltr'><strong><em>μετατιθέμενος,</em></strong></span> <span class='ocrx_word' id='word_1_45' title='bbox 442 981 510 1051; x_wconf 81' lang='grc' dir='ltr'><strong><em>ἀλλ’</em></strong></span> <span class='ocrx_word' id='word_1_46' title='bbox 522 990 607 1070; x_wconf 80' lang='grc' dir='ltr'><strong><em>ἔργῳ</em></strong></span> <span class='ocrx_word' id='word_1_47' title='bbox 621 985 677 1052; x_wconf 86' lang='grc' dir='ltr'><strong><em>καὶ</em></strong></span> <span class='ocrx_word' id='word_1_48' title='bbox 687 991 881 1070; x_wconf 77' lang='grc' dir='ltr'><strong><em>ψηφίσματι,</em></strong></span> <span class='ocrx_word' id='word_1_49' title='bbox 895 986 1041 1068; x_wconf 89' lang='grc' dir='ltr'><strong><em>προστά-</em></strong></span> 
     </span>
    </p>

    <p class='ocr_par' dir='ltr' id='par_1_6' title="bbox 91 1081 485 1168">
     <span class='ocr_line' id='line_1_9' title="bbox 91 1081 485 1168; baseline -0.003 -21"><span class='ocrx_word' id='word_1_50' title='bbox 91 1086 146 1159; x_wconf 86' lang='grc' dir='ltr'><strong><em>ξας</em></strong></span> <span class='ocrx_word' id='word_1_51' title='bbox 156 1081 219 1166; x_wconf 73' lang='grc' dir='ltr'><strong><em>ἤδη</em></strong></span> <span class='ocrx_word' id='word_1_52' title='bbox 231 1089 485 1168; x_wconf 75' lang='grc' dir='ltr'><strong><em>βεβουλεῦσθαι.</em></strong></span> 
     </span>
    </p>

    <p class='ocr_par' dir='ltr' id='par_1_7' title="bbox 42 1177 1042 1855">
     <span class='ocr_line' id='line_1_10' title="bbox 42 1177 1040 1267; baseline 0 -21"><span class='ocrx_word' id='word_1_53' title='bbox 42 1192 76 1246; x_wconf 79' lang='grc'><strong><em>63</em></strong></span> <span class='ocrx_word' id='word_1_54' title='bbox 176 1186 299 1264; x_wconf 88' lang='grc' dir='ltr'><strong><em>Εἰρηκε</em></strong></span> <span class='ocrx_word' id='word_1_55' title='bbox 316 1179 367 1265; x_wconf 78' lang='grc' dir='ltr'><strong><em>δέ,</em></strong></span> <span class='ocrx_word' id='word_1_56' title='bbox 391 1177 434 1257; x_wconf 87' lang='grc' dir='ltr'><strong><em>ῶς</em></strong></span> <span class='ocrx_word' id='word_1_57' title='bbox 450 1183 488 1248; x_wconf 84' lang='grc' dir='ltr'><strong><em>ἐν</em></strong></span> <span class='ocrx_word' id='word_1_58' title='bbox 504 1187 543 1267; x_wconf 78' lang='grc' dir='ltr'><strong><em>τῇ</em></strong></span> <span class='ocrx_word' id='word_1_59' title='bbox 555 1181 698 1267; x_wconf 81' lang='grc' dir='ltr'><strong><em>προτέρα</em></strong></span> <span class='ocrx_word' id='word_1_60' title='bbox 709 1187 777 1247; x_wconf 91' lang='grc' dir='ltr'><strong><em>τῶν</em></strong></span> <span class='ocrx_word' id='word_1_61' title='bbox 787 1182 969 1266; x_wconf 80' lang='grc' dir='ltr'><strong><em>ἐκκλησιῶν</em></strong></span> <span class='ocrx_word' id='word_1_62' title='bbox 980 1184 1040 1265; x_wconf 79' lang='grc' dir='ltr'><strong><em>εἰη-</em></strong></span> 
     </span>
     <span class='ocr_line' id='line_1_11' title="bbox 92 1275 1039 1364; baseline 0.003 -23"><span class='ocrx_word' id='word_1_63' title='bbox 92 1276 341 1359; x_wconf 81' lang='grc' dir='ltr'><strong><em>μηγορησαντος</em></strong></span> <span class='ocrx_word' id='word_1_64' title='bbox 353 1277 580 1360; x_wconf 74' lang='grc' dir='ltr'><strong><em>Φιλοκράτους</em></strong></span> <span class='ocrx_word' id='word_1_65' title='bbox 591 1276 733 1361; x_wconf 81' lang='grc' dir='ltr'><strong><em>ὕστερον</em></strong></span> <span class='ocrx_word' id='word_1_66' title='bbox 750 1275 877 1364; x_wconf 88' lang='grc' dir='ltr'><strong><em>άναβάς</em></strong></span> <span class='ocrx_word' id='word_1_67' title='bbox 897 1278 961 1362; x_wconf 86' lang='grc' dir='ltr'><strong><em>έγῶ</em></strong></span> <span class='ocrx_word' id='word_1_68' title='bbox 978 1304 1039 1345; x_wconf 91' lang='grc' dir='ltr'><strong><em>κα-</em></strong></span> 
     </span>
     <span class='ocr_line' id='line_1_12' title="bbox 91 1372 1039 1460; baseline 0.003 -20"><span class='ocrx_word' id='word_1_69' title='bbox 91 1375 306 1460; x_wconf 81' lang='grc' dir='ltr'><strong><em>τεμεμψάμην</em></strong></span> <span class='ocrx_word' id='word_1_70' title='bbox 316 1372 358 1460; x_wconf 74' lang='grc' dir='ltr'><strong><em>ἣν</em></strong></span> <span class='ocrx_word' id='word_1_71' title='bbox 370 1381 528 1460; x_wconf 76' lang='grc' dir='ltr'><strong><em>εἰσηγεῖτο</em></strong></span> <span class='ocrx_word' id='word_1_72' title='bbox 540 1378 662 1453; x_wconf 81' lang='grc' dir='ltr'><strong><em>ἐκεῖνος</em></strong></span> <span class='ocrx_word' id='word_1_73' title='bbox 673 1375 825 1460; x_wconf 84' lang='grc' dir='ltr'><strong><em>εἰρήνην,</em></strong></span> <span class='ocrx_word' id='word_1_74' title='bbox 835 1373 975 1460; x_wconf 85' lang='grc' dir='ltr'><strong><em>αἰσχράν</em></strong></span> <span class='ocrx_word' id='word_1_75' title='bbox 985 1377 1039 1443; x_wconf 87' lang='grc' dir='ltr'><strong><em>καί</em></strong></span> 
     </span>
     <span class='ocr_line' id='line_1_13' title="bbox 91 1471 1039 1561; baseline 0.001 -23"><span class='ocrx_word' id='word_1_76' title='bbox 91 1480 148 1557; x_wconf 79' lang='grc' dir='ltr'><strong><em>τῆς</em></strong></span> <span class='ocrx_word' id='word_1_77' title='bbox 159 1473 285 1551; x_wconf 82' lang='grc' dir='ltr'><strong><em>πόλεως</em></strong></span> <span class='ocrx_word' id='word_1_78' title='bbox 296 1472 435 1554; x_wconf 80' lang='grc' dir='ltr'><strong><em>άναξίαν</em></strong></span> <span class='ocrx_word' id='word_1_79' title='bbox 445 1473 528 1541; x_wconf 84' lang='grc' dir='ltr'><strong><em>εἰναι</em></strong></span> <span class='ocrx_word' id='word_1_80' title='bbox 539 1475 694 1559; x_wconf 80' lang='grc' dir='ltr'><strong><em>φάσκων,</em></strong></span> <span class='ocrx_word' id='word_1_81' title='bbox 710 1481 750 1561; x_wconf 77' lang='grc' dir='ltr'><strong><em>τῇ</em></strong></span> <span class='ocrx_word' id='word_1_82' title='bbox 764 1471 795 1539; x_wconf 78' lang='grc' dir='ltr'><strong><em>δ’</em></strong></span> <span class='ocrx_word' id='word_1_83' title='bbox 807 1471 963 1561; x_wconf 80' lang='grc' dir='ltr'><strong><em>ὑστεραία</em></strong></span> <span class='ocrx_word' id='word_1_84' title='bbox 974 1474 1039 1539; x_wconf 90' lang='grc' dir='ltr'><strong><em>πά-</em></strong></span> 
     </span>
     <span class='ocr_line' id='line_1_14' title="bbox 93 1568 1042 1663; baseline 0 -25"><span class='ocrx_word' id='word_1_85' title='bbox 93 1580 146 1639; x_wconf 91' lang='grc' dir='ltr'><strong><em>λιν</em></strong></span> <span class='ocrx_word' id='word_1_86' title='bbox 154 1568 276 1663; x_wconf 79' lang='grc' dir='ltr'><strong><em>[ἡμέρη]</em></strong></span> <span class='ocrx_word' id='word_1_87' title='bbox 284 1569 328 1650; x_wconf 86' lang='grc' dir='ltr'><strong><em>ῶς</em></strong></span> <span class='ocrx_word' id='word_1_88' title='bbox 346 1574 601 1658; x_wconf 82' lang='grc' dir='ltr'><strong><em>συναγορεύοιμι</em></strong></span> <span class='ocrx_word' id='word_1_89' title='bbox 617 1581 662 1662; x_wconf 77' lang='grc' dir='ltr'><strong><em>τῷ</em></strong></span> <span class='ocrx_word' id='word_1_90' title='bbox 676 1572 886 1656; x_wconf 78' lang='grc' dir='ltr'><strong><em>Φιλοκράτει,</em></strong></span> <span class='ocrx_word' id='word_1_91' title='bbox 909 1575 964 1638; x_wconf 88' lang='grc' dir='ltr'><strong><em>καί</em></strong></span> <span class='ocrx_word' id='word_1_92' title='bbox 980 1571 1042 1656; x_wconf 80' lang='grc' dir='ltr'><strong><em>την</em></strong></span> 
     </span>
     <span class='ocr_line' id='line_1_15' title="bbox 92 1667 1041 1760; baseline 0.001 -24"><span class='ocrx_word' id='word_1_93' title='bbox 92 1672 267 1755; x_wconf 84' lang='grc' dir='ltr'><strong><em>ἐκκλησίαν</em></strong></span> <span class='ocrx_word' id='word_1_94' title='bbox 288 1669 491 1757; x_wconf 83' lang='grc' dir='ltr'><strong><em>εὐημερήσας</em></strong></span> <span class='ocrx_word' id='word_1_95' title='bbox 513 1669 647 1760; x_wconf 77' lang='grc' dir='ltr'><strong><em>ῶχόμην</em></strong></span> <span class='ocrx_word' id='word_1_96' title='bbox 669 1674 792 1756; x_wconf 85' lang='grc' dir='ltr'><strong><em>φέρων,</em></strong></span> <span class='ocrx_word' id='word_1_97' title='bbox 814 1677 942 1737; x_wconf 85' lang='grc' dir='ltr'><strong><em>πείθων</em></strong></span> <span class='ocrx_word' id='word_1_98' title='bbox 956 1667 1041 1756; x_wconf 83' lang='grc' dir='ltr'><strong><em>ὑμᾶς</em></strong></span> 
     </span>
     <span class='ocr_line' id='line_1_16' title="bbox 92 1767 1040 1855; baseline 0.002 -21"><span class='ocrx_word' id='word_1_99' title='bbox 92 1767 136 1852; x_wconf 79' lang='grc' dir='ltr'><strong><em>μη</em></strong></span> <span class='ocrx_word' id='word_1_100' title='bbox 148 1769 320 1852; x_wconf 85' lang='grc' dir='ltr'><strong><em>προσέχειν</em></strong></span> <span class='ocrx_word' id='word_1_101' title='bbox 337 1785 405 1848; x_wconf 86' lang='grc' dir='ltr'><strong><em>τοῖς</em></strong></span> <span class='ocrx_word' id='word_1_102' title='bbox 415 1767 473 1847; x_wconf 81' lang='grc' dir='ltr'><strong><em>τάς</em></strong></span> <span class='ocrx_word' id='word_1_103' title='bbox 485 1770 588 1855; x_wconf 92' lang='grc' dir='ltr'><strong><em>μάχας</em></strong></span> <span class='ocrx_word' id='word_1_104' title='bbox 600 1773 655 1837; x_wconf 88' lang='grc' dir='ltr'><strong><em>καί</em></strong></span> <span class='ocrx_word' id='word_1_105' title='bbox 666 1768 706 1836; x_wconf 81' lang='grc' dir='ltr'><strong><em>τά</em></strong></span> <span class='ocrx_word' id='word_1_106' title='bbox 717 1776 785 1836; x_wconf 90' lang='grc' dir='ltr'><strong><em>τῶν</em></strong></span> <span class='ocrx_word' id='word_1_107' title='bbox 796 1770 974 1854; x_wconf 84' lang='grc' dir='ltr'><strong><em>προγόνων</em></strong></span> <span class='ocrx_word' id='word_1_108' title='bbox 985 1772 1040 1836; x_wconf 88' lang='grc' dir='ltr'><strong><em>λέ-</em></strong></span> 
     </span>
    </p>

    <p class='ocr_par' dir='ltr' id='par_1_8' title="bbox 42 1867 1147 2350">
     <span class='ocr_line' id='line_1_17' title="bbox 42 1867 1041 1955; baseline 0.004 -24"><span class='ocrx_word' id='word_1_109' title='bbox 42 1890 77 1942; x_wconf 72' lang='grc' dir='ltr'><strong><em>ες</em></strong></span> <span class='ocrx_word' id='word_1_110' title='bbox 90 1886 189 1950; x_wconf 90' lang='grc' dir='ltr'><strong><em>γουσι</em></strong></span> <span class='ocrx_word' id='word_1_111' title='bbox 205 1867 360 1951; x_wconf 90' lang='grc' dir='ltr'><strong><em>τρόπαια,</em></strong></span> <span class='ocrx_word' id='word_1_112' title='bbox 382 1868 463 1955; x_wconf 75' lang='grc' dir='ltr'><strong><em>μηδὲ</em></strong></span> <span class='ocrx_word' id='word_1_113' title='bbox 479 1883 546 1947; x_wconf 85' lang='grc' dir='ltr'><strong><em>τοῖς</em></strong></span> <span class='ocrx_word' id='word_1_114' title='bbox 554 1867 687 1953; x_wconf 84' lang='grc' dir='ltr'><strong><em>Ἕλλησι</em></strong></span> <span class='ocrx_word' id='word_1_115' title='bbox 704 1877 853 1955; x_wconf 78' lang='grc' dir='ltr'><strong><em>βοηθεῖν.</em></strong></span> <span class='ocrx_word' id='word_1_116' title='bbox 884 1867 934 1936; x_wconf 81' lang='grc' dir='ltr'><strong><em>ὅτι</em></strong></span> <span class='ocrx_word' id='word_1_117' title='bbox 953 1867 984 1935; x_wconf 77' lang='grc' dir='ltr'><strong><em>β’</em></strong></span> <span class='ocrx_word' id='word_1_118' title='bbox 999 1867 1041 1935; x_wconf 89' lang='grc' dir='ltr'><strong><em>ού</em></strong></span> 
     </span>
     <span class='ocr_line' id='line_1_18' title="bbox 93 1965 1109 2053; baseline 0 -20"><span class='ocrx_word' id='word_1_119' title='bbox 93 1969 200 2050; x_wconf 73' lang='grc' dir='ltr'><strong><em>ψευδῆ</em></strong></span> <span class='ocrx_word' id='word_1_120' title='bbox 218 1966 323 2049; x_wconf 93' lang='grc' dir='ltr'><strong><em>μόνον</em></strong></span> <span class='ocrx_word' id='word_1_121' title='bbox 340 1968 581 2053; x_wconf 84' lang='grc' dir='ltr'><strong><em>κατηγόρηκεν,</em></strong></span> <span class='ocrx_word' id='word_1_122' title='bbox 606 1965 688 2035; x_wconf 88' lang='grc' dir='ltr'><strong><em>άλλά</em></strong></span> <span class='ocrx_word' id='word_1_123' title='bbox 706 1971 758 2034; x_wconf 79' lang='grc' dir='ltr'><strong><em>καί</em></strong></span> <span class='ocrx_word' id='word_1_124' title='bbox 777 1966 926 2034; x_wconf 81' lang='grc' dir='ltr'><strong><em>άίύνατα</em></strong></span> <span class='ocrx_word' id='word_1_125' title='bbox 946 1971 1040 2051; x_wconf 89' lang='grc' dir='ltr'><strong><em>γενέ·</em></strong></span> <span class='ocrx_word' id='word_1_126' title='bbox 1056 1988 1109 2043; x_wconf 66' lang='lat'><strong><em>243</em></strong></span> 
     </span>
     <span class='ocr_line' id='line_1_19' title="bbox 92 2064 1038 2153; baseline -0.001 -21"><span class='ocrx_word' id='word_1_127' title='bbox 92 2075 183 2150; x_wconf 87' lang='grc' dir='ltr'><strong><em>σθαι,</em></strong></span> <span class='ocrx_word' id='word_1_128' title='bbox 206 2071 285 2150; x_wconf 91' lang='grc' dir='ltr'><strong><em>μίαν</em></strong></span> <span class='ocrx_word' id='word_1_129' title='bbox 294 2067 355 2150; x_wconf 81' lang='grc' dir='ltr'><strong><em>μὲν</em></strong></span> <span class='ocrx_word' id='word_1_130' title='bbox 366 2065 467 2144; x_wconf 88' lang='grc' dir='ltr'><strong><em>αύτὸς</em></strong></span> <span class='ocrx_word' id='word_1_131' title='bbox 477 2064 551 2132; x_wconf 86' lang='grc' dir='ltr'><strong><em>καθ’</em></strong></span> <span class='ocrx_word' id='word_1_132' title='bbox 564 2064 670 2134; x_wconf 81' lang='grc' dir='ltr'><strong><em>αὑτοῦ</em></strong></span> <span class='ocrx_word' id='word_1_133' title='bbox 679 2068 901 2153; x_wconf 87' lang='grc' dir='ltr'><strong><em>Δημοσθένης</em></strong></span> <span class='ocrx_word' id='word_1_134' title='bbox 913 2091 1038 2151; x_wconf 88' lang='grc' dir='ltr'><strong><em>μαρτυ-</em></strong></span> 
     </span>
     <span class='ocr_line' id='line_1_20' title="bbox 92 2161 1040 2252; baseline 0.002 -23"><span class='ocrx_word' id='word_1_135' title='bbox 92 2170 167 2244; x_wconf 87' lang='grc' dir='ltr'><strong><em>ρίαν</em></strong></span> <span class='ocrx_word' id='word_1_136' title='bbox 178 2163 518 2249; x_wconf 82' lang='grc' dir='ltr'><strong><em>μαρτυρησει,έτέραν</em></strong></span> <span class='ocrx_word' id='word_1_137' title='bbox 529 2163 564 2231; x_wconf 74' lang='grc' dir='ltr'><strong><em>δέ</em></strong></span> <span class='ocrx_word' id='word_1_138' title='bbox 575 2163 695 2243; x_wconf 87' lang='grc' dir='ltr'><strong><em>πάντες</em></strong></span> <span class='ocrx_word' id='word_1_139' title='bbox 705 2163 872 2252; x_wconf 79' lang='grc' dir='ltr'><strong><em>Ἀθηναῖοι</em></strong></span> <span class='ocrx_word' id='word_1_140' title='bbox 882 2165 937 2231; x_wconf 87' lang='grc' dir='ltr'><strong><em>καί</em></strong></span> <span class='ocrx_word' id='word_1_141' title='bbox 948 2161 1040 2250; x_wconf 81' lang='grc' dir='ltr'><strong><em>ὑμεῖς</em></strong></span> 
     </span>
     <span class='ocr_line' id='line_1_21' title="bbox 92 2259 1147 2350; baseline 0.001 -24"><span class='ocrx_word' id='word_1_142' title='bbox 92 2259 426 2347; x_wconf 77' lang='grc' dir='ltr'><strong><em>ἀναμιμνησκόμενοι,</em></strong></span> <span class='ocrx_word' id='word_1_143' title='bbox 437 2268 550 2349; x_wconf 87' lang='grc' dir='ltr'><strong><em>τρίτην</em></strong></span> <span class='ocrx_word' id='word_1_144' title='bbox 562 2260 627 2348; x_wconf 75' lang='grc' dir='ltr'><strong><em>δέη</em></strong></span> <span class='ocrx_word' id='word_1_145' title='bbox 640 2271 697 2350; x_wconf 80' lang='grc' dir='ltr'><strong><em>τῆς</em></strong></span> <span class='ocrx_word' id='word_1_146' title='bbox 707 2270 810 2340; x_wconf 82' lang='grc' dir='ltr'><strong><em>αἰτίας</em></strong></span> <span class='ocrx_word' id='word_1_147' title='bbox 821 2262 1037 2346; x_wconf 81' lang='grc' dir='ltr'><strong><em>ἀπιθανότης,</em></strong></span> <span class='ocrx_word' id='word_1_148' title='bbox 1141 2282 1147 2289; x_wconf 83' lang='grc'><em>“</em></span> 
     </span>
    </p>

    <p class='ocr_par' dir='ltr' id='par_1_9' title="bbox 51 2357 1039 2643">
     <span class='ocr_line' id='line_1_22' title="bbox 51 2357 1037 2445; baseline 0 -20"><span class='ocrx_word' id='word_1_149' title='bbox 51 2432 57 2443; x_wconf 43' lang='grc'><strong><em>,</em></strong></span> <span class='ocrx_word' id='word_1_150' title='bbox 91 2359 249 2444; x_wconf 87' lang='grc' dir='ltr'><strong><em>τετάρτην</em></strong></span> <span class='ocrx_word' id='word_1_151' title='bbox 262 2359 296 2427; x_wconf 70' lang='grc' dir='ltr'><strong><em>δέ</em></strong></span> <span class='ocrx_word' id='word_1_152' title='bbox 308 2357 393 2444; x_wconf 79' lang='grc' dir='ltr'><strong><em>ἀνὴρ</em></strong></span> <span class='ocrx_word' id='word_1_153' title='bbox 408 2358 593 2445; x_wconf 75' lang='grc' dir='ltr'><strong><em>ἀξιόλογος,</em></strong></span> <span class='ocrx_word' id='word_1_154' title='bbox 616 2359 661 2439; x_wconf 87' lang='grc' dir='ltr'><strong><em>εἷς</em></strong></span> <span class='ocrx_word' id='word_1_155' title='bbox 679 2370 746 2429; x_wconf 90' lang='grc' dir='ltr'><strong><em>τῶν</em></strong></span> <span class='ocrx_word' id='word_1_156' title='bbox 763 2363 1037 2445; x_wconf 82' lang='grc' dir='ltr'><strong><em>πολιτευομένων,</em></strong></span> 
     </span>
     <span class='ocr_line' id='line_1_23' title="bbox 88 2449 1039 2546; baseline -0.002 -23"><span class='ocrx_word' id='word_1_157' title='bbox 88 2457 272 2541; x_wconf 86' lang='grc' dir='ltr'><strong><em>Ἀμύντωρ,</em></strong></span> <span class='ocrx_word' id='word_1_158' title='bbox 295 2449 371 2546; x_wconf 76' lang='grc' dir='ltr'><strong><em>ᾦτό</em></strong></span> <span class='ocrx_word' id='word_1_159' title='bbox 392 2458 543 2542; x_wconf 78' lang='grc' dir='ltr'><strong><em>ψήφισμα</em></strong></span> <span class='ocrx_word' id='word_1_160' title='bbox 560 2462 741 2537; x_wconf 81' lang='grc' dir='ltr'><strong><em>ἐπεδείξατο</em></strong></span> <span class='ocrx_word' id='word_1_161' title='bbox 754 2459 1039 2543; x_wconf 86' lang='grc' dir='ltr'><strong><em>Δημοσθένηςκαί</em></strong></span> 
     </span>
     <span class='ocr_line' id='line_1_24' title="bbox 90 2551 1037 2643; baseline 0 -24"><span class='ocrx_word' id='word_1_162' title='bbox 90 2553 319 2639; x_wconf 82' lang='grc' dir='ltr'><strong><em>άνεκοινοῦτο,</em></strong></span> <span class='ocrx_word' id='word_1_163' title='bbox 343 2559 439 2643; x_wconf 79' lang='grc' dir='ltr'><strong><em>εἰδῶ</em></strong></span> <span class='ocrx_word' id='word_1_164' title='bbox 461 2562 508 2643; x_wconf 78' lang='grc' dir='ltr'><strong><em>τῶ</em></strong></span> <span class='ocrx_word' id='word_1_165' title='bbox 530 2569 726 2641; x_wconf 79' lang='grc' dir='ltr'><strong><em>γραμματεῖ,</em></strong></span> <span class='ocrx_word' id='word_1_166' title='bbox 749 2553 809 2640; x_wconf 90' lang='grc' dir='ltr'><strong><em>ούχ</em></strong></span> <span class='ocrx_word' id='word_1_167' title='bbox 828 2551 1037 2637; x_wconf 82' lang='grc' dir='ltr'><strong><em>ὑπεναντίον,</em></strong></span> 
     </span>
    </p>

    <p class='ocr_par' dir='ltr' id='par_1_10' title="bbox 39 2649 1038 3038">
     <span class='ocr_line' id='line_1_25' title="bbox 39 2649 1036 2739; baseline -0.002 -19"><span class='ocrx_word' id='word_1_168' title='bbox 39 2677 74 2730; x_wconf 75' lang='lat'><strong><em>65</em></strong></span> <span class='ocrx_word' id='word_1_169' title='bbox 93 2652 174 2720; x_wconf 85' lang='grc' dir='ltr'><strong><em>άλλόι</em></strong></span> <span class='ocrx_word' id='word_1_170' title='bbox 190 2649 313 2719; x_wconf 84' lang='grc' dir='ltr'><strong><em>ταύτὸν</em></strong></span> <span class='ocrx_word' id='word_1_171' title='bbox 329 2653 504 2738; x_wconf 90' lang='grc' dir='ltr'><strong><em>γεγραφῶς</em></strong></span> <span class='ocrx_word' id='word_1_172' title='bbox 521 2654 724 2738; x_wconf 89' lang='grc' dir='ltr'><strong><em>Φιλοκράτει.</em></strong></span> <span class='ocrx_word' id='word_1_173' title='bbox 758 2662 815 2720; x_wconf 92' lang='grc' dir='ltr'><strong><em>καί</em></strong></span> <span class='ocrx_word' id='word_1_174' title='bbox 829 2679 886 2739; x_wconf 93' lang='grc' dir='ltr'><strong><em>μοι</em></strong></span> <span class='ocrx_word' id='word_1_175' title='bbox 904 2652 983 2738; x_wconf 73' lang='grc' dir='ltr'><strong><em>λαβὲ</em></strong></span> <span class='ocrx_word' id='word_1_176' title='bbox 1000 2651 1036 2718; x_wconf 86' lang='grc' dir='ltr'><strong><em>τό</em></strong></span> 
     </span>
     <span class='ocr_line' id='line_1_26' title="bbox 90 2742 1038 2840; baseline -0.001 -24"><span class='ocrx_word' id='word_1_177' title='bbox 90 2752 244 2836; x_wconf 81' lang='grc' dir='ltr'><strong><em>ψήφισμα</em></strong></span> <span class='ocrx_word' id='word_1_178' title='bbox 254 2751 308 2816; x_wconf 80' lang='grc' dir='ltr'><strong><em>καὶ</em></strong></span> <span class='ocrx_word' id='word_1_179' title='bbox 319 2747 493 2833; x_wconf 80' lang='grc' dir='ltr'><strong><em>ἀνάγνωθι</em></strong></span> <span class='ocrx_word' id='word_1_180' title='bbox 504 2750 540 2818; x_wconf 86' lang='grc' dir='ltr'><strong><em>τὸ</em></strong></span> <span class='ocrx_word' id='word_1_181' title='bbox 552 2755 809 2838; x_wconf 87' lang='grc' dir='ltr'><strong><em>Δημοσθένους,</em></strong></span> <span class='ocrx_word' id='word_1_182' title='bbox 828 2755 864 2818; x_wconf 85' lang='grc' dir='ltr'><strong><em>ἐν</em></strong></span> <span class='ocrx_word' id='word_1_183' title='bbox 881 2742 1038 2840; x_wconf 78' lang='grc' dir='ltr'><strong><em>ῶφαίνε-</em></strong></span> 
     </span>
     <span class='ocr_line' id='line_1_27' title="bbox 89 2847 1038 2940; baseline -0.001 -24"><span class='ocrx_word' id='word_1_184' title='bbox 89 2877 143 2916; x_wconf 93' lang='grc' dir='ltr'><strong><em>ται</em></strong></span> <span class='ocrx_word' id='word_1_185' title='bbox 163 2847 337 2934; x_wconf 89' lang='grc' dir='ltr'><strong><em>γεγραφῶς</em></strong></span> <span class='ocrx_word' id='word_1_186' title='bbox 358 2859 397 2936; x_wconf 79' lang='grc' dir='ltr'><strong><em>τῇ</em></strong></span> <span class='ocrx_word' id='word_1_187' title='bbox 417 2851 478 2935; x_wconf 82' lang='grc' dir='ltr'><strong><em>μὲν</em></strong></span> <span class='ocrx_word' id='word_1_188' title='bbox 499 2855 642 2940; x_wconf 84' lang='grc' dir='ltr'><strong><em>προτέρα</em></strong></span> <span class='ocrx_word' id='word_1_189' title='bbox 663 2861 731 2918; x_wconf 90' lang='grc' dir='ltr'><strong><em>τῶν</em></strong></span> <span class='ocrx_word' id='word_1_190' title='bbox 751 2856 933 2935; x_wconf 81' lang='grc' dir='ltr'><strong><em>ἐκκλησιῶν</em></strong></span> <span class='ocrx_word' id='word_1_191' title='bbox 952 2868 1038 2934; x_wconf 85' lang='grc' dir='ltr'><strong><em>συμ-</em></strong></span> 
     </span>
     <span class='ocr_line' id='line_1_28' title="bbox 88 2941 1038 3038; baseline 0.003 -25"><span class='ocrx_word' id='word_1_192' title='bbox 88 2947 263 3034; x_wconf 83' lang='grc' dir='ltr'><strong><em>βουλεύειν</em></strong></span> <span class='ocrx_word' id='word_1_193' title='bbox 279 2945 340 3014; x_wconf 87' lang='grc' dir='ltr'><strong><em>τὸν</em></strong></span> <span class='ocrx_word' id='word_1_194' title='bbox 356 2947 580 3035; x_wconf 91' lang='grc' dir='ltr'><strong><em>βουλόμενον,</em></strong></span> <span class='ocrx_word' id='word_1_195' title='bbox 601 2958 641 3038; x_wconf 79' lang='grc' dir='ltr'><strong><em>τῇ</em></strong></span> <span class='ocrx_word' id='word_1_196' title='bbox 660 2949 690 3018; x_wconf 81' lang='grc' dir='ltr'><strong><em>δ’</em></strong></span> <span class='ocrx_word' id='word_1_197' title='bbox 711 2948 832 3038; x_wconf 80' lang='grc' dir='ltr'><strong><em>ὑστέρα</em></strong></span> <span class='ocrx_word' id='word_1_198' title='bbox 848 2941 926 3028; x_wconf 82' lang='grc' dir='ltr'><strong><em>τούς</em></strong></span> <span class='ocrx_word' id='word_1_199' title='bbox 938 2951 1038 3033; x_wconf 88' lang='grc' dir='ltr'><strong><em>προέ-</em></strong></span> 
     </span>
    </p>
   </div>
   <div class='ocr_carea' id='block_1_3' title="bbox 36 3044 1039 3595">
    <p class='ocr_par' dir='ltr' id='par_1_11' title="bbox 36 3044 1039 3595">
     <span class='ocr_line' id='line_1_29' title="bbox 90 3044 1039 3134; baseline 0.002 -22"><span class='ocrx_word' id='word_1_200' title='bbox 90 3050 190 3128; x_wconf 77' lang='grc' dir='ltr'><strong><em>δρους</em></strong></span> <span class='ocrx_word' id='word_1_201' title='bbox 201 3049 408 3130; x_wconf 82' lang='grc' dir='ltr'><strong><em>ἐπιψηφίζειν</em></strong></span> <span class='ocrx_word' id='word_1_202' title='bbox 419 3044 476 3125; x_wconf 83' lang='grc' dir='ltr'><strong><em>τάς</em></strong></span> <span class='ocrx_word' id='word_1_203' title='bbox 487 3049 637 3134; x_wconf 87' lang='grc' dir='ltr'><strong><em>γνῶμας,</em></strong></span> <span class='ocrx_word' id='word_1_204' title='bbox 660 3051 762 3134; x_wconf 92' lang='grc' dir='ltr'><strong><em>λόγον</em></strong></span> <span class='ocrx_word' id='word_1_205' title='bbox 775 3050 810 3116; x_wconf 75' lang='grc' dir='ltr'><strong><em>δὲ</em></strong></span> <span class='ocrx_word' id='word_1_206' title='bbox 825 3047 868 3134; x_wconf 83' lang='grc' dir='ltr'><strong><em>μη</em></strong></span> <span class='ocrx_word' id='word_1_207' title='bbox 881 3052 1039 3134; x_wconf 86' lang='grc' dir='ltr'><strong><em>προτιθέ-</em></strong></span> 
     </span>
     <span class='ocr_line' id='line_1_30' title="bbox 88 3139 912 3234; baseline 0.002 -21"><span class='ocrx_word' id='word_1_208' title='bbox 88 3173 159 3233; x_wconf 90' lang='grc' dir='ltr'><strong><em>ναι,</em></strong></span> <span class='ocrx_word' id='word_1_209' title='bbox 172 3150 209 3214; x_wconf 87' lang='grc' dir='ltr'><strong><em>έν</em></strong></span> <span class='ocrx_word' id='word_1_210' title='bbox 220 3139 242 3234; x_wconf 80' lang='grc' dir='ltr'><em>ᾗ</em></span> <span class='ocrx_word' id='word_1_211' title='bbox 252 3150 295 3232; x_wconf 89' lang='grc' dir='ltr'><strong><em>μέ</em></strong></span> <span class='ocrx_word' id='word_1_212' title='bbox 304 3167 406 3232; x_wconf 89' lang='grc' dir='ltr'><strong><em>φησιν</em></strong></span> <span class='ocrx_word' id='word_1_213' title='bbox 418 3145 517 3224; x_wconf 87' lang='grc' dir='ltr'><strong><em>αύτός</em></strong></span> <span class='ocrx_word' id='word_1_214' title='bbox 529 3151 724 3230; x_wconf 92' lang='grc' dir='ltr'><strong><em>Φιλοκράτει</em></strong></span> <span class='ocrx_word' id='word_1_215' title='bbox 735 3164 912 3217; x_wconf 82' lang='grc' dir='ltr'><strong><em>συνειπεῖν.</em></strong></span> 
     </span>
     <span class='ocr_line' id='line_1_31' title="bbox 450 3254 679 3313; baseline -0.004 0"><span class='ocrx_word' id='word_1_216' title='bbox 450 3254 679 3313; x_wconf 78' lang='grc' dir='ltr'><strong><em>ΨΗΦΙΣΜΑ.</em></strong></span> 
     </span>
     <span class='ocr_line' id='line_1_32' title="bbox 36 3342 1036 3432; baseline 0.002 -23"><span class='ocrx_word' id='word_1_217' title='bbox 36 3361 72 3416; x_wconf 82' lang='grc'><strong><em>66</em></strong></span> <span class='ocrx_word' id='word_1_218' title='bbox 175 3343 312 3410; x_wconf 82' lang='grc' dir='ltr'><strong><em>Οὐκοῦν</em></strong></span> <span class='ocrx_word' id='word_1_219' title='bbox 323 3345 361 3409; x_wconf 87' lang='grc' dir='ltr'><strong><em>τά</em></strong></span> <span class='ocrx_word' id='word_1_220' title='bbox 374 3346 434 3428; x_wconf 76' lang='grc' dir='ltr'><strong><em>μὲν</em></strong></span> <span class='ocrx_word' id='word_1_221' title='bbox 446 3351 654 3430; x_wconf 80' lang='grc' dir='ltr'><strong><em>ψηφίσματα,</em></strong></span> <span class='ocrx_word' id='word_1_222' title='bbox 678 3342 721 3423; x_wconf 87' lang='grc' dir='ltr'><strong><em>ῶς</em></strong></span> <span class='ocrx_word' id='word_1_223' title='bbox 737 3348 769 3424; x_wconf 85' lang='grc' dir='ltr'><strong><em>ἐξ</em></strong></span> <span class='ocrx_word' id='word_1_224' title='bbox 787 3345 887 3432; x_wconf 79' lang='grc' dir='ltr'><strong><em>ἀρχῆς</em></strong></span> <span class='ocrx_word' id='word_1_225' title='bbox 897 3345 1036 3430; x_wconf 89' lang='grc' dir='ltr'><strong><em>ἐγράφη,</em></strong></span> 
     </span>
     <span class='ocr_line' id='line_1_33' title="bbox 88 3442 1038 3531; baseline 0.001 -22"><span class='ocrx_word' id='word_1_226' title='bbox 88 3446 188 3528; x_wconf 87' lang='grc' dir='ltr'><strong><em>μένει,</em></strong></span> <span class='ocrx_word' id='word_1_227' title='bbox 202 3448 236 3509; x_wconf 86' lang='grc' dir='ltr'><strong><em>οί</em></strong></span> <span class='ocrx_word' id='word_1_228' title='bbox 245 3444 280 3510; x_wconf 76' lang='grc' dir='ltr'><strong><em>δὲ</em></strong></span> <span class='ocrx_word' id='word_1_229' title='bbox 291 3452 358 3510; x_wconf 89' lang='grc' dir='ltr'><strong><em>τῶν</em></strong></span> <span class='ocrx_word' id='word_1_230' title='bbox 371 3452 593 3530; x_wconf 80' lang='grc' dir='ltr'><strong><em>συκοφαντῶν</em></strong></span> <span class='ocrx_word' id='word_1_231' title='bbox 610 3442 704 3528; x_wconf 89' lang='grc' dir='ltr'><strong><em>λόγοι</em></strong></span> <span class='ocrx_word' id='word_1_232' title='bbox 714 3443 797 3528; x_wconf 84' lang='grc' dir='ltr'><strong><em>πρός</em></strong></span> <span class='ocrx_word' id='word_1_233' title='bbox 808 3446 886 3524; x_wconf 86' lang='grc' dir='ltr'><strong><em>τούς</em></strong></span> <span class='ocrx_word' id='word_1_234' title='bbox 896 3443 944 3529; x_wconf 84' lang='grc' dir='ltr'><strong><em>ἐφ’</em></strong></span> <span class='ocrx_word' id='word_1_235' title='bbox 957 3443 1038 3531; x_wconf 78' lang='grc' dir='ltr'><strong><em>ἡμέ-</em></strong></span> 
     </span>
     <span class='ocr_line' id='line_1_34' title="bbox 130 3537 886 3595; baseline 0.008 -6"><span class='ocrx_word' id='word_1_236' title='bbox 130 3538 289 3593; x_wconf 72' lang='grc' dir='ltr'><strong><em>Αεεειιιοιεο.</em></strong></span> <span class='ocrx_word' id='word_1_237' title='bbox 865 3537 886 3595; x_wconf 86' lang='grc'><strong>6</strong></span> 
     </span>
    </p>
   </div>
   <div class='ocr_carea' id='block_1_4' title="bbox 0 0 1174 3916">
    <p class='ocr_par' dir='ltr' id='par_1_12' title="bbox 0 0 1174 3916">
     <span class='ocr_line' id='line_1_35' title="bbox 0 0 1174 3916; baseline 0 2"><span class='ocrx_word' id='word_1_238' title='bbox 0 0 1174 3916; x_wconf 95' lang='lat' dir='ltr'><strong><em> </em></strong></span> 
     </span>
    </p>
   </div>
  </div>
 </body>
</html>
