2340 3916
415 740 723 818 PRAEFATIO.

171 926 348 991 Andocidis
363 925 488 990 codices
509 926 634 990 cosdem
656 926 723 990 fere
746 929 843 1009 alque
858 925 1054 1010 Antiphon-

84 1030 129 1094 tis
155 1029 325 1111 habemus,
353 1032 577 1111 praeterquam
608 1026 694 1110 quod
717 1026 964 1093 OxoniensisN
994 1050 1055 1112 ope

84 1131 121 1194 in
153 1130 216 1194 hoc
244 1133 370 1194 oratore
404 1128 549 1192 uestium
584 1150 702 1191 sumus
758 1126 846 1203 Quos
872 1133 909 1193 ut
942 1151 1054 1194 omnes

88 1253 127 1296 ex
149 1253 215 1295 uno
238 1229 412 1313 exemplari
434 1229 595 1293 derivatos
617 1250 685 1293 osse
707 1251 724 1292 e
746 1229 870 1294 lacunis
892 1235 1056 1315 corrupte-

85 1333 190 1416 lisque
212 1331 337 1415 multis,
361 1352 440 1415 quas
456 1352 569 1395 omncs
584 1350 770 1395 communes
791 1331 922 1414 habent,
946 1333 1055 1397 cerlis·

89 1434 205 1497 simum
233 1438 295 1516 est,
323 1433 370 1497 ita
395 1431 479 1496 nihil
508 1431 641 1495 dubium
667 1432 746 1514 quin
768 1432 946 1515 {antiquum
974 1434 1056 1499 illud

87 1535 248 1618 exemplar
277 1535 312 1598 in
340 1533 447 1598 codice
471 1532 662 1617 Orippsiano
684 1534 715 1596 A
740 1533 817 1597 satis
839 1534 977 1598 fideliter
1003 1556 1056 1599 ex·

87 1657 242 1720 pressum,
265 1636 300 1699 in
315 1635 428 1700 celeris
444 1634 643 1699 multimodis
659 1638 846 1717 corruptum
861 1634 1053 1701 intueamur.

87 1736 233 1802 Contulit
265 1741 374 1801 autem
400 1735 425 1800 I.
462 1735 629 1800 Bekkerus
666 1740 793 1818 praeter
826 1734 1054 1819 Orippsianum

84 1843 150 1902 tres
177 1837 354 1902 Andocidis
387 1838 503 1901 libros:
537 1836 789 1900 Laurentianum
822 1836 867 1921 B,
902 1837 958 1920 qui
987 1837 1055 1921 ple·

84 1960 220 2022 rumque
249 1961 321 2003 curn
348 1938 405 2002 illo
433 1938 638 2003 consentiens
666 1938 831 2022 aliquanto
859 1943 969 2003 tamen
1003 1939 1056 2003 de-

83 2041 185 2104 terior
224 2044 272 2104 esi
283 2091 292 2124 ,
332 2039 532 2105 Marcianum
572 2040 599 2104 L
634 2045 666 2105 et
698 2039 985 2105 Vraiislaviensem
1019 2040 1053 2123 Z,
1106 2038 1109 2043 ’

85 2165 165 2225 quos
193 2164 264 2206 eum
294 2145 327 2206 et
359 2142 616 2225 corruptissimos
649 2164 717 2206 esse
750 2141 918 2206 cicadam
944 2142 1054 2206 omnia

82 2244 272 2327 plerumque
300 2244 449 2308 exhibere
477 2243 614 2327 videret,
648 2242 849 2309 Marcianum
882 2248 957 2326 post
985 2266 1054 2308 ora-

83 2345 207 2410 tionem
230 2347 367 2429 primam
388 2346 522 2409 missum
544 2344 629 2409 fecit.
669 2344 923 2407 Ambrosianum
944 2349 1053 2409 aulem

83 2446 110 2510 P
155 2451 187 2510 ct
219 2446 440 2510 Burneianum
472 2445 508 2509 M
545 2445 656 2529 paucis
688 2444 768 2508 locis
801 2442 968 2509 Bekkerus
1005 2446 1054 2509 in-

83 2550 198 2632 spexit,
221 2570 327 2632 neque
347 2548 454 2612 hercle
476 2568 515 2611 ex
537 2546 654 2610 codicis
671 2545 706 2608 M
726 2545 854 2628 integra
869 2544 1052 2629 collatione,

84 2671 167 2732 quae
198 2649 282 2732 apud
304 2648 496 2713 Dobsonum
519 2651 637 2729 exsut,
662 2647 833 2731 quicquam
856 2665 1052 2730 magnopere

82 2752 199 2814 lucrati
221 2771 340 2814 sumus.
372 2749 493 2814 (lonira
515 2749 601 2833 quod
617 2747 843 2833 Orippsianum
865 2747 950 2810 idem
965 2747 1052 2813 Dob-

81 2874 180 2917 sonus
208 2853 326 2916 ilerum
352 2852 504 2934 exeussii,
533 2850 566 2913 id
591 2850 719 2934 quidem
746 2871 814 2913 non
842 2849 912 2913 sine
943 2850 1052 2934 aliquo

80 2954 189 3018 fructu
211 2953 332 3018 facium
356 2954 444 3035 esen)
489 2950 594 3016 Huius
622 2951 723 3035 igitur
749 2951 824 3015 libri
851 2950 1007 3017 lectiones
1034 2973 1052 3016 e

152 3106 177 3170 *)
198 3108 376 3173 spicilegium
404 3122 476 3156 nnnc
501 3121 610 3170 quoque
637 3105 764 3156 relictum
788 3121 850 3156 esse
877 3106 937 3172 ipse
964 3122 1054 3171 nuper

81 3192 143 3226 cum
161 3177 294 3227 Londinii
317 3191 406 3225 essem
424 3173 509 3225 facile
531 3174 674 3239 perspexi:
701 3172 788 3224 mulla
813 3174 886 3223 enim
905 3174 934 3223 in
953 3189 986 3223 eo
1006 3189 1051 3225 co·

82 3244 145 3294 (lice
165 3245 251 3309 primo
271 3242 354 3293 aliter
371 3248 453 3307 alque
468 3257 540 3292 nunc
560 3246 624 3291 sunt
636 3242 816 3305 exstiterunt,
836 3256 907 3305 quas
924 3255 1051 3306 magnam

81 3317 190 3378 partem
213 3311 359 3362 nemodum
384 3311 518 3361 enotavit.
555 3308 690 3360 Sericum
713 3323 822 3374 semper
840 3307 936 3358 eadem
954 3323 1052 3359 manus

82 3394 173 3442 neque
192 3380 281 3429 altera
299 3378 355 3428 ulla
375 3379 536 3440 correxerit,
556 3393 596 3442 pr.
614 3392 648 3431 m,
666 3376 803 3429 lectiones
822 3376 918 3427 corin
936 3376 970 3426 in
987 3375 1051 3428 hoc

81 3451 220 3498 oratore
240 3461 294 3497 non
312 3446 407 3512 magni
424 3444 573 3497 faciendae
594 3450 665 3496 sunt.

860 3549 897 3598 θ’.
