2340 3916
307 171 313 181 ’
339 205 466 260 KATA
491 205 759 263 νιοιΑΡιιου.
985 204 1026 265 οῖ

76 368 137 448 μὲν
153 363 237 443 εἶναι
253 370 377 449 πολλῆς
396 362 584 449 ἀβελτερίας
603 363 788 450 φήσουσιν,
811 361 831 432 6
849 366 912 450 ε’γώ
931 369 1027 449 λέγω.

77 462 254 541 ιῖξιάσουσι
277 464 315 528 δέ
337 487 377 547 με
406 463 575 547 μάρτυρας
597 467 824 547 παρασχέσθαι
846 464 1028 549 διαρρήδην

80 568 357 683 ααρτυρρῦντας,
374 558 461 627 ὅπου
484 565 659 645 ἔπραττεν,
682 558 772 638 ὅπως
794 563 913 645 ἐποίει,
936 556 959 647 ἢ
980 568 1028 637 τίς

24 667 60 722 72
80 653 222 743 εἷδεν,’“
199 685 219 742 η
232 684 280 735 τις
291 650 511 743 ηνοτροπος,
529 665 681 742 πρᾶγμα,
701 657 848 743 οἷμαι,α
828 656 959 736 ναιδες
973 663 1026 724 λε

78 782 200 839 γοντες.
224 753 265 822 06
282 756 345 839 γάρ
364 760 466 839 ἔγωγε
489 752 715 841 ὑπολαμβάνω
733 754 839 833 οὕτως
855 753 941 850 ὑμᾶς
957 757 1027 820 ἐπι-

42 856 48 864 ’
79 851 288 939 λήσμονας
259 879 358 940 ειναι,
382 852 466 920 ίίστε
478 851 681 940 άμνημονεῐν
694 844 742 920 66
754 851 853 941 ὀλίγῳ
865 851 1029 938 πρότερον

82 951 242 1037 ἠκούσατε
260 949 604 1037 ἀναγιγνωσκομένων
624 979 692 1019 των
703 977 831 1037 νομων,
855 945 958 1028 ένοις
975 957 1032 1035 γε’-
1046 962 1079 1016 95

79 1052 235 1136 γραπται,
258 1050 317 1116 ἐάν
328 1076 375 1129 τις
387 1051 598 1137 μισθώσηταί
604 1077 676 1118 τινα
687 1047 873 1135 Ἀθηναίων
886 1052 938 1118 ἐπὶ
949 1049 1028 1116 ταύ-

78 1175 139 1233 την
150 1146 210 1234 τὴν
222 1145 420 1235 πράξινῆ”
384 1177 442 1217 εαν
452 1177 500 1229 τις
512 1147 630 1217 ἑαυτὸν
641 1149 806 1236 μισθάοη,
819 1148 976 1234 ἔνοχον
946 1175 1030 1216 ειναι

79 1260 146 1324 τοῖς
158 1254 322 1333 μεγίστοις
339 1250 394 1316 καὶ
411 1263 478 1326 τοις
496 1258 579 1327 ίσοις
595 1252 774 1334 ἐπιτιμίοις
798 1253 845 1324 τίς
863 1238 927 1313 οὖν
943 1244 1030 1363 οῧτιμ

80 1344 317 1464 ταλαίπωριίς’
301 1366 391 1412 εστιν
409 1346 605 1431 άνθρωπος,
629 1344 719 1423 ὅστις
736 1341 778 1410 66
790 1343 958 1430 ἐθελήσειε
970 1364 1032 1409 66-

81 1449 152 1526 φῶς
169 1443 326 1529 τοιαύτην
343 1450 528 1528 μαρτυρίαν
546 1452 769 1530 μαρτυρῆσαι,
793 1433 864 1520 ἐξ
842 1468 881 1526 ης
893 1440 1031 1527 ὑπάρχει

83 1537 187 1630 αὐτῷ,
207 1540 269 1608 ε’ίιν
292 1540 421 1627 τάληθῆ
438 1542 650 1630 μαρτυρήση,
673 1538 896 1611 ἐπιδεικνύναι
915 1546 1031 1625 ἔνοχον

27 1653 64 1708 73
82 1636 161 1705 ὄντα
174 1637 293 1706 ἑαυτὸν
305 1654 372 1718 τοῖς
383 1640 528 1724 ἐσχάτοις
545 1644 730 1723 ἐπιτιμίοιςς
753 1637 880 1705 οὐκοῦν
891 1636 1031 1704 ὑπόλοι-
1077 1659 1081 1668 ·

84 1734 149 1803 κόν
163 1740 231 1805 ἐστι
253 1736 313 1804 τὸν
335 1739 528 1806 πεπονθότα
548 1735 730 1824 ὁμολογεῖν.
756 1736 839 1805 άλλά
859 1735 912 1803 διά
932 1735 1030 1804 τοῦτο

84 1843 248 1922 κρίνεται,
271 1836 322 1904 ὅτι
336 1838 575 1919 ταῦτα’πράξας
587 1835 675 1921 παρά
687 1834 764 1914 τούς
775 1836 900 1921 νόμους
911 1837 1032 1919 ἐδημη-

85 1937 183 2021 γόρει.
206 1937 372 2024 βούλεσθε
390 1931 453 2004 οὖν
469 1935 506 2004 τδ
524 1936 605 2004 ὅλον
624 1944 756 2021 πρᾶγμα
775 1933 913 2019 ἀφῶμεν
924 1936 978 2001 καλ
989 1960 1032 2018 μη

86 2045 245 2124 ζητοῖμενς
269 2034 311 2157 νίχ
327 2035 386 2120 τδη
397 2040 546 2104 Ποσειδῶ
560 2044 667 2125 καλῶς
680 2034 744 2117 άρα
756 2032 818 2120 τὴν
829 2033 927 2100 πόλιν
940 2032 1032 2117 οίκη-

86 2161 238 2256 σομεν,ε
223 2133 302 2220 εί,
291 2136 311 2203 ά
328 2133 422 2205 αὐτοὶ
435 2143 519 2226 ἒργςο
533 2148 627 2222 ίσμεν
640 2136 837 2262 γιγνόμενα,
860 2142 962 2201 ταῦτα
975 2131 1032 2199 ίάν

10 2302 15 2311 ,
85 2239 129 2323 μή
146 2264 193 2315 τις
208 2227 309 2320 δεῦρο
328 2237 508 2321 παρελθών
526 2244 640 2323 σαφῶς
658 2235 725 2321 ἅμα
742 2237 796 2302 καὶ
807 2232 1033 2319 άναισχύντως

86 2334 296 2423 ιιαρτυρήση,
310 2334 362 2403 διά
375 2344 473 2403 τοῦτο
487 2337 883 2422 ἐπιλησόμεθα.Ι
897 2405 899 2409 ,

20 2440 69 2503 '74
169 2436 349 2515 Σκέψασθε
368 2435 403 2502 δὲ
420 2437 474 2501 καὶ
493 2437 528 2502 ἐκ
548 2433 838 2519 παραδειγμάτων·
860 2426 1030 2514 άνάγκηδ
1082 2436 1086 2442 ’
1154 2470 1157 2479 =

86 2544 163 2610 ι’σως
182 2539 272 2599 ε”σται
289 2534 501 2618 παραπλήσια
519 2536 764 2616 παραδείγματα
780 2529 863 2597 είναι
879 2538 946 2606 τοῖς
958 2524 1035 2607 τρό-
1051 2538 1085 2593 96

86 2652 158 2705 ποις
168 2643 235 2706 τοῖς
249 2630 424 2716 Τιμάρχου.
439 2627 700 2713 ὁράτετουτουσλ
713 2628 791 2706 τοὺς
802 2626 931 2693 ἐπὶτῶν
943 2630 1036 2707 οίκη-
1059 2712 1063 2719 .

86 2729 198 2814 μάτων
218 2733 478 2814 καθεζομένους,
498 2726 577 2806 τούς
594 2725 866 2814 ὁμολογουμένως
877 2721 938 2809 τὴν
950 2729 1036 2804 πρᾶ-

87 2836 137 2907 ξιν
158 2828 371 2914 πράττοντας,
395 2821 488 2895 οὗτοι
509 2830 621 2914 μέντοι
646 2825 728 2893 ὅταν
744 2822 827 2909 πρὸς
844 2832 884 2912 τῇ
907 2820 1036 2909 ἀνάγκη

47 2948 56 2960 ’
87 2927 189 3015 ταύτῃ
207 2934 400 3011 γίγνωνται,
423 2925 511 3012 ὅμως
527 2925 591 3008 πρό
602 2952 640 3012 γε
651 2952 708 3010 της
719 2952 739 2990 6
742 2921 1036 3008 ίσχύνηςπροβάλ-

87 3034 204 3095 λονταί
216 3054 248 3093 τι
263 3027 317 3093 καὶ
337 3025 542 3116 συγκλῄουσι
564 3022 621 3101 τάς
638 3024 755 3107 θύρας.
778 3028 807 3089 εί
825 3020 866 3107 δή
879 3045 927 3096 τις
953 3016 1038 3107 υμᾶς

88 3124 193 3210 ἔροιτο
207 3124 285 3203 τοὺς
296 3121 362 3213 ὁδῷ
376 3124 631 3207 πορευομένους,
644 3129 677 3188 τί
684 3129 749 3189 νῦν
761 3144 859 3195 ουτος
870 3146 887 3185 ο
878 3115 1038 3200 άνθρω-
1053 3125 1086 3182 97

89 3254 148 3337 πος
159 3229 309 3313 πράττει,
322 3192 428 3302 66669
440 3219 482 3290 66
494 3232 614 3290 είποιτε
625 3214 685 3290 του
674 3226 815 3305 ἔργον
807 3216 965 3333 τοῦνομα,
978 3213 1038 3299 οὐχ

89 3325 231 3412 ὁρῶντες
248 3323 308 3392 τδυ
320 3315 558 3407 είσεληλυθότα
569 3311 727 3404 ὅστιςην,
749 3314 832 3385 άλλδι
847 3342 909 3402 την
920 3319 1039 3399 προαί-

19 3485 47 3503 ,.
90 3448 182 3506 οεσιν
199 3435 256 3510 τῆς
270 3428 422 3512 ἐργασίας
440 3449 501 3489 του
489 3419 705 3499 άυθριάπου
723 3415 909 3494 συνειδότες
926 3411 1035 3481 καὶ
1002 3438 1038 3478 το
