2340 3916
187 193 248 259 164
539 199 794 257 ΑΙΣΧΙΝΟΥ

186 357 236 426 ότι
255 359 329 445 περὶ
346 365 415 424 των
432 354 650 442 ὑπαρχόντων
671 354 811 442 ἀγαθῶν
828 362 864 426 ἐν
889 356 1012 445 ἡμέρας
1029 372 1137 452 μικρῷ

186 460 277 541 μέρει
290 461 526 541 διαγωνιεῖται,
549 456 605 522 καὶ
622 453 676 522 διά
693 463 797 523 ταῦτα
813 459 1022 543 βουλομένου
1040 459 1137 545 ποιή-

186 565 308 624 σασθαι
326 552 388 641 τήν
406 554 543 641 εἰρήνην
559 554 613 621 καὶ
640 561 815 640 πρεσβείας
831 553 1045 624 ἀποστέλλειν
1058 560 1137 642 μέλ-

185 661 310 738 λοντος,
325 653 459 721 καὶτῶν
471 648 643 738 ἀρχόντων
655 658 723 718 τῶν
733 654 769 718 ἐν
780 653 904 739 Θήβαις
916 659 1138 741 φοβουμένων

184 750 245 820 τόν
257 751 391 820 ἐπιόντα
402 755 579 831 κίνδυνον,
593 749 741 828 εἰκότως·
763 746 806 817 οὐ
816 747 880 837 γάρ
892 750 1001 837 ῥήτωρ
1013 750 1137 837 ἀστρά-

185 877 298 929 τευτος
309 852 364 918 καὶ
375 847 482 918 λιπών
492 847 554 935 τήν
565 848 658 927 τάξιν
669 845 792 928 αὐτοδς
803 852 1039 937 ἐνουθέτησεν,
1068 842 1135 918 ἀλλ’

1 1016 10 1033 ,,
185 946 203 1018 ὁ
218 948 369 1028 Φωκικός
378 949 520 1033 πόλεμος
532 943 687 1034 δεκαετής
697 946 842 1032 γεγονοδς
853 943 1048 1034 ἀείμνηστον
1060 973 1136 1016 παι-

1 1062 9 1120 ;;
38 1038 41 1043 ¹
117 1069 168 1124 538
185 1053 277 1118 δείαν
299 1045 421 1127 αὐτοὺς
442 1049 630 1130 ἐπαίδευσε,
653 1048 784 1114 τούτων
805 1048 840 1116 δὲ
864 1049 1008 1136 ἐχόντων
1031 1049 1135 1129 οὕτως
1154 1078 1165 1128 l

13 1138 18 1143 ’
185 1147 385 1233 αἰσθόμενος
396 1148 635 1232 Δημοσθένης,
656 1145 806 1227 καὶτοὺς
823 1148 1031 1235 Βοιωτάρχας
1049 1148 1135 1216 ὑπο-

185 1243 329 1325 πτεύσας
339 1249 471 1332 μέλλειν
487 1245 622 1332 εἰρήνην
640 1249 706 1334 ἰδίηι
725 1257 893 1315 ποιεῖσθαι
902 1255 1040 1334 χρυσίον
1051 1249 1134 1317 ἀνευ

183 1343 290 1413 αὑτοῦ
302 1343 391 1430 παρά
402 1351 571 1412 Φιλίππου
580 1344 759 1433 λαβόντας,
772 1344 917 1433 ἀβίωτον
926 1343 1134 1434 ἡγησόμενος

183 1444 279 1529 εἰναι,
291 1453 324 1512 εί
331 1460 420 1525 τινος
430 1441 713 1531 ἀπολειφθήσεται
724 1449 942 1533 δωροδοκίας,
961 1445 1134 1535 ἀναπηδή-

184 1563 244 1625 σας
255 1547 292 1614 ἐν
302 1554 343 1633 τή
353 1549 526 1633 ἐκκλησίην,
538 1542 676 1623 οὐδενός
687 1542 881 1632 ἀνθρώπων
890 1549 1045 1632 λέγοντος
1056 1546 1131 1615 οὔθ’

184 1640 228 1723 ὥς
246 1649 299 1713 δεῖ
312 1653 480 1713 ποιεῖσθαι
495 1640 580 1731 πρὸς
596 1649 765 1712 Φίλιππον
780 1645 916 1733 εἰρήνην
935 1643 1010 1714 οὔθ’
1031 1644 1074 1726 ὡς
1092 1645 1133 1714 οό

183 1748 248 1830 δεῖ,
261 1741 329 1812 ἀλλ’
342 1741 386 1824 ὦς
397 1743 497 1835 ήόετο,
515 1752 613 1812 τοῦτο
626 1743 780 1830 κήρυγμά
790 1771 822 1812 τι
833 1760 900 1824 τοῖς
911 1745 1133 1831 Βοιωτάρχαις

9 1930 14 1939 Ι
182 1843 421 1932 προκηρύττων
431 1842 613 1931 ἀναφέρειν
624 1840 715 1933 αὐτῷ
724 1842 854 1932 τάμέρη
863 1851 931 1912 τοῖν
941 1847 1132 1932 λημμάτων,

1 1950 3 1957 ’
114 1962 166 2020 539
181 1943 349 2029 διώμνυτο
362 1941 593 2031 τήνἈθηνάν,
605 1939 664 2031 ήν,
677 1940 721 2022 ἀς
732 1947 834 2029 ἔοικε,
854 1949 986 2023 Φειδίας
997 1948 1130 2031 ἐνεργο-
1152 1971 1170 2020 ιἸ

182 2051 296 2130 λαβεῖν
307 2043 482 2128 εἰργάσατο
495 2045 550 2112 καλ
561 2045 764 2130 ἐνεπιορκεῖν
773 2044 1002 2131 Δημοσθένει,
1021 2037 1131 2131 ήμήν,

182 2153 215 2212 εί
228 2171 276 2224 τις
299 2147 380 2231 ἐρεῖ,
404 2141 448 2222 ἀς
464 2141 525 2230 χρή
552 2138 635 2228 πρδς
652 2148 819 2212 Φίλιππον
837 2142 972 2230 εἰρήνην
990 2144 1133 2230 ποιήσα-

182 2253 281 2328 σθαι,
303 2240 441 2324 ἀπάξειν
458 2248 504 2321 εἰς
520 2239 557 2310 τό
570 2242 797 2328 δεσμωτήριον
809 2242 1046 2331 ἐπιλαβόμενος
1063 2253 1132 2312 τῶν

180 2351 317 2429 τριχῶν,
340 2340 608 2429 ἀπομιμούμενος
629 2340 691 2429 τήν
702 2347 926 2427 Κλεοφῶντος
948 2334 1130 2429 πολιτείαν,

180 2438 218 2521 δς
228 2443 281 2511 ἐπὶ
291 2448 351 2510 τοῦ
361 2437 446 2527 πρδς
457 2447 743 2529 Λακεδαιμονίους
753 2444 916 2528 πολέμου,
935 2439 979 2520 ἀς
991 2444 1129 2530 λέγεται,

179 2537 242 2628 τήν
253 2541 352 2610 πόλιν
365 2538 546 2613 ἀπάλεσεν.
576 2540 620 2622 ὡς
631 2538 663 2609 δ’
677 2539 718 2610 οὐ
730 2555 905 2628 προσεῖχον
922 2540 1013 2633 αὐτῷ
1023 2549 1058 2611 οί
1067 2543 1131 2629 ἀρ-

178 2665 291 2725 χοντες
307 2644 344 2709 οἰ
356 2643 395 2709 ἐν
411 2657 481 2721 ταῖς
498 2642 640 2729 Θήβαις,
664 2638 747 2710 ἀλλά
764 2640 913 2720 καὶτοὺς
930 2641 1130 2726 στρατιώτας

177 2737 256 2817 τούς
268 2737 447 2826 ὑμετέρους
462 2741 562 2809 πάλιν
572 2737 780 2827 ἀνέστρεψαν
797 2739 1052 2828 ἐξεληλυθότας,
1073 2745 1129 2809 ίνα

178 2838 410 2925 βουλεύσησθε
427 2842 502 2924 περί
513 2847 571 2925 τής
587 2840 737 2928 εἰρήνης,
755 2842 904 2908 ἐνταῦθα
918 2840 1130 2908 παντάπασιν
1147 2853 1156 2902 1

176 2939 311 3023 ἔκφρων
323 2934 468 3022 ἐγένετο,
490 2940 544 3007 καὶ
556 2937 737 3023 παρελθόν
747 2941 800 3006 ἐπλ
816 2939 852 3006 τό
863 2946 954 3027 βήμα
964 2940 1129 3024 προδότας

177 3043 246 3101 τῶν
258 3033 425 3121 Ἑλλήνων
441 3033 520 3115 τοὺς
530 3038 741 3123 Βοιωτάρχας
755 3039 956 3125 ἀπεκάλεσε,
979 3039 1031 3106 καλ
1044 3039 1129 3124 γρά-

175 3147 251 3212 φειν
268 3138 332 3220 ἐφη
350 3133 503 3220 ψήφισμα
521 3132 618 3214 ὁτοῖς
634 3144 802 3223 πολεμίοις
813 3135 961 3206 οὐδέποτ’
975 3136 1129 3224 ἀντιβλέ-

175 3247 240 3312 ψας
252 3235 394 3319 πέμπειν
404 3230 491 3319 ὑμᾶς
500 3238 652 3324 πρέσβεις
670 3241 716 3315 εἰς
728 3237 840 3323 Θήβας
851 3235 1046 3322 αἰτήσοντας
1057 3245 1128 3324 Θη-

175 3339 291 3417 βαίους
305 3336 419 3401 δίοδον
435 3335 487 3402 ἐπὶ
500 3341 673 3404 Φίλιππον.
707 3332 1027 3423 ὑπεραισχυνθέντες
1047 3335 1084 3404 δὲ
1096 3340 1131 3404 οῖ

97 3441 155 3494 540
167 3433 208 3498 έν
219 3431 348 3520 θήβαις
359 3430 524 3520 ἀρχοντες.
536 3427 581 3518 μή
590 3435 731 3514 δόξωσιν
743 3431 787 3512 ὡς
798 3433 934 3520 ἀληθῶς
945 3432 1029 3501 εἰναι
1041 3459 1128 3518 προ-
