2340 3916
318 251 449 307 ΚΑΤΑ
474 250 848 308 “mmmm
1000 234 1080 308 129'

112 418 326 495 ψηφιεῖσθαι,
350 405 367 475 ὁ
380 409 415 475 δὲ
426 410 535 494 ῥητωρ
547 412 691 492 γέγραφε
708 405 766 474 τὸν
777 403 976 475 ὑπεύθυνον
988 429 1059 475 στε-

113 514 246 592 φανοῦν
258 504 299 572 ού
311 507 471 590 προσθεὶς
481 504 639 588 ,ἐπειδὰν
648 507 695 593 δῶ
706 505 808 589 λόγον
818 504 1061 589 καὶεύθύνας,“

112 603 174 688 έγῶ
197 604 232 670 δέ
253 607 407 689 ἐξελέγχω
430 600 467 669 κδ
492 602 689 687 παράνομον
711 603 881 688 μάρτυρας
902 603 969 690 ἅμα
985 600 1064 680 τούς

111 701 234 786 νόμους
246 700 350 769 καὶκαὶ
363 710 555 788 ψηφίσματα
567 703 621 769 καὶ
632 698 710 779 τούς
722 700 911 781 ἀντιδίκους
922 702 1064 788 παρεχό-

111 827 217 883 μενος.
251 808 320 878 πῶς
342 794 407 867 οὖν
427 799 469 867 δν
495 827 543 878 τις
570 804 853 886 περιφανέστερον
874 803 1064 878 έπιδειξειεν

111 897 295 978 ἄνθρωπον
307 898 570 982 παρανομώτατα
581 900 787 984 γεγραφότας
1078 908 1129 967 427

65 1008 98 1060 32
194 992 250 1072 Ὡς
268 1003 385 1062 τοίνυν
399 998 453 1062 καὶ
470 995 530 1081 την
548 995 733 1082 ἀνάρρησιν
744 1005 806 1064 τού
818 996 987 1082 στεφάνου
998 1021 1063 1062 πα-

114 1095 265 1179 ρανόμως
276 1096 313 1160 έν
323 1101 368 1181 τῷ
381 1100 564 1178 ψηφίσματι
575 1096 894 1179 κελεύειγίγνεσθαι,
902 1098 956 1162 καὶ
967 1090 1061 1160 τοῦθ’

116 1191 199 1276 ὑμᾶς
212 1193 343 1270 διδάξω.
367 1188 458 1276 ὁγδρ
472 1192 573 1277 νόμος
584 1195 767 1280 διαρρήδην
778 1194 920 1279 κελεύει,
934 1194 991 1260 ἐὰν
1002 1196 1064 1279 μέν

113 1317 185 1357 τινα
198 1287 387 1374 στεφανοῖὴ
400 1288 517 1374 βουλη,
530 1291 567 1356 έν
577 1299 624 1378 τῷ
635 1298 859 1380 βουλευτηρίῳ
873 1289 1064 1377 α’νακηρύτ-

113 1397 245 1472 τεσθαι,
265 1385 325 1454 έδν
336 1388 371 1455 δὲ
384 1385 401 1454 ὁ
415 1391 526 1473 δῆμος,
539 1391 576 1455 έν
587 1397 627 1476 τῇ
641 1392 808 1479 ἐκκλησίᾳ,
821 1390 941 1457 α’ίλλοθι
953 1389 988 1456 δέ
1000 1414 1063 1474 μη-

113 1490 229 1570 δαμοῦ.
246 1495 303 1553 καί
311 1512 367 1570 μοι
379 1489 453 1570 λέγε
465 1483 525 1553 τδν
537 1487 651 1573 νόμον.

499 1593 676 1654 ΝΟΜΟΣ.
952 1660 954 1664 ,

67 1697 100 1750 33
202 1677 310 1760 Ούτος
331 1680 348 1750 ὁ
373 1683 489 1769 νόμος,
515 1677 541 1748 ῶ
560 1681 748 1769 Ἀθηναῖοι,
770 1687 824 1750 καὶ
846 1686 936 1769 μύλα
957 1692 1065 1762 καλῶς

115 1791 186 1868 ἔχει.
211 1780 251 1848 ού
263 1779 344 1866 γὰρ,
357 1779 456 1867 οἶμαι,
471 1780 552 1870 φ’ίεκο
565 1787 634 1847 δεῖν
645 1780 662 1848 ὁ
675 1790 859 1868 νομοθέτης
870 1781 930 1849 τδν
941 1783 1065 1870 ῥήτορα

114 1879 340 1966 σεμνύνεσθαι
349 1876 433 1962 πρὸς
444 1876 523 1955 τούς
534 1884 677 1964 ἔξωθεν,
703 1877 917 1964 ἄλλ’ἀγαποῖν
934 1878 1066 1968 έναύτῇ

114 1987 153 2064 τη
166 1979 260 2045 πόλει
271 1976 457 2061 τιμῶμενον
475 1972 540 2041 ύπό
554 1982 615 2040 κοῶ
632 1977 740 2060 δήμου
755 1979 810 2043 καὶ
820 1977 864 2063 μη
874 1981 1066 2063 ἐργολαβεῖν

115 2081 149 2144 έν
168 2092 234 2154 τοῖς
253 2076 471 2161 κηρύγμασιν.
507 2072 525 2140 ὁ
545 2076 607 2158 μὲν
622 2067 686 2140 ούν
704 2078 891 2162 νομοθέτης
902 2075 1023 2154 οὕτως·
1046 2073 1064 2144 δ

115 2177 149 2244 δὲ
160 2183 343 2261 Κτησιφῶν
353 2182 438 2253 πῶς;
458 2171 687 2258 ἀναγίγνωσκε
697 2175 734 2240 τδ
748 2175 917 2261 ψήφισμα.’

473 2281 705 2341 ΨΗΦΙΣΜΑ.

66 2386 100 2438 34
197 2371 362 2457 Ἀκούετε,
386 2366 611 2458 ῶἉθηναλοι,
635 2370 685 2439 ὅτι
702 2369 719 2438 ὁ
737 2372 798 2458 μὲν
810 2375 993 2457 νομοθέτης
1011 2399 1066 2438 κε-

116 2472 203 2539 λεύει
220 2477 255 2537 έν
273 2469 422 2558 τῷδήμῳ
440 2473 477 2537 έν
488 2472 599 2537 Πυκνὶ
609 2479 650 2559 τῇ
660 2474 815 2558 ἐκκλησίᾳ
827 2469 1066 2555 ἀνακηρύττειν
1082 2477 1135 2533 4λ8

116 2567 173 2634 τὸν
185 2566 249 2634 ὑπὸ
263 2575 323 2633 τοῦ
336 2568 442 2654 δήμου
454 2568 745 2654 στεφανούμενον,
768 2566 889 2635 ἄλλοθι
907 2567 942 2634 δὲ
960 2571 1066 2652 μηδα-

116 2675 198 2750 μοῦ,
210 2673 391 2749 Κτησιφῶν
404 2666 439 2733 δὲ
450 2671 485 2733 έν
496 2673 542 2756 τῷ
555 2666 705 2754 θεοίτρφ,
725 2665 766 2734 ού
777 2664 856 2744 τούς
867 2665 993 2751 νόμους
1003 2664 1066 2749 μό-

116 2791 177 2831 νον
189 2761 352 2847 ύπερβδις,
374 2762 456 2831 ἀλλὰ
476 2768 531 2832 καλ
548 2764 607 2832 τὸν
623 2766 728 2833 τόπον
743 2765 965 2852 μετενεγκῶν,
988 2761 1066 2830 οὐδὲ

116 2863 398 2950 ἐκκλησιαζόντων
407 2861 603 2949 Ἀθηναίων,
616 2861 700 2931 ἀλλά
712 2868 893 2954 τραγῳδῶν
906 2861 1067 2947 ἀγωνιζο-

116 2968 226 3049 μένων
241 2970 384 3047 καινῶν,
412 2958 488 3029 οὐδ’
500 2965 653 3031 ἐναντίον
663 2971 725 3030 τοῦ
741 2964 868 3049 δήμου,
887 2959 955 3028 ἀλλ’
969 2963 1067 3027 ἐναν-

116 3071 187 3130 τίον
204 3070 272 3129 τῶν
285 3061 469 3148 Ἑλλήνων,
489 3059 621 3147 ίνήμῑν
640 3067 854 3148 συνειδῶσιν,
878 3055 950 3128 οἷον
960 3061 1067 3141 ἄνδρα

64 3176 97 3229 35
116 3170 269 3248 τιμῶμεν.
305 3160 392 3227 οὕτω
409 3168 527 3228 τοίνυν
543 3167 735 3245 περιφανῶς
753 3161 929 3243 παράνομα
947 3182 1067 3241 γεγρα-

116 3261 203 3347 φῶς,
226 3263 445 3345 παραταχθεὶς
460 3257 541 3345 μετὰ
555 3262 797 3345 Δημοσθένους
815 3263 937 3326 ἐποίσει
953 3260 1068 3342 τέχνας

116 3375 182 3438 τοῖς
195 3360 326 3443 νόμοις·
355 3356 393 3438 δὶς
405 3357 468 3444 έγῶ
481 3358 620 3443 δηλῶσαι
632 3359 687 3425 καὶ
696 3364 827 3439 προερῶ
839 3355 935 3441 ὑμῖν,
953 3350 1065 3439 ἵναμὴ

117 3459 240 3542 λα’θητε
252 3461 517 3543 ἐξαπατηθέντες.
541 3449 635 3524 οὗτοι
646 3454 721 3541 γοὶρ,
735 3452 779 3533 ῶς
792 3454 852 3540 μέν
863 3453 927 3521 οὐκ
938 3452 1071 3532 ‹imm-

158 3556 316 3607 Αεεοιιιιιεε.
