2340 3916
127 197 148 258 2
506 128 720 249 ΔΕΙΝΑΡΧλλΤ

128 383 189 444 μεν
212 396 275 441 -,
298 360 408 424 ἔπειτα
432 353 476 442 μὴ
499 360 678 444 προΐεσθαι
700 353 741 423 τά
765 381 862 423 κοινα
885 358 943 442 τῆς
966 354 1095 435 πόλεως

128 458 257 548 ἀπάσης
280 467 407 546 δίκαια,
430 461 514 548 μηδὲ
536 459 598 548 την
615 459 735 548 κοινὴν
753 466 922 549 σωτηρίαν
941 458 1092 529 ἀντικατ-

100 568 335 649 3αλλάξασθαι
358 571 427 636 τῶν
445 570 507 635 τοῦ
525 569 727 657 κρινομένου
746 567 865 652 λόγων.
899 563 997 655 ὁρᾶτε
1016 569 1092 654 γάρ,

128 666 154 742 ὦ
170 671 358 762 Ἀθηναῖοι,
378 671 429 741 ὅτι
446 672 535 761 παρά
555 672 616 759 μέν
633 669 715 760 ὑμῖν
733 675 959 760 Λημοσθένης
977 670 1093 742 οὑτοσὶ

126 787 289 870 κρίνεται,
317 778 406 866 παρδι
436 779 472 847 δὲ
496 794 565 860 τοῖς
597 777 709 860 άλλοις
736 776 843 866 ὑμεῖς·
872 785 907 849 οἳ
928 783 1092 849 σκοποῦσι

125 894 202 956 τίνα
219 886 298 956 ποτὲ
316 884 455 973 γνώμην
473 886 558 966 ἕξετε
576 887 734 975 περὶτῶν
751 889 791 975 τῇ
810 891 945 975 πατρίδι
964 907 1092 974 συμφε-

23 1054 27 1059 .
126 993 273 1083 ρόντων,
297 994 353 1060 καὶ
375 991 517 1080 πότερον
544 990 602 1072 τάς
626 997 714 1073 ίδίας
736 992 866 1060 τούτων
885 998 1094 1082 δωροδοκίας

125 1101 182 1168 καὶ
200 1104 363 1186 πονηρίας
387 1095 589 1178 ἀναδέξεσθε
612 1104 659 1179 είς
677 1095 764 1185 ὑμᾶς
787 1096 925 1185 αὐτούς,
948 1095 969 1186 ἢ
989 1127 1092 1186 φανε-

125 1204 188 1293 ρὸν
219 1208 322 1273 πᾶσιν
345 1201 539 1292 ἀνθρώποις
570 1205 724 1292 ποιήσετε
748 1205 834 1274 διότι
866 1220 989 1292 μισεῖτε
1012 1204 1092 1286 τοὺς

124 1309 208 1380 κατὰ
226 1314 284 1398 τῆς
306 1315 471 1391 πολιτείας
490 1314 583 1400 δῶρα
605 1311 853 1399 λαμβάνοντας,
876 1313 932 1380 καὶ
956 1308 1018 1398 οὐχ
1041 1310 1089 1379 ἵν’

125 1415 231 1504 ἀφῆτε
250 1425 357 1504 ζητεῖν
379 1419 599 1507 προσετάξατε
616 1421 656 1507 τῇ
675 1420 708 1499 ἐξ
729 1415 858 1505 Ἀρείου
878 1418 989 1505 πάγου
1008 1426 1090 1505 βου-

123 1527 180 1613 λῇ,
203 1520 275 1592 ἀλλ’
301 1528 359 1592 ίνα
386 1520 637 1611 ἀποφηνάντων
663 1524 793 1592 τούτων
821 1520 915 1611 ὑμεῖς
946 1525 1090 1612 τιμωρή·

93 1640 231 1717 4σησθε
252 1632 321 1699 τῶν
349 1627 563 1718 ἀδικημάτων
590 1627 697 1711 ἀξίως.
733 1631 813 1699 νυνὶ
841 1637 961 1699 τοίνυν
988 1634 1089 1700 τοῦτο

124 1734 178 1824 ἐφ’
199 1733 281 1824 ὑμῖν
299 1739 377 1805 ἐστι.
409 1738 646 1824 ψηφισαμένου
666 1735 729 1826 γάρ
748 1739 809 1805 τοῦ
829 1737 938 1825 δήμου
958 1743 1091 1806 δίκαιον

123 1844 296 1931 ψήφισμα,
318 1845 374 1912 καὶ
392 1843 528 1912 πάντων
550 1845 619 1910 τῶν
637 1847 782 1913 πολιτῶν
801 1846 1017 1931 βουλομένων
1036 1840 1091 1912 εὑ-

124 1963 196 2036 ρεῖν
214 1956 302 2030 τίνες
321 1951 385 2019 είσλ
403 1952 472 2018 τῶν
490 1948 644 2039 ῥητόρων
659 1953 694 2018 οί
709 1948 931 2037 τολμήσαντες
945 1952 998 2019 ἐπὶ
1018 1956 1091 2018 δια-

75 2048 98 2110 2‘
125 2058 210 2144 βολῇ
229 2057 285 2124 καὶ
303 2055 452 2147 κινδύνῳ
471 2058 528 2142 τῆς
551 2055 677 2137 πόλεως
695 2056 844 2143 χρήματα
867 2054 956 2143 παρὰ
972 2052 1091 2144 Ἅρπά·

125 2169 188 2230 λου
207 2170 337 2250 λαβεῖν,
361 2163 417 2231 καὶ
435 2160 518 2247 πρὸς
536 2160 667 2241 τοίτοις
685 2167 882 2249 ψηφίσματα
901 2160 1092 2250 γράψαντος

127 2259 394 2356 ιάΔημόσδενες
417 2269 482 2335 σοῦ
505 2265 602 2355 (κατά
626 2266 767 2356 σαυτοῦ)
790 2269 847 2336 καὶ
871 2269 992 2356 ἑτέρων
1010 2279 1090 2338 πολ-

124 2377 205 2461 λῶν,
221 2383 328 2462 ζητεῖν
341 2372 403 2461 τὴν
417 2371 547 2459 βουλὴν
559 2373 634 2462 περὶ
648 2369 772 2460 αὐτῶν,
787 2370 832 2455 ὥς
846 2371 930 2463 αὐτῇ
949 2375 1090 2463 πάτριόν

125 2482 231 2569 ἐστιν,
264 2489 299 2548 εἴ
321 2505 409 2559 τινες
441 2478 596 2567 είληφασι
627 2477 718 2569 παρά
741 2476 907 2570 Ἁρπάλου
938 2490 1089 2571 χρυσίον,

92 2583 247 2675 ὁζητεῖὴ
266 2585 390 2673 βουλή,
413 2582 477 2654 οὐκ
496 2589 532 2655 ἐκ
549 2588 617 2655 τῶν
640 2587 855 2716 προκλήσεων
873 2591 1031 2675 μαθοῦσα
1050 2587 1087 2656 τὸ

121 2697 270 2779 δίκαιον,
294 2688 375 2760 οὐδὲ
392 2689 455 2779 τὴν
477 2689 639 2780 ἀληθειαν
656 2693 765 2762 καὶ
731 2721 793 2782 την
816 2700 928 2763 πίστιν
946 2721 1008 2781 την
1026 2720 1087 2764 πα-

120 2803 217 2885 τρίαν
231 2794 334 2885 αὖτης
348 2799 402 2866 ἐπὶ
416 2800 480 2867 σοῦ
492 2802 676 2868 καταλῦσαι
689 2803 890 2888 βουλομένη,
909 2797 981 2868 ἀλλ’
1004 2798 1084 2928 ὅπερ

120 2905 177 2972 καλ
199 2901 296 2972 αὐτοὶ
315 2907 351 2972 οί
373 2901 601 2993 Ἀρεοπαγῖται
624 2904 735 2993 εἷπον,
757 2926 936 2996 προορωσα
956 2906 994 2995 (
995 2906 1032 2975 ἓν
1011 2903 1086 2996 η)

187 3108 215 3157 3.
232 3098 417 3170 ἀναδέξεσθε
436 3108 470 3157 οἰ.
488 3098 808 3188 δίαρμαάηαδέχεοβε.

186 3175 212 3225 4.
237 3172 414 3239 ψηφίσματα
438 3176 472 3230 οἱ.
489 3175 589 3226 Πολιεῖ
611 3124 751 3240 ψήφισμά
773 3175 798 3224 Ν
820 3188 876 3224 sec
895 3173 1005 3252 Thurl„
1028 3169 1086 3242 ψή-

119 3255 214 3306 φιομα
240 3241 283 3293 Nm
307 3247 337 3292 et
363 3257 424 3293 cum
451 3242 549 3292 eodem
574 3241 659 3293 Dobr.
677 3243 742 3304 Mn,
767 3233 906 3307 ψήφισμά
930 3260 957 3293 τι
980 3260 1005 3294 v.
1042 3243 1086 3293 Cf.

119 3310 185 3371 §82
186 3324 285 3444 ὁῗᾳίζή
285 3392 329 3429 τει
347 3391 422 3441 susp.
441 3376 566 3427 Bam·
591 3389 655 3426 num
673 3368 705 3428 ἐκ
723 3374 780 3428 τῶν
798 3375 884 3442 (τῶν)
904 3378 1005 3441 προκλ.
1013 3379 1026 3426 ῖ
1049 3379 1086 3427 ef.

120 3449 214 3496 autem
231 3448 247 3496 6
267 3450 296 3496 οῖ
313 3444 393 3524 Hyp..
407 3445 436 3505 1,
455 3443 507 3494 col.
526 3445 549 3495 7.
567 3444 663 3498 28.-
629 3444 807 3509 -πατρίαν
826 3445 939 3510 scripsi·
956 3443 1033 3509 περὶ.
1052 3470 1085 3480 -

111 3506 207 3579 αάτῆς
223 3512 296 3565 Βλω
314 3503 470 3577 αὐτῆς-
487 3506 542 3577 μὲν
560 3510 625 3561 addi
642 3512 720 3563 iubet
737 3512 770 3565 R.
788 3538 820 3548 -
