2340 3916
142 186 184 250 58
490 191 743 248 ΛΙΣΧΙΝΟΤ

143 349 199 415 καὶ
209 361 277 426 τοῖς
290 351 509 432 δικαστηρίοις
519 341 676 418 πολλάκις
692 336 852 424 ἀφέμενοι
868 347 937 407 τῶν
954 346 997 418 είς
1009 340 1092 404 αῦτό

143 441 181 512 τό
194 453 329 531 πρᾶγμα
345 444 457 530 λόγων
472 465 537 508 υτο
554 463 612 522 της
627 462 753 522 απατης
770 439 825 504 καὶ
835 445 905 503 τῶν
914 435 1090 517 ἀλαζονευ-

144 541 260 627 μάτων
270 540 395 627 ἄγεσθε
434 543 488 606 καὶ
505 534 639 603 πάντων
653 531 857 602 ἀδικώτατον
868 542 947 613 ἔθος
958 542 1003 612 είς
1014 533 1091 612 τοῦς

144 638 278 724 ἀγῶνας
293 639 541 722 παραδέχεσθε·’
558 637 630 702 ε’άτε
641 632 705 719 γάρ
714 630 793 711 τοῦς
803 631 1093 718 ἀπολογουμένους

144 738 413 824 ἀντικατηγορεῖν
429 743 496 802 τῶν
513 733 799 818 κατηγορούντων.
821 729 957 798 ἐ’πειδάν
973 735 993 797 δ
999 729 1007 754 ’
1026 729 1090 798 ἀπό
1112 750 1146 804 17!

144 845 203 924 τῆς
213 836 392 920 ἀπολογίας
403 830 641 918 ἀποσπασθῆτε
655 833 710 898 καὶ
720 828 779 908 τὰς
788 827 895 914 ψυχάς
906 825 958 914 ἐφ’
971 830 1094 910 ἑτέρων

143 938 304 1021 γένησθε,
326 939 372 1011 είς
388 933 499 1018 λη’θην
512 929 707 1016 ἐμπεσόντες
718 939 776 1014 τῆς
787 935 982 1013 κατηγορίας
1004 932 1095 1012 ἐξέρ-

144 1030 241 1118 χεσθ’
253 1035 288 1099 ἐκ
298 1038 367 1097 τῶν
375 1033 595 1114 δικαστηρίων
604 1026 683 1095 οῦδὲ
692 1025 766 1112 παρ’
778 1029 892 1111 ἑτέρου
901 1031 996 1112 δίκην
1006 1031 1095 1110 είλη-

147 1129 345 1216 φότες,οῦτε
357 1126 446 1210 παρά
459 1135 520 1194 τοῦ
531 1125 735 1211 κατηγόρου,
747 1133 859 1210 ψῆφος
869 1121 934 1209 γάρ
945 1121 1017 1190 κατ’
1030 1120 1095 1189 αῦ-

144 1236 206 1296 τοῦ
223 1224 264 1296 ού
282 1231 422 1310 δίδοται,
445 1223 521 1292 οῦτε
538 1222 628 1309 παρά
640 1231 701 1290 τοῦ
712 1220 1001 1307 ἀπολογουμένου,
1024 1235 1096 1298 ταῖς

78 1347 130 1404 1⁷3
144 1323 209 1411 γὰρ
227 1323 415 1411 ἀλλοτρίαις
432 1330 547 1401 αἰτίαις
563 1320 830 1409 ἀποτριψάμενος
846 1320 886 1389 τά
903 1318 1095 1406 ὑπάρχοντα

146 1422 238 1514 αὐτῷ
255 1423 440 1509 ἐγκλήματα·
460 1424 664 1505 ἐκπέφευγεν
680 1423 716 1488 ἐκ
733 1429 795 1488 τοῦ
812 1425 1042 1505 δικαστηρίου·
1063 1421 1098 1483 οί

147 1527 182 1590 δὲ
199 1523 297 1606 νόμοι
312 1519 531 1588 καταλύονται
547 1515 636 1603 καὶὴ
655 1522 856 1603 δημοκρατία
868 1522 1096 1602 διαφθείρεται

146 1623 201 1688 καί
217 1618 254 1686 τὸ
273 1624 352 1697 ἔθος
370 1620 422 1686 ἐπὶ
441 1616 527 1685 πολύ
546 1624 734 1704 προβαίνει·
757 1617 898 1703 εῦχερῶς
911 1616 974 1703 γάρ
989 1621 1094 1685 ἐνίοτε

148 1717 250 1801 λόγον
261 1715 344 1784 άνευ
355 1725 499 1801 χρηστοῦ
509 1722 586 1802 βίου
597 1720 829 1801 προσδέχεσθε.

228 1811 315 1881 ’Λλλ’
328 1811 370 1880 οῦ
379 1815 649 1900 Λακεδαιμόνιον
671 1814 776 1884 καλὸν
787 1812 818 1882 δ’
832 1819 899 1884 ἐστὶ
911 1818 965 1884 καί
976 1815 1035 1894 τάς
1045 1820 1097 1896 ξε·
1115 1836 1146 1888 18

147 1910 242 1990 νικάς
259 1909 378 1997 ἀρετάς
391 1922 572 1998 μιμεῖσθαι.
595 1918 862 1997 δημηγοροῦντος
877 1914 942 2000 γάρ
959 1942 1050 1994 τινος
1060 1919 1098 1983 έν

147 2017 188 2098 τῇ
199 2019 268 2077 τῶν
280 2014 553 2095 Λακεδαιμονίων
564 2013 736 2097 ἐκκλησία,
759 2008 881 2095 ἀνδρὸς
897 2013 1098 2098 βεβιωκότος

57 2106 62 2115 ’
148 2108 210 2194 μὲν
230 2115 381 2193 αἰσχρῶς,
403 2111 511 2192 λέγειν
532 2105 563 2175 δ’
584 2116 629 2187 είς
646 2105 835 2194 ὑπερβολὴν
857 2114 1018 2196 δυνατοῦ,
1043 2113 1098 2178 καὶ

147 2213 216 2272 τῶν
227 2208 513 2289 Λακεδαιμονίων,
532 2204 576 2283 ῶς
587 2225 684 2290 φασι,
702 2204 785 2272 κατά
796 2207 856 2292 την
867 2210 997 2275 ἐκείνου
1007 2209 1097 2293 γνῶ-

148 2329 215 2389 μην
228 2308 428 2388 ψηφίζεσθαι
438 2301 638 2387 μελλόντων,
651 2311 831 2389 παρελθιιν
842 2332 890 2383 τις
900 2314 968 2373 τῶν
978 2307 1097 2390 γερόν-

148 2428 232 2485 των,
254 2399 313 2480 οῦς
324 2403 445 2468 ἐκείνοι
455 2401 509 2468 καί
520 2400 733 2485 αἰσχύνονται
744 2404 798 2469 καὶ
809 2406 950 2490 δεδίασι,
971 2404 1097 2488 καὶτην

149 2509 206 2585 τῆς
221 2496 349 2583 ἡλικίας
366 2496 478 2565 αὐτῶν
499 2501 689 2584 ἐπωνυμίαν
710 2497 816 2585 ἀρχὴν
836 2508 992 2588 μεγίστην
1013 2501 1098 2569 εἶναι

149 2605 334 2684 νομιζουσι,
357 2605 535 2664 καθιστᾶσι
552 2594 584 2663 δ’
602 2595 724 2678 αύτούς
740 2602 776 2665 ἐκ
792 2608 860 2665 τῶν
877 2604 912 2667 ἐκ
925 2597 1042 2678 παιδός
1053 2607 1098 2678 είς

82 2725 134 2782 174
148 2706 252 2784 γῆρας
264 2697 468 2783 σωφρόνων,
485 2696 615 2762 τούτων
627 2693 688 2782 είς,
708 2694 751 2774 ῶς
761 2702 904 2784 λέγεται,
917 2696 1099 2780 παρελθῶν

151 2803 293 2881 ἰσχυρῶς
310 2799 467 2881 ἐπέπληξε
484 2809 553 2872 τοῖς
567 2800 855 2881 Λακεδαιμονίοις,
879 2803 937 2862 καί
944 2824 975 2863 τι
984 2803 1099 2863 τοιοῦ-

149 2920 209 2961 τον
221 2892 293 2960 κατ’
307 2892 419 2960 αὐτῶν
435 2892 704 2980 ἐβλασφήμησεν,
730 2892 775 2972 ῶς
792 2891 833 2961 οῦ
849 2891 959 2960 πολῦν
974 2893 1099 2979 χρόνον

149 2988 212 3076 την
230 2990 391 3078 Σπάρτην
407 2990 601 3075 ἀπόρθητον
616 2991 789 3074 οἰκήσουσι
805 2990 966 3069 τοιούτοις
983 2995 1020 3058 ἐν
1030 3004 1099 3067 ταῖς

150 3091 333 3174 ἐκκλησίαις
343 3087 547 3175 συμβούλοις
557 3089 729 3173 χρῶμενοι.
741 3088 809 3174 ἅμα
821 3090 856 3157 δὲ
867 3092 1097 3172 παρακαλέσας
1120 3108 1146 3160 l!

152 3187 255 3256 ἀλλον
265 3188 339 3256 τινά
351 3195 419 3255 τῶν
429 3190 712 3273 Λακεδαιμονίων,
728 3186 834 3273 ἀνδρα
848 3190 954 3273 λέγειν
963 3186 1024 3274 μὲν
1037 3185 1100 3252 οῦκ

152 3287 278 3375 εὐφυᾶ,
296 3287 336 3355 τά
350 3289 386 3356 δέ
397 3285 479 3354 κατά
491 3288 637 3373 πόλεμον
647 3285 801 3374 λαμπρόν
811 3286 961 3373 καὶπρὸς
974 3292 1101 3354 δικαιο-

153 3386 261 3471 σύνην
273 3387 327 3453 καί
344 3384 538 3471 ἐγκράτειαν
549 3388 765 3473 διαφέροντα,
778 3388 931 3465 ἐπέταξεν
942 3384 1031 3474 αύτῷ
1043 3384 1102 3462 τὰς
