2340 3916
146 141 187 205 72
329 140 331 145 ’
505 143 755 200 ΑΙΣΧΙΝΟΥ

52 367 55 372 .
74 321 128 376 213
142 301 288 387 τούτων,
307 300 359 371 δι’
372 307 441 387 έζη,
459 301 535 367 υίδν
547 282 723 385 ἐποιήσατό
736 320 788 378 σε,
812 309 851 386 τῇ
864 304 899 369 δὲ
909 301 1100 386 Ἀθηναίων

145 401 240 468 πόλει
255 396 388 478 οίκείως
401 401 575 485 ἐχρήσατο,
599 397 683 465 ὥστε
701 407 876 485 συμβαίνει
893 421 945 468 σοι
962 405 1016 470 καὶ
1029 408 1095 488 ίδίμ

144 506 213 565 τῶν
225 505 355 567 παίδων
371 499 502 566 τούτων
517 506 720 584 γεγενῆσθαι
738 496 875 588 άδελφῷ,
889 503 943 568 καὶ
955 506 1097 588 δημοσίᾳ

145 602 230 682 φίλῳ
241 595 320 683 ἡμῖν
339 597 456 664 εἷναι.“
477 600 532 663 καί
548 595 629 682 μετὰ
640 605 743 664 ταῦτα
754 597 818 684 ἤδη
831 602 943 684 δέησιν
955 599 1095 684 ίσχυράν
1112 610 1148 666 29

144 697 281 763 ἐποιεῖτο
297 697 352 762 καὶ
370 693 454 778 ὑπὲρ
474 692 570 780 ὑμῶν
586 700 640 762 καὶ
657 693 742 780 ὑπὲρ
760 695 863 784 αὐτῆς
879 703 934 767 καὶ
945 698 1027 783 ὑπὲρ
1039 708 1097 782 τῆς

145 792 247 879 άρχης
258 796 313 861 καὶ
326 793 411 870 ὅλως
422 792 507 877 ὑπὲρ
519 802 576 879 τῆς
594 803 764 880 σωτηρίας.
787 795 934 877 ἀκούσας
946 799 1097 866 δὲταῦτα

141 890 324 978 Ἰφικράτης
342 893 479 978 ἐξήλασε
489 900 687 959 Παυσανίαν
698 897 734 961 ἐκ
747 900 958 975 Μακεδονίας
969 899 1023 964 καὶ
1034 895 1097 982 τὴν

145 994 344 1058 δυναστείαν
364 987 444 1074 ὑμῖν
466 996 577 1057 ἔσωσε.
601 995 657 1059 καὶ
677 991 757 1078 μετά
780 1001 883 1061 ταῦτα
906 993 1000 1061 εἷπον
1021 995 1097 1075 περὶ

142 1095 367 1174 Πτολεμαίου,
390 1085 427 1166 δς
442 1081 487 1173 ἦν
498 1091 671 1172 ἐπίτροπος
688 1094 901 1178 καθεστηκώς
911 1102 979 1161 τῶν
990 1118 1098 1178 πραχ-

144 1188 276 1272 μάτων,
300 1185 344 1264 ὡς
362 1186 540 1272 ἀχάριστον
557 1192 612 1256 καὶ
631 1189 743 1256 δεινὸν
764 1197 864 1276 ἔρχου
888 1192 1096 1274 διεπράξατο,

144 1288 330 1367 διδάσκων,
354 1284 405 1353 ὅτι
422 1295 555 1369 πρῶτον
574 1289 635 1372 μέν
657 1286 742 1372 ὑπὲρ
758 1287 983 1375 Ἀμφιπόλεως
1000 1289 1097 1356 άντέ-

143 1411 265 1469 πραττε
292 1395 332 1472 τῇ
359 1386 453 1452 πόλει
472 1390 529 1454 καί
549 1384 634 1468 πρὸς
656 1394 822 1474 Θηβαίους
845 1390 1097 1473 διαφερομένων

139 1483 328 1571 Ἀθηναίων
340 1493 527 1572 σημμαχίαν
539 1486 731 1571 ἐποιήσατο,
754 1487 808 1553 καὶ
827 1486 927 1553 πάλιν
944 1483 988 1562 ὡς
1004 1493 1097 1570 Περ-

142 1588 257 1662 δίκκας
268 1591 313 1661 είς
323 1581 501 1670 τὴνάρχὴν
512 1583 674 1663 καταστάς
684 1583 769 1669 ὑπὲρ
778 1582 1004 1672 Ἀμφιπόλεως
1015 1591 1095 1652 έπο-

73 1701 125 1755 214
143 1689 262 1770 λέμησε
279 1691 318 1771 τῇ
334 1685 437 1752 πόλει.
455 1685 515 1750 ’καὶ
527 1680 590 1769 τὴν
602 1680 766 1768 ὑμετέροιν
782 1682 992 1769 ἠδικημένων
1004 1682 1093 1768 ὅμως
1108 1699 1144 1752 30

142 1790 401 1867 φιλανθρωπίαν
412 1782 562 1871 διεξῄειν,
575 1789 691 1865 λέγων,
703 1781 753 1849 ὅτι
765 1791 963 1864 κρατοῦντες
973 1790 1020 1871 τῷ
1032 1805 1094 1848 πο-·

142 1884 228 1970 λέμςο
256 1885 445 1964 Περδίκκαν
471 1883 724 1958 Καλλισθένους
750 1878 940 1966 ἡγουμένου
972 1880 1096 1967 άνοχάς

141 1979 225 2064 πρὸς
236 1978 342 2046 αὐτὸν
356 1980 571 2065 ἐποιήσασθε,
593 1977 647 2046 άεί
660 2006 750 2057 τινος
766 1985 1016 2066 προσδοκῶντες
1027 1988 1096 2046 τῶν

142 2084 279 2146 δικαίων
295 2080 479 2158 τεύξεσθαι.
505 2077 632 2163 καλτὴν
649 2079 810 2164 διαβολὴν
820 2080 946 2165 ταύτην
956 2077 1095 2160 έπειρά·

140 2203 207 2262 μην
229 2177 392 2265 διαλύειν,
416 2177 600 2259 διδάσκων,
624 2176 675 2243 ὅτι
692 2181 929 2264 Καλλισθένην
951 2175 969 2246 ὁ
991 2184 1094 2264 δῆμος

141 2276 332 2343 ἀπέκτεινεν
343 2275 385 2343 οὐ
397 2277 451 2343 διά
469 2277 527 2355 τάς
544 2275 627 2362 πρός
644 2282 835 2359 Περδίκκαν
849 2273 985 2362 άνοχάς,
1008 2275 1094 2344 άλλά

141 2372 186 2440 δι’
209 2375 319 2457 ἑτέρας
336 2381 449 2451 αἰτίας.
472 2375 528 2441 καί
545 2374 647 2440 πάλιν
667 2373 730 2442 οὐκ
748 2373 883 2442 ὤκνουν
896 2373 969 2442 κατ’
987 2371 1093 2441 αὐτοῦ

71 2491 123 2545 215
140 2476 257 2557 λέγειν,
271 2477 444 2557 ἐπιτιμῶν,
463 2470 515 2538 ὅτι
525 2471 587 2557 τὴν
598 2471 736 2558 ἐκδοχὴν
748 2472 923 2559 ἐποιήσατο
938 2471 1022 2556 πρὸς
1032 2473 1094 2559 την

141 2573 239 2639 πόλιν
248 2579 311 2638 τοῦ
327 2574 483 2655 πολέμου.
505 2575 560 2639 καὶ
577 2572 713 2638 πάντων
731 2564 778 2639 ὦν
789 2582 913 2659 εἴποιμι
923 2574 1094 2659 μάρτυρας
1108 2586 1141 2640 31

139 2670 198 2748 τάς
215 2674 352 2737 ἐκείνων
368 2669 541 2748 ἐπιστολάς
556 2671 760 2756 παρειχόμην
775 2676 830 2738 καὶ
845 2672 885 2737 τὰ
896 2678 1092 2757 ψηφίσματα

139 2777 201 2836 τοῦ
221 2768 331 2855 δήμου
352 2771 407 2836 καὶ
428 2767 485 2847 τάς
506 2775 757 2848 Καλλισθένους
778 2767 909 2856 άνοχάς.
933 2773 1008 2855 περὶ
1031 2771 1092 2854 μὲν

140 2860 205 2934 οὖν
222 2875 279 2950 τῆς
296 2870 328 2946 ἐξ
347 2866 448 2952 ἀρχῆς
464 2869 610 2954 κτήσεως
626 2876 684 2954 τῆς
701 2870 809 2954 χώρας
822 2872 877 2935 καὶ
888 2877 956 2935 τῶν
966 2879 1093 2935 καλου-

141 2965 252 3048 μένων
267 2961 380 3031 Ἐννέα
391 2963 482 3032 ὁδῶν
498 2969 553 3032 καὶ
564 2967 717 3048 περὶτῶν
730 2969 861 3051 Θησέως
873 2971 1017 3049 παίδων,
1043 2959 1094 3032 οἷν

68 3076 123 3134 21⁶
138 3061 281 3148 Ἀκάμας
291 3064 419 3147 λέγεται
430 3061 560 3148 φερνὴν
571 3065 623 3130 έπί
633 3072 674 3150 τῇ
684 3065 816 3147 γυναικί
827 3070 942 3149 λαβεῖν
951 3063 1013 3149 την
1024 3065 1093 3148 χοί-

140 3189 205 3245 ραν
220 3162 362 3248 ταύτην,
384 3161 459 3229 τότε
476 3160 536 3247 μὲν
553 3160 694 3247 ἥρμοττε
711 3165 819 3245 λέγειν
836 3163 891 3229 καὶ
908 3162 1034 3247 ἐρρήθη
1047 3159 1094 3241 ὡς

52 3315 56 3360 ,
140 3264 304 3345 ἐνεδέχετο
323 3258 555 3346 ἀκριβέστατα,
577 3261 654 3328 νυνί
676 3261 713 3327 δὲ
731 3271 808 3338 ἴσως
825 3261 953 3345 ἀνάγκη
971 3266 1092 3329 συντέ-

142 3385 237 3446 μνειν
249 3356 328 3435 τούς
339 3357 476 3443 λόγους·
501 3357 524 3426 δι’
541 3360 576 3427 δὲ
594 3353 638 3445 ἦν
654 3367 723 3441 τῶν
740 3368 885 3448 σημείων
903 3359 965 3425 οὐκ
976 3362 1092 3438 ε’ντοῖς

40 3491 55 3523 2¹
