2340 3916
76 213 131 262 On
151 209 176 259 1.
252 207 344 263 Imm
361 207 438 260 ΤΟΥ
454 208 693 262 ΚΛΕΩΝΤΜΟΤ
711 210 878 264 ΚΛΗΡΟΤ
1006 216 1046 279 13
1081 262 1085 269 .

76 390 113 453 τί
133 407 215 451 ποτε
248 381 484 472 ἐπανορθώσας
512 384 713 505 κυριωτέρας
743 379 845 464 αὐτὰς
871 376 981 472 ἤλυθ’
1003 376 1047 454 ἀν

78 485 229 572 ποιήσαι·
249 499 318 563 τοϊς
334 479 398 574 γάρ
415 483 526 567 ἀλλοις
543 474 641 564 οὗτος
653 480 729 573 ὅρος
743 473 896 573 ἐστίν,
868 512 894 554 ω
912 479 1045 576 ανδρες,

77 589 147 655 τοῖν
172 587 331 676 δωρεων.
357 581 428 656 Ἔτι
453 587 490 656 δὲ
508 589 564 656 καὶ
588 595 666 655 εἴτι
684 583 896 676 προσγράψαι
917 583 1046 666 τούτοις
1063 608 1096 661 25

80 683 253 775 ἐβούλετο,
280 681 336 754 διά
357 694 394 756 τί
412 683 475 757 οόκ
499 691 536 758 έν
560 688 660 806 ἑτέρω
683 683 812 777 γράιγας
835 682 920 756 αάτά
941 715 1044 807 γραμ-

80 793 202 879 ματείω
232 789 424 877 κατέλιπεν,
453 785 567 876 ἐπειδή
597 785 637 857 τά
664 785 840 909 γράμματα
867 785 972 908 παρά
977 816 1045 857 των
1152 824 1154 829 ·

79 884 251 980 ἀρχόντων
273 884 335 958 οάκ
359 888 510 978 ἐδυνήθη
532 896 664 977 λαβεῐν;
688 885 821 959 ἀνελεῖν
837 887 919 979 γάρ,
944 915 970 957 ω
988 885 1045 957 ἀν·

82 996 174 1112 δρες,
199 985 261 1078 οόχ
283 985 403 1070 οἷόςτ’
429 980 473 1078 ήν
500 987 580 1060 ἄλλο
603 1007 827 1080 γραμματείου
851 984 872 1078 ή
894 986 932 1060 τό
956 985 1045 1080 παρά

80 1095 119 1180 τῇ
143 1087 230 1181 ἀρχή
252 1098 419 1179 κείμενον·
444 1089 569 1182 γραηαι
592 1088 626 1159 δ
653 1094 728 1180 έξήν
752 1095 843 1172 είς”
823 1118 937 1182 ετερον
961 1100 995 1160 εί
1013 1117 1045 1159 τι

83 1191 251 1280 ἐβούλετο,
275 1195 331 1261 καί
347 1194 432 1282 μηδὲ
449 1188 547 1266 τοῦθ’
570 1188 651 1281 ἡμῖν
667 1187 958 1282 ἀμφισβητήσιμον
976 1195 1043 1283 έᾷν.

81 1301 121 1364 Ec
137 1300 255 1364 τοίνυν
266 1296 322 1363 καὶ
340 1297 437 1365 τοῦτο
455 1291 748 1384 συγχωρήσαιμεν,
767 1288 812 1374 ὥς
831 1296 956 1373 ἐκεῖνος
968 1296 1044 1362 έπα-
1062 1321 1096 1374 ηρ

79 1397 249 1487 νορθωσαι
266 1391 324 1475 τάς
343 1394 506 1484 διαθήκας
525 1392 697 1484 έβοόλετο,
716 1398 796 1465 πᾶσι
815 1392 923 1483 δήπου
941 1422 1043 1483 φανε-

81 1493 138 1586 ρδν
160 1491 244 1585 ὑμῖν
274 1499 361 1567 ἐστιν
390 1493 441 1566 ὅτι
462 1493 525 1566 οὐκ
547 1493 659 1588 ὀρθῶς
683 1491 786 1576 αότάς
810 1502 898 1585 ἔχειν
919 1490 1041 1584 ήγεῑτο.

80 1605 184 1667 καίτοι
202 1614 354 1667 σκοπεῖτε
376 1601 432 1668 καὶ
456 1601 617 1668 ἐντεῦθεν
638 1594 701 1684 τήν
723 1593 962 1687 ἀναισχυντίαν
985 1593 1043 1666 αό-

42 1738 46 1745 ·
80 1702 161 1786 τῶν,
192 1703 226 1768 οἵ
248 1726 335 1779 τινες
363 1697 486 1780 ταύτας
515 1696 573 1779 τάς
598 1696 768 1786 διαθήκαςΙ
784 1695 934 1781 ἀξιοῦσιν
957 1697 1044 1768 εἶναι

80 1808 212 1892 κυρίας,
242 1796 281 1880 ἀς
309 1795 506 1889 ὁμολογοῦσι
523 1797 602 1890 μηδ’
634 1796 737 1870 αὐτόν
760 1796 818 1870 τόν
843 1801 1044 1888 διαθέμενον

81 1900 207 1990 [ταῦτα]
233 1896 344 1991 ὀρθοῖς
367 1908 455 1990 ἔχειν
478 1896 654 1990 ήγείσθαι,
678 1903 733 1970 καλ
757 1909 936 1971 πείθουσιν
958 1895 1044 1989 ὑμᾶς

81 2005 213 2073 ἐναντία
243 2005 299 2071 καὶ
322 2020 391 2084 τοῖς
412 2001 525 2093 νόμοις
550 2005 606 2073 καδ
629 2005 677 2097 τῷ
700 2008 818 2095 δικαίῳ
841 2004 898 2073 καὶ
921 2005 963 2091 τῇ
984 2005 1045 2071 τοῦ

79 2102 344 2192 τετελευτηκότος
367 2101 482 2194 γνιόμη
500 2111 721 2195 ψηφίσασθαι.
747 2100 818 2174 ”Eu
835 2111 952 2174 τοίνυν
969 2098 1045 2172 τοό·
1062 2119 1095 2170 27

79 2234 144 2276 των
166 2202 324 2275 ἀπόντων
346 2202 578 2286 ἀναιδέστατος
605 2209 675 2293 τοῖν
696 2202 806 2292 λόγων
835 2208 941 2293 ἐστίν,
962 2200 1044 2274 όταν

79 2311 220 2396 τιλμοῖσι
238 2304 346 2394 λε’γειν
363 2302 407 2387 ὥς
419 2305 620 2394 Κλεώνυμος
632 2303 734 2376 οὐδέν
751 2301 835 2394 ήμάς
852 2309 922 2376 των
938 2301 1045 2376 αὑτοῦ
1097 2294 1104 2303 ’

81 2416 193 2497 λαβεῖν
213 2407 376 2495 ἐβούλετο.
405 2415 528 2496 καίτοι,
547 2397 574 2476 ὦ
591 2405 730 2498 ἀνδρες,
753 2415 846 2487 τίνας
863 2402 906 2476 ἀν
923 2404 1044 2486 ἀλλους

79 2514 180 2580 ταῦτα
209 2516 307 2599 ἔχειν
321 2508 493 2597 ἐβουλήθη
522 2512 647 2598 μᾶλλον
676 2503 697 2597 ή
720 2507 874 2595 τούτους,
905 2503 963 2587 οδς
987 2509 1043 2577 καὶ

80 2616 141 2696 ζῶν
161 2615 197 2681 ἐκ
213 2614 281 2681 των
299 2606 405 2681 αὐτου
416 2620 554 2680 πλείστα
566 2613 634 2680 των
643 2617 777 2679 οἰκείων
795 2607 933 2698 ὠφέλεις
952 2606 1044 2678 Πάν·
1062 2627 1095 2677 28

80 2742 144 2783 των
170 2709 202 2781 δ’
221 2706 265 2781 ἀν
289 2723 340 2800 είη
358 2711 653 2800 θαυμασιώτατον,
675 2717 706 2780 εί
726 2714 964 2800 Κηφίσανδρος
982 2710 1044 2798 μὲν

77 2811 94 2884 ὁ
111 2813 241 2884 τούτων
258 2820 379 2894 οίκείος
398 2820 528 2883 δίκαιον
550 2809 662 2901 ήγείτο
687 2813 772 2882 εἶναι
789 2816 886 2902 μέρος
905 2815 1044 2881 ἕκαστον

77 2911 171 3004 ήμιῐν
201 2922 288 3004 ἔχειν
311 2918 368 3003 τής
392 2911 524 3003 οὐσίας,
554 2911 756 3004 Κλεώνυμος
782 2910 815 2983 δ’
839 2909 874 2995 δς
898 2902 941 3002 ήν
962 2908 1043 3002 ἡμῖν

77 3015 274 3096 οἰκειότατος
298 3019 354 3086 καὶ
378 3011 463 3105 ήμάς
487 3022 534 3096 είς
556 3012 618 3103 τήν
641 3022 751 3086 οίκίαν
774 3012 835 3103 τήν
859 3009 965 3085 αὑτοῦ
986 3023 1043 3083 λα-

77 3115 149 3206 βων
168 3115 351 3207 ἐθεράπευε
374 3119 429 3186 καὶ
454 3120 640 3206 ἐπεμελεῖτο
658 3120 726 3187 των
744 3111 913 3206 ἡμετέρων
932 3112 1042 3206 ὥσπερ

76 3224 145 3289 τῶν
168 3214 273 3289 αὑτοῦ
295 3216 513 3309 πραγμάτων,
537 3208 633 3299 οὗτος
656 3217 755 3308 μόνος
781 3215 935 3308 ἐβούλετο
957 3212 1042 3304 ήμάς

77 3317 242 3412 ἀκλήρους
262 3320 347 3390 ειναι
363 3347 431 3389 των
449 3314 561 3389 αὐτου.
599 3322 653 3389 καὶ
671 3328 721 3400 τίς
738 3315 781 3390 ἀν
797 3348 893 3409 υμων
911 3313 1042 3386 πιστεό-
1060 3337 1094 3388 29

77 3444 169 3493 σειεν
186 3417 425 3509 ευνουστερους
437 3423 492 3489 καὶ
509 3423 746 3511 μετριωτέρους
758 3449 835 3501 τους
853 3415 1043 3497 ἀντιδίκους

75 3520 158 3616 ήμῑν
188 3521 274 3592 εἶναι
303 3525 371 3592 τόν
399 3519 626 3608 οίιιειοτάτωνς
656 3518 811 3592 κάκειυον
835 3523 949 3610 μέν,
938 3545 963 3586 ω
952 3507 1043 3588 καὶ
