2340 3916
270 195 333 253 KA
344 197 403 253 TA
425 195 804 258 ΚΤΗΣΙΦΩΝΤΟΣ
956 196 1017 261 167

64 355 173 435 οὐδεὶς
183 354 316 421 ποτ’ποτε
335 360 443 432 καλῶς
460 350 625 438 ἀπήλλαξε
638 359 852 441 Δημοσθένει
864 361 1006 447 συμβού·

65 463 111 543 λςο
122 452 337 540 χρησάμενος.
372 448 464 537 ὑμεῖς
477 449 528 536 δ’,
541 444 567 518 ἀ
578 449 764 538 Ἀθηναῖοι,
788 451 850 522 οῦκ
862 458 1016 543 αἰσχύνε-

67 561 141 635 σθε,
150 551 235 619 εἰίπὶ
243 550 304 635 μὲν
314 547 571 636 τοδςτιορθμέας
582 550 894 639 τούςείςΣαλαμῖνα
905 567 1016 641 πορθ-

64 650 229 735 μεύοντας
247 649 354 733 νόμον
372 652 511 732 ἔθεσθε,
534 648 594 714 ε’άν
604 676 653 727 τις
671 646 784 716 αὐτων
795 649 889 719 ἀκων
910 655 946 721 ἐν
969 661 1014 740 τῷ

63 750 157 839 πόρφ
168 757 285 817 πλοῖον
293 746 471 836 ἀνατρέψῃ,
484 747 592 837 τούτῳ
604 745 649 833 μή
662 750 780 828 ἐξεῖναι
792 751 893 817 πάλιν
903 762 1015 839 κορθ-

62 860 119 932 μεῖ
133 848 302 931 γενέσθαι,
316 849 371 914 ἵνα
383 847 496 931 μηδεὶς
505 842 739 933 αὐτοσχεδιάζῃ
750 852 795 926 εἰς
806 847 845 914 τά
858 855 925 916 τοὸν
943 847 1015 919 Ἑλ·
1109 896 1112 903 ·

63 945 174 1030 λήνων
185 945 337 1030 σύματα,
353 941 413 1010 τὸν
426 942 461 1011 δὲ
477 942 539 1029 τήν
550 942 688 1012 Ἐλλάδα
699 946 754 1013 καί
764 943 826 1032 τήν
837 947 936 1014 πόλιν
950 947 1014 1035 ἀρ-

62 1045 124 1128 δην
140 1040 405 1128 ἀνατετροφότα,
429 1051 550 1110 τοῦτον
565 1042 678 1111 ἐάσετε
691 1044 793 1112 πάλιν
810 1047 1013 1115 ἐπενθύνειν

59 1141 225 1222 τάκοινά;

10 1265 44 1320 59
135 1240 206 1309 Ἵνα
219 1240 250 1306 δ’
262 1251 342 1308 εἰπω
356 1243 411 1308 καὶ
423 1242 498 1325 περὶ
508 1250 570 1309 τοῦ
581 1243 738 1328 τετάρτου
749 1253 869 1330 καιροῦ
879 1249 933 1315 καὶ
945 1255 1012 1316 τοῖν

60 1343 137 1406 νυνὶ
150 1339 405 1425 καθεστηκότων
416 1339 632 1426 πραγμάτων,
645 1343 751 1409 ἐκεῖνο
762 1339 849 1428 ὑμᾶς
859 1340 1013 1432 ὑπομνῆ-

61 1459 116 1504 σαι
130 1437 311 1525 βούλομαι,
331 1435 382 1505 ότι
392 1442 616 1524 Δημοσθένης
627 1435 668 1507 ού
679 1438 742 1526 τήν
753 1438 818 1508 ἀπὸ
832 1446 1012 1524 στρατοπέ-

61 1542 123 1604 δου
134 1536 241 1622 μόνον
252 1535 345 1617 τάξιν
355 1541 481 1623 ἔλιπεν,
504 1534 587 1605 ἀλλά
600 1541 654 1606 καὶ
671 1537 779 1625 τήνέκ
798 1546 855 1626 τῆς
874 1541 1010 1627 πόλεως,

59 1635 175 1721 τριήρη
186 1632 385 1722 προσλαβόν
396 1632 507 1721 ὑμῶν,
528 1636 583 1702 καὶ
602 1634 682 1714 τούς
695 1633 1012 1724 Ἕλληναςήργυρο-

62 1737 192 1819 λόγησε.
227 1733 479 1819 καταγαγούσης
502 1731 534 1800 δ’
559 1732 664 1800 αύτόν
687 1739 733 1812 εἰς
754 1732 816 1820 τήν
836 1738 935 1803 πόλιν
956 1745 1013 1823 τῆς

62 1831 316 1919 ἀπροσδοκήτου
338 1838 499 1918 σωτηρίας
520 1831 598 1911 τούς
621 1832 683 1917 μὲν
704 1831 855 1918 πρώτους
871 1835 1013 1919 χρόνους
1028 1848 1078 1913 δεῖ

61 1930 250 2018 ὑπότρομος
259 1925 303 2016 ήν
314 1929 511 2016 ἅνθρωπος,
535 1932 591 2000 καὶ
607 1928 737 2013 παριάν
753 1930 898 2018 ήμιθνής
910 1935 961 2002 ἐπὶ
973 1934 1010 2001 τό

60 2036 150 2115 βῆμα
162 2031 409 2116 εἰρηνοφύλακα
422 2028 508 2116 ύμάς
525 2027 630 2098 αὐτὸν
647 2033 775 2099 ἐκέλευε
793 2048 1009 2117 χειροτονεῖν·

59 2125 152 2213 ὑμεῖς
163 2128 198 2196 δὲ
216 2127 300 2196 κατά
318 2129 379 2214 μὲν
397 2125 475 2208 τούς
491 2129 644 2215 πράτους
658 2129 801 2216 χρόνους
820 2128 893 2198 ούδ’
907 2135 957 2198 ἐπὶ
969 2131 1009 2199 τά

58 2234 251 2313 ψηφίσματα
270 2232 355 2295 εἰᾶτε
371 2227 408 2296 τό
420 2232 664 2315 Δημοσθένους
681 2229 877 2316 ἐπιγράφειν
891 2227 1008 2318 ὄνομα,

59 2322 143 2393 ἀλλὰ
159 2333 344 2394 Ναυσικλεῖ
359 2334 458 2394 τοῦτο
476 2326 724 2410 προσετάττετε·
748 2328 825 2396 νυνὶ
837 2325 869 2395 δ’
880 2327 943 2416 ήδη
955 2332 1010 2398 καὶ

10 2446 44 2501 60
60 2433 314 2510 στεφανοῦσθαι
332 2424 424 2505 ἀξιοῖ.
459 2424 568 2512 ἐπειδή
589 2425 622 2492 δ’
635 2424 823 2511 ἐτελεύτησε
835 2432 1008 2512 Φίλιππος,

54 2523 266 2612 Ἀλέξανδρος
278 2524 311 2592 δ’
326 2531 371 2602 εἰς
382 2522 443 2611 τήν
454 2521 560 2609 ἀρχήν
571 2526 726 2608 κατέστη,
745 2525 845 2592 πάλιν
857 2516 902 2590 αύ
912 2551 1008 2612 τερα-

59 2624 137 2689 τευό
138 2650 238 2708 μενος
250 2621 321 2706 ῖερά
333 2622 394 2707 μὲν
405 2623 564 2708 ἱδρύσατο
575 2628 782 2706 Παυσανίου,
795 2627 840 2700 εἰς
853 2627 960 2690 αἰτίαν
972 2626 1007 2694 δὲ

59 2722 259 2809 εὐαγγελίων
276 2730 397 2800 θυσίας
418 2721 480 2808 τήν
496 2718 626 2808 βουλήν
641 2724 854 2806 κατέστησεν,
879 2723 1011 2788 ἐπωνυ-
1026 2736 1076 2795 547

58 2829 136 2907 μίαν
155 2819 186 2889 δ’
206 2820 410 2910 Ἀλεξάνδρφ
422 2827 600 2906 Μαργίτην
618 2823 762 2903 ἐτίθετο,
786 2816 954 2905 ἀπετόλμα
971 2821 1007 2890 δὲ

58 2925 183 3007 λέγειν,
206 2918 249 3000 οἱς
267 2919 310 2988 ού
327 2919 541 3007 κινηθήσεται
559 2923 594 2988 ἐκ
614 2923 842 2995 Μακεδονίας·
875 2915 1007 3004 ἀγαπᾶν

57 3017 122 3103 γάρ
135 3018 239 3087 αύτδυ
251 3026 314 3107 ἔφη
325 3022 363 3088 ἐν
374 3022 485 3108 Πέλλη
497 3025 742 3105 περιπατοῦντα
760 3019 815 3085 καί
826 3015 865 3084 τά
880 3018 1007 3104 σπλάγ-

56 3143 119 3201 χυα
141 3120 359 3203 φυλάττοντα.
383 3121 552 3186 καὶταῦτα
568 3121 678 3202 λέγειν
695 3121 758 3203 ἔφη
777 3112 839 3183 οῦκ
857 3116 1005 3200 εἰκάζων,
1024 3121 1075 3179 548

56 3213 125 3282 ἀλλ’
138 3215 283 3304 ἀκριβῶς
299 3214 411 3303 εἰδύς,
434 3214 484 3284 ὅτι
502 3216 638 3303 αἵματός
655 3218 745 3283 ἐστιν
762 3211 781 3300 ή
800 3211 898 3300 ἀρετή
914 3212 1005 3300 ἀνία,

57 3312 158 3394 αύτός
168 3314 229 3382 ούκ
241 3322 326 3402 ἔχων
337 3312 415 3404 αἷμα
426 3318 480 3384 καὶ
491 3324 634 3400 θεωροῦν
644 3312 703 3383 τόν
718 3310 932 3399 Ἁλέξανδρον
943 3310 1006 3380 οὐκ

56 3417 91 3480 ἐκ
104 3421 161 3500 τῆς
170 3412 386 3499 Ἀλεξάνδρου
397 3417 546 3502 φύσεως,
569 3412 637 3483 ἀλλ’
650 3416 686 3482 ἐκ
697 3421 755 3503 τής
770 3413 891 3479 ἑαυτοῦ
902 3409 1006 3479 ἀναν-
