2340 3916
359 207 449 260 σενι
467 207 542 261 ναα
559 209 791 264 ααενσνιαα.
1012 211 1053 277 27

82 350 185 442 ὑμεῖς
209 349 247 420 δὲ
275 347 488 438 ἀπηλλάγητε
511 351 668 437 μεγάλων
692 352 812 441 φόβων
835 356 979 423 καὶτῶν
1005 363 1054 436 είς

60 455 256 546 ,ἀλλήλους
280 448 450 533 ότιογιῶν.
492 454 549 520 καὶ
574 451 670 523 ταῦτ’
700 462 731 524 εἰ
753 453 863 543 ἀληθή
888 459 995 544 λέγω,
1027 449 1104 527 ὦθθ

84 556 230 646 ἀνδρες,
254 551 566 642 ἀναμιμνήσκεσθε,
591 557 648 623 καὶ
673 559 710 624 οί
733 556 860 636 εἰδότες
879 558 1053 629 ὃιδάσκετε

84 658 168 738 τοός
183 655 319 736 ἀλλους.
349 654 402 725 Σό
419 657 460 724 δέ
470 682 525 744 μοι
539 653 669 737 αὐτούς
682 657 775 727 κάλει
788 658 869 739 τούς
884 661 1053 742 λυθέντας

85 759 131 831 δι’
153 760 213 846 ἐμέ
218 778 224 790 ·
252 757 370 846 ἀμιστα
388 756 454 847 γὰρ
472 753 515 825 ἀυ
534 758 660 839 εἰδότες
678 759 718 828 τά
737 760 902 849 γευόμενα
924 762 1053 849 λέγοιεν

85 870 136 943 είς
154 861 307 941 τούτους.
342 858 478 929 Οὑτοσὶ
498 858 536 928 δὲ
555 865 637 949 ἔχει,
656 851 682 929 ὦ
701 860 837 951 ἀνδρες·
856 863 952 952 μέχρι
969 864 1052 933 τοό·

84 990 147 1034 του
158 961 385 1051 ἀναβήσονται
393 963 448 1030 καὶ
460 961 615 1041 λέξουσιν
625 961 727 1052 ὑμῖν,
738 967 800 1044 ἕως
810 960 855 1032 ἀν
865 961 1054 1054 ἀκροᾶσθαι

83 1065 273 1156 βούλησθε,
301 1070 412 1133 έιιειτα
431 1065 462 1132 δ’
492 1064 558 1151 ε’γώ
577 1066 742 1155 περὶτῶν
760 1064 873 1136 ἀλλον
896 1067 901 1156 Ι
925 1065 1052 1137 ἀιιολο-
1066 1083 1091 1123 1⁰

84 1188 238 1256 γησομαι.

446 1329 684 1396 (ιιαεααειινη

165 1494 251 1579 Περὶ
282 1490 344 1581 μὲν
376 1482 440 1560 οὖν
465 1493 534 1559 τῶν
561 1492 636 1561 τότε
666 1494 859 1582 γενομένων
889 1491 1054 1580 ἀκηκόατε
1071 1524 1104 1575 ‘10

84 1595 198 1664 πάντα
215 1594 272 1662 καὶ
291 1592 540 1681 ἀπολελόγηταί
554 1620 610 1682 μοι
625 1597 768 1682 ίκανῶς,
787 1591 832 1674 ὥς
850 1591 885 1681 γ’
907 1595 1053 1682 ε’μαυτὸν

85 1704 212 1767 πείθοι’
233 1702 265 1765 εί
282 1697 322 1764 δέ
336 1703 388 1775 τίς
405 1721 437 1763 τι
455 1691 556 1783 όμῶγ
570 1706 674 1765 ποθεῖ
689 1691 710 1783 ή
727 1703 851 1784 νομίζει
867 1722 898 1763 τι
915 1695 960 1784 μή
977 1701 1049 1764 λκα-

84 1801 156 1877 υῶς
179 1800 336 1884 εἰρῆσθαι
359 1793 380 1883 ή
399 1797 629 1886 παραλέλοιπά
653 1825 702 1884 τι,
728 1797 877 1877 ἀναστάς
895 1794 1053 1886 ότιομνη-

86 1899 195 1987 σάτω,
219 1901 275 1966 καλ
302 1897 553 1986 ἀπολογήσομαι
577 1900 635 1966 καὶ
660 1897 744 1988 πρὸς
768 1901 885 1968 τοῦτο·
913 1900 990 1985 περὶ
1016 1898 1054 1968 δὲ

84 2004 155 2071 τῶν
172 2000 288 2089 νόμων
305 1998 368 2088 ήδη
387 1998 476 2088 ὑμᾶς
495 1998 627 2082 διδάξω.
665 2006 832 2089 Κηφίσιος
849 1999 915 2090 γὰρ
934 1998 1052 2069 οότοσλ
1071 2026 1103 2076 71

87 2103 229 2182 ἐνέδειξε
251 2103 314 2191 μέν
338 2129 378 2191 με
395 2101 480 2171 κατὰ
504 2101 565 2171 τὸν
583 2101 689 2191 νόμον
709 2101 771 2171 τὸν
795 2109 968 2191 κείμενον,
991 2101 1053 2190 τήν

85 2204 126 2273 δὲ
144 2211 349 2292 κατηγορίαν
367 2220 509 2272 ποιεῖται
526 2205 610 2272 κατά
636 2205 793 2294 ψήφισμα
811 2204 976 2294 πρότερον
995 2230 1053 2290 γε·

86 2307 247 2394 νόμενον,
261 2301 279 2373 ὃ
294 2303 387 2374 εἶπεν
396 2304 608 2395 Ἰσοτιμίδης,
622 2296 663 2374 οὗ
680 2307 754 2393 ἐμοὶ
769 2306 929 2395 προσήκει
939 2304 1052 2376 οὐδέν.

85 2406 106 2476 ὁ
131 2406 194 2495 μὲν
218 2406 284 2496 γὰρ
309 2405 403 2476 είιιεν
422 2417 594 2496 εἴργεσθαι
610 2412 680 2475 τῶν
706 2408 806 2496 ίεμῶν
830 2407 912 2486 τούς
929 2407 1054 2495 ἀσεβή-

86 2530 213 2588 σαντας
227 2512 284 2577 καὶ
299 2507 585 2597 ὁμολογήσαντας,
602 2511 675 2597 ἐμοὶ
688 2507 727 2577 δὲ
739 2507 871 2576 τούτων
892 2507 1054 2597 οὐδέτερα

86 2618 280 2699 πεποίηται·
308 2608 385 2679 οὔτε
407 2609 565 2699 ήσέβηται
588 2608 666 2679 οὔτε
688 2608 907 2700 οόμολόγηται.
946 2607 991 2688 σός
1016 2608 1053 2678 δὲ
1071 2633 1104 2684 ‘12

85 2718 145 2782 καὶ
169 2717 272 2781 τοῦτο
295 2711 333 2780 τό
359 2711 514 2801 ψήφισμα
545 2714 683 2780 λέλυται
705 2715 763 2780 καὶ
791 2710 922 2800 ἀκυμόν
951 2713 1053 2797 ἐστιν,

88 2814 154 2902 ε’γώ
169 2812 258 2902 όμᾶς
272 2813 405 2892 διδάξω.
433 2819 581 2900 καίτοιγε
593 2813 753 2902 τοιαότην
769 2813 958 2900 ἀπολογίαν
977 2815 1053 2900 περὶ

86 2915 196 2985 αὐτοῦ
216 2916 411 3003 ποιήσομαι,
436 2912 523 2984 όιιου
542 2915 586 3003 μή
605 2923 738 2985 πείθων
756 2914 819 3003 μὲν
840 2913 931 3002 όμάς
950 2913 1054 2995 αὐτὸς

85 3018 308 3106 ζημιώσομαι,
323 3023 440 3096 πείσας
455 3015 493 3084 δὲ
507 3015 595 3106 ὑπὲρ
608 3022 678 3086 τῶν
694 3020 829 3106 ἐχθρῶν
844 3013 1054 3105 ἀπολελογη-

155 3250 196 3299 69.
215 3241 246 3297 οί
267 3239 379 3307 είὸότες
402 3262 462 3297 eum
485 3248 517 3297 R
537 3249 630 3298 Turn·
657 3242 688 3299 οί
708 3241 888 3307 ίδόντεςυ-
854 3263 948 3298 -αν
967 3239 1054 3299 εἰδό-

86 3331 133 3375 τες
151 3314 248 3366 Ad.-
267 3315 484 3367 ΜΑΡΤΤΡΕΣ
499 3314 560 3366 add
579 3315 677 3366 Markl.
699 3332 742 3382 ap.
760 3316 846 3369 Dobs.
866 3316 946 3366 Turr.

156 3374 588 3465 wlfffflmuws

155 3453 196 3504 71,
211 3441 382 3533 Ἰσοτιμίδης
401 3440 485 3503 οὗΙλ.
505 3449 646 3530 (similiter
662 3452 745 3502 etiam
759 3450 868 3504 Canter.
888 3455 916 3502 et
928 3448 1054 3513 Valek)

87 3507 281 3584 είςότιμηθ’
304 3517 368 3569 ίσου
386 3518 466 3583 ABL,
487 3505 648 3584 είςότιμή
668 3518 777 3573 ίσονν
1045 3586 1120 3672 Ι
