2340 3916
116 188 157 252 22
494 189 706 242 Δειαεεκου

112 346 174 435 τήν
192 347 266 416 τότε
284 350 340 416 καὶ
357 347 420 435 τήν
440 350 580 437 ἐρημίαν
597 348 659 437 τήν
678 348 761 438 ἐμήν
779 348 1025 435 ἐπιστεύθησαν
1044 352 1085 416 αῖ

112 451 184 522 κατ’
211 456 292 541 ἐμοῦ
315 460 451 536 ψευδεῖς
473 455 648 543 γινόμεναι
671 461 884 525 κατασκευαί·
908 453 1083 541 ἐπειδὴδὲ

112 557 255 647 τάληθὲς
277 559 366 651 παρὰ
389 561 498 648 πάσης
524 565 582 649 τής
610 563 642 642 ἐξ
663 559 792 651 Ἀρείου
815 561 926 648 πάγου
954 563 1082 647 βουλής

100 662 338 755 -δμολογεῖται,
362 670 591 755 Δημοσθένην
614 670 787 755 εἰληφέναι
811 677 916 736 εἰκοσι
933 666 1081 735 τάλαντα

113 779 255 863 χρυσίου
279 770 357 844 καθ’
384 769 479 860 ὑμῶν
502 775 558 842 καὶ
580 777 684 842 ταῦτα
712 773 912 860 πεποιηκότα
940 769 1081 859 ἀδικεῖν,

113 882 168 948 καὶ
188 875 206 947 ὁ
226 877 424 967 δημαγωγὸς
447 876 543 966 ὑμῖν,
563 882 600 948 ἐν
619 871 646 974 ᾦ
664 879 723 961 τὰς
746 883 881 960 ἐλπίδας
900 885 1016 967 ἔχουσί
1032 905 1082 946 τι-

63 1007 97 1057 σί
113 1013 178 1072 νες,
197 983 248 1054 ἐπ’
270 982 459 1077 αὐτοφώρῳ
478 986 627 1074 χρήματα
641 987 823 1074 λαμβάνων
836 994 996 1071 είληπται,
1014 987 1082 1052 νῦν

112 1090 153 1160 τδι
171 1091 296 1178 νόμιμα
313 1089 471 1160 τάκεῖθεν
487 1095 544 1161 καὶ
562 1090 602 1160 τὰ
622 1099 735 1162 δίκαια
754 1094 809 1160 καί
827 1088 958 1178 τᾶληθή
979 1088 1082 1159 ἀσθε-

113 1199 251 1284 νέστερα
283 1197 456 1284 γενήσεται
488 1202 556 1267 τών
588 1201 836 1287 Δημοσθένους
867 1198 992 1283 λόγων,
1025 1199 1083 1264 καί

115 1302 243 1389 ἰσχύσει
258 1306 384 1390 μᾶλλον
397 1307 456 1391 τής
470 1301 630 1392 ἀληθείας
643 1301 664 1393 ή
684 1303 774 1396 παρὰ
788 1304 913 1373 τούτου
932 1307 1082 1392 ῥηθησο-

115 1412 197 1496 μένη
221 1408 304 1477 κατά
322 1413 384 1478 τοῦ
408 1416 591 1501 συνεδρίου
611 1412 767 1499 διαβολή,
791 1406 836 1490 ώς
854 1408 919 1498 ἀρα
937 1407 1084 1490 πολλοὺς

114 1511 135 1602 ή
155 1513 262 1602 βουλή
282 1513 518 1604 ἀποπέφαγκεν
536 1515 666 1586 ἀδικεῖν
684 1515 745 1586 τὸν
764 1519 887 1604 δήμου,
907 1522 942 1585 οῖ
959 1512 1083 1584 ἀποπε-

101 1620 281 1708 φεύγασιν
295 1623 505 1705 εἰσελθόντες
518 1630 566 1705 εἰς
579 1622 617 1692 τὸ
633 1623 859 1712 δικαστήριον,
868 1624 924 1690 καὶ
938 1617 958 1707 ή
974 1619 1081 1708 βουλή

115 1725 166 1796 ἐπ’
188 1731 288 1797 ἐνίων
311 1728 348 1798 τὸ
372 1731 521 1817 πέμπτον
544 1732 642 1819 μέρος
667 1726 709 1798 οὐ
732 1735 906 1816 μετείληφε
928 1730 996 1795 τών
1018 1727 1083 1814 φή-

116 1862 206 1921 φων;
221 1838 320 1904 τοῦτο
336 1835 374 1904 δὲ
389 1831 429 1903 δν
442 1836 569 1924 τρόπον
583 1843 721 1923 γίνεται,
731 1839 856 1927 ῥηιδίως
870 1833 1011 1914 ἅπαντες
1021 1861 1082 1919 μα-

64 1959 97 2011 55
114 1940 273 2028 θήσεσθε.
301 1937 322 2029 ή
341 1943 458 2029 βουλή,
477 1933 503 2009 ώ
523 1940 653 2031 ἀνδρες,
670 1949 757 2029 ζητεῖ
772 1941 813 2010 τὰ
831 1942 1083 2030 προσταχθέντα

114 2042 172 2133 ὑφ’
189 2043 286 2133 ὑμῶν
304 2049 359 2114 καὶ
375 2043 585 2138 (ἀποφαίνει)
595 2047 637 2117 τὰ
650 2050 853 2136 γεγενημένα
868 2043 947 2134 παρ’
969 2041 1084 2124 αὑτοῖς

114 2150 301 2239 ἀδικήματα
320 2149 381 2240 οὐχ
401 2149 444 2234 ώς
462 2150 557 2241 ὑμεῖς
575 2196 618 2204 -
632 2161 691 2224 καί
706 2181 763 2241 μοι
777 2151 820 2239 μή
841 2149 1020 2240 όργισθήτε
1034 2190 1078 2198 -

117 2257 261 2340 δικάζειν
289 2261 395 2328 ἐνίοτε
418 2269 565 2348 είθισθε,
594 2264 634 2350 τῇ
657 2256 839 2344 συγγνώμη
865 2257 968 2323 πλέον
990 2252 1011 2341 ή
1034 2259 1080 2345 τῷ

118 2369 236 2458 δικαίφ
261 2362 498 2453 ἀπονέμοντες,
526 2363 601 2435 ἀλλ’
626 2361 738 2442 ἁπλώς
764 2361 824 2430 τὸν
852 2366 972 2447 ἔνοχον
1000 2358 1082 2427 όντα

116 2485 186 2551 τοῖς
210 2475 422 2559 ζητουμένοις
444 2471 577 2543 καὶτὸν
600 2465 784 2538 ὁποιονοῦν
806 2463 987 2554 ἠδικηκότα
1007 2465 1082 2554 (πα-

118 2575 175 2666 ρὰ)
194 2576 236 2646 τὰ
258 2577 396 2667 πάτρια,
415 2585 595 2667 νομίζουσα
613 2573 674 2644 τὸν
693 2577 729 2642 ἐν
747 2588 818 2655 τοῖς
836 2588 966 2662 μικροῖς
985 2592 1083 2640 συνε-

117 2683 296 2771 θιζόμενον
320 2682 463 2771 ἀδικεῖν,
485 2685 607 2751 τοῦτον
629 2681 670 2750 τὰ
689 2681 813 2769 μεγάλα
836 2683 904 2748 τών
923 2677 1084 2765 ἀδικημά-

65 2817 100 2868 56
117 2817 185 2857 τών
213 2787 445 2882 εὐχερέστερον
471 2791 723 2878 προσδέξεσθαι.
765 2786 881 2876 διόπερ
912 2783 971 2853 τὸν
1004 2781 1082 2874 παρ’

119 2891 231 2964 αδτών
259 2893 530 2987 ἀποστερήσαντα
552 2894 590 2964 τὸ
619 2897 747 2963 ναῦλον
770 2891 831 2962 τόν
853 2893 1007 2981 πορθμέα
1032 2898 1048 2973 ζ
1071 2934 1084 2942 -

118 3001 272 3091 μιώσασα
295 3003 378 3094 πρὸς
396 2997 483 3088 ὑμᾶς
505 2998 667 3089 ἀπέφηνε·
690 3001 791 3069 πάλιν
810 2997 871 3066 τὸν
893 2995 955 3086 τήν
972 3022 1084 3065 πεντε-

190 3177 231 3225 64.
267 3163 466 3236 ἀποφεόγασιν
483 3169 517 3222 N.

188 3246 227 3293 55.
252 3232 352 3298 αὐτοῖς
369 3237 435 3287 Bk:
455 3227 564 3301 αήτοῖς.
583 3263 618 3274 -
635 3227 787 3302 συγγνώμη
804 3232 852 3284 ΝΒ
871 3236 899 3282 et
922 3247 991 3310 οοιμ.
1011 3247 1034 3308 οι
1047 3247 1087 3295 pr.

118 3325 153 3360 m.
173 3311 197 3359 A
214 3310 281 3359 Bk:
299 3298 405 3387 γνώμη.
424 3331 457 3341 -
475 3298 576 3389 (παραὶ)
596 3303 689 3355 addidi
704 3301 772 3378 coll1
788 3301 803 3362 δ
822 3302 867 3382 ⁵⁶5
887 3296 984 3365 (κατα)
1002 3315 1037 3348 τοι
1057 3313 1088 3351 π.

119 3376 292 3428 Dobr.Turr.
311 3371 382 3437 (³011.
401 3371 506 3438 ζητεῖ);
525 3371 685 3438 ἀποφαίνει
702 3385 776 3421 κατα
796 3367 860 3419 εδδι
872 3366 998 3419 mal.Mr.
1018 3366 1088 3416 Ver-

120 3445 184 3496 bum
204 3445 257 3494 hoc
282 3443 366 3494 etiam
384 3441 470 3493 Wolf.
488 3446 551 3507 post
568 3441 682 3504 ζητουμ.
701 3436 767 3487 addi
783 3437 911 3488 iusserat.

181 3513 224 3563 σί,
263 3507 504 3580 πενταδραχμίαν
527 3509 562 3561 N.
579 3533 614 3544 -
