2340 3916
352 169 480 225 ΚΑΤΑ
505 169 725 227 TIMAPXO
736 170 769 227 Y.
996 169 1035 232 ll

483 335 647 394 ΝΟΜΟΣ.

30 477 62 530 16
167 458 233 567 [”Αν
250 486 293 535 τις
305 441 477 542 Αθηναίων
489 456 669 562 ἐλεύθερον
667 464 761 523 παῖδα
781 456 904 570 ύβρίση,
925 465 1036 546 γραφέ-

125 544 214 607 σθα
203 571 218 608 ο
231 542 332 650 κύριος
342 571 393 608 του
381 539 516 650 πριιδὸς
532 538 606 627 πρὸς
621 538 689 620 τούς
706 548 905 626 θεσμοθέτας,
927 550 1037 629 τίμημα

124 629 370 711 ἐπιγραψάμενος.
382 620 421 691 ού
430 623 509 691 ύντο
499 622 707 731 δικαστήριον
718 634 968 778 καταψηφίσηται,
979 656 1036 694 πα·
1054 648 1091 703 42

126 717 264 818 ραδοθεις
283 721 344 788 τοῖς
368 715 473 776 ένδεκα
497 709 632 775 τεθνάτω
660 707 883 814 αὐθημερόνέ
884 742 922 779 αν
944 715 977 779 δέ
997 719 1037 792 είς

124 797 268 902 ύργύριρν
290 801 525 898 καταψηφισθῇ,
547 789 714 860 ύποτισύτω
736 799 768 860 ἐν
789 795 931 862 ένδεκα’
916 801 1037 883 ημέραις

124 880 194 993 μετὰ
210 880 266 967 τὴν
283 886 385 985 δίκην,
410 875 462 944 ἐαν
478 875 519 960 μὴ
535 887 714 982 παραχρῆμα
729 878 853 964 δύνηται
870 879 1035 948 ύποτίνειν·

124 971 176 1044 ἕως
193 969 225 1031 δέ
242 975 294 1030 τοῦ
305 961 443 1029 ύποτῑσαι
460 960 615 1069 εἱρχθήτω.
625 967 734 1067 ἔνρχοι
747 966 779 1030 δὲ
796 971 926 1032 ἔστωσαν
936 974 1036 1032 ταῖσδε

122 1061 185 1128 ταῖς
197 1055 302 1127 αἰτίαις
312 1052 362 1114 καὶ
374 1053 439 1114 οἷ’
413 1074 453 1124 εις
464 1045 499 1110 τδι
508 1043 636 1111 οἱκετικδι
645 1047 1035 1136 σύματαέξαμαρτανοντες.]

27 1219 60 1273 17
156 1204 250 1282 Ἴσως
270 1197 313 1270 δίν
331 1195 395 1269 ούν
410 1227 458 1280 τις
475 1200 682 1286 θαυμάσειεν
704 1201 899 1289 ἐξαίφνης’
878 1204 1036 1289 ακούσας,

82 1312 114 1371 τί
135 1305 176 1388 δή
199 1299 273 1369 ποτ’
294 1305 331 1369 έν
347 1308 394 1389 τῷ
415 1299 507 1388 νόμῳ
529 1308 575 1386 τῷ
594 1309 652 1387 τῆς
672 1299 801 1387 ὕβρεως
819 1305 1036 1390 προσεγράφη
1053 1325 1088 1378 40

81 1413 178 1473 τοῦτο
191 1401 228 1470 τδ
240 1403 344 1490 ῥῆμα,
365 1397 403 1467 τὸ
421 1405 491 1467 τῶν
503 1399 643 1467 δούλων.
655 1409 754 1468 τοῦτο
766 1402 802 1471 δὲ
813 1400 872 1470 έοὶν
882 1412 1035 1489 σκοπῆτε,

83 1501 307 1591 ύἉθηναῖοι,
320 1500 493 1588 εὑρήσετε,
512 1498 562 1569 ὅτι
571 1507 670 1569 τοῦτο
682 1503 819 1570 πάντων
829 1503 946 1588 ἄριστα
956 1510 1035 1590 ἔχει·

81 1604 123 1672 οὐ
146 1602 210 1689 γύρ
232 1603 392 1688 περὶτῶν
415 1606 552 1668 οἰκετῶν
574 1600 780 1668 ἐσπούδασεν
801 1597 819 1669 ὁ
840 1604 1036 1687 νομοθέτης,

82 1706 164 1774 ἀλλὰ
183 1702 388 1792 βουλόμενος
405 1698 490 1786 ύμοῖς
507 1704 618 1769 ἐθίσαι
638 1699 725 1767 πολύ
747 1699 880 1787 ἀπέχειν
895 1709 953 1787 τῆς
969 1709 1037 1768 τῶν

82 1806 272 1887 ἐλευθέρων
288 1800 417 1886 ὕβρεως
429 1801 641 1884 προσέγραψε
652 1796 731 1884 μηδ’
748 1805 794 1877 είς
804 1797 884 1876 τούς
895 1799 1038 1878 δούλους

82 1902 234 1989 ὑβρίζειν.
246 1898 331 1978 ὅλως
342 1898 376 1966 δέ
385 1902 422 1964 έν
433 1905 472 1984 τη
484 1901 686 1984 δημοκρατίᾳ
694 1895 753 1964 τὸν
761 1903 806 1975 είς
816 1894 931 1964 ὁτιοῦν
945 1893 1038 1984 ὑβρι-

83 1999 180 2086 στὴν,
205 2005 326 2066 τοῦτον
344 1993 406 2064 ούκ
424 1995 608 2081 ἐπιτήδειον
625 1991 863 2081 εἶναιὴγησατο
874 2002 1038 2080 συμπολι-

33 2116 66 2167 18
82 2100 247 2166 τεύεσθαι.
281 2096 414 2165 κύκείνο
441 2099 480 2165 δέ
506 2123 562 2183 μοι
592 2097 981 2183 συνδιαμνημονεύσατε,
1010 2088 1038 2164 ού

80 2198 264 2282 Ἀθηναῖοι,
288 2195 339 2263 ὅτι
356 2193 494 2264 ἐνταῦθ’
515 2194 533 2264 ὁ
553 2199 738 2283 νομοθέτης
749 2196 843 2264 ούπω
856 2201 1038 2282 διαλέγεται

83 2294 173 2385 αύτῷ
183 2305 231 2386 τῷ
242 2297 368 2382 σοίματι
378 2305 439 2363 τού
450 2295 584 2383 παιδδς,
596 2295 680 2364 ύλλδι
691 2300 843 2381 τοῖςπερὶ
855 2295 915 2365 τδν
925 2301 1037 2382 παῖδα,

83 2401 196 2481 πατρὶ,
220 2394 372 2486 ύδελφςό,
390 2398 572 2484 έπιτρόπςο,
591 2397 800 2475 διδασκάλοις
810 2398 865 2465 καί
876 2396 961 2474 ὅλως
971 2410 1038 2475 τοϊς

83 2503 227 2578 κυρίοις·
249 2493 385 2562 ἐπειδὰν
399 2493 430 2560 δ’
444 2499 595 2582 ἐγγραφῇ
606 2501 652 2572 είς
662 2493 699 2562 τὸ
712 2492 921 2581 ληξιαρχικὸν
932 2520 1037 2581 γραμ-
1057 2507 1092 2562 44

167 2608 179 2622 ,
274 2594 282 2618 ,
346 2589 353 2611 ι
419 2591 426 2611 ι

82 2696 136 2761 καὶ
156 2692 220 2778 ἤδη
243 2691 383 2776 δύνηται
410 2695 654 2776 διαλογίζεσθαι
675 2689 714 2758 τοὶ
736 2689 822 2759 καλδι
842 2694 897 2758 καὶ
918 2687 958 2758 τοὶ
980 2686 1036 2775 μὴ,

33 2814 65 2865 19
83 2790 192 2859 ούκέτι
206 2792 303 2877 ἑτέρην
316 2789 507 2874 διαλέγεται,
520 2785 588 2857 ἀλλ’
602 2788 664 2875 ἤδη
677 2786 777 2878 αύτῷ.
790 2790 924 2869 καὶπῶς
935 2795 1038 2875 λέγεις

84 2892 125 2957 ι’ίν
137 2917 184 2967 τις
192 2887 398 2974 Ἀθηναίων,
421 2891 537 2973 φησὶν,
562 2886 732 2976 έταιρήση,
755 2886 800 2974 μη
818 2890 935 2968 ἐξέστω
947 2884 1037 2976 αύτῷ

83 2997 151 3055 τῶν
161 2991 257 3055 ἐννέα
270 2986 441 3072 ἀρχόντων
451 2989 623 3073 γενέσθαι,
647 2984 699 3053 ὅτι
715 2984 805 3072 οἶμαι
824 2987 1039 3073 στεφανηφό-

84 3114 141 3169 ρος
152 3084 171 3172 ἡ
185 3084 286 3171 ύρχη,
310 3082 388 3172 μηδ’
402 3086 590 3171 ἱερωσύνην
601 3086 817 3174 ίεροὶσασθαι,
840 3084 875 3166 δς
886 3087 965 3155 ούδέ
976 3113 1039 3154 κα-

82 3194 179 3277 θαρῷ
191 3190 374 3272 διαλέγεται
384 3196 431 3276 τῷ
448 3187 591 3273 σοίματι,
614 3188 696 3272 μηδὲ
713 3194 923 3275 συνδικῆσαι,
947 3190 1039 3274 φησὶ,
1056 3212 1091 3266 45

83 3295 128 3375 τῷ
143 3290 306 3374 δημοσίου·
330 3287 412 3372 μηδὲ
431 3285 562 3366 οἶρξοίτω
573 3285 679 3373 ἀρχὴν
689 3293 851 3374 μηδεμίαν
863 3291 1036 3374 μηδέποτε,

83 3382 160 3469 μήτ’
179 3389 324 3470 ἔνδημον
339 3385 419 3471 μήτε
439 3383 637 3471 ὑπερόριον,
660 3387 739 3474 μήτε
764 3388 936 3474 κληρωτὴν
957 3388 1038 3474 μήτε
