2340 3916
447 108 669 165 PRAEFATIO.
1009 110 1051 163 1x

78 243 118 309 in
149 263 188 307 eo
222 242 404 326 exemplum
428 243 519 326 sequi
546 244 646 308 volui.
697 242 831 308 Exstitit
858 266 962 328 nuper
994 246 1050 330 qui

79 343 191 409 sedulo
214 344 249 408 in
270 344 536 428 interpolationes
562 345 740 428 inquireret
761 344 905 428 Lipsius:
936 347 992 430 qui
1014 352 1051 411 ut

80 445 229 530 exemplo
252 449 325 510 utar
348 449 381 529 l,
406 445 445 509 16
467 445 502 509 in
524 445 630 510 verbis
653 444 710 509 nul
737 448 912 529 κομισθεὶς
933 446 1051 513 ἄδειαν

81 543 266 629 εὑρόμενος
288 544 482 630 ἀπογράφει
505 547 758 622 auctoramus
779 551 908 613 εἴκοσιν
923 546 1051 633 ἄνδρας

81 670 228 732 eaquae
257 652 332 712 sunt
359 645 479 713 ἄδειαν
506 642 688 733 εὑρόμενος
721 648 780 713 eici
812 649 896 734 vult,
930 652 1050 715 etenim

80 772 152 815 eam
174 771 242 814 rem
263 749 328 813 iarn
351 772 447 834 supra
461 752 567 814 verbis
582 752 817 834 ψηφισαμένης
831 750 869 814 δὲ
891 754 949 835 τῆς
963 754 1051 834 βον-

80 855 143 934 λῆς
169 850 342 915 indicatam
370 873 447 916 esse.
491 853 537 915 At
565 873 607 916 ne
635 853 742 935 potuit
764 852 893 937 quidem
920 858 1050 919 senatus

81 953 113 1017 ei
140 953 365 1036 impunitatem
387 953 554 1018 decernere
577 954 633 1035 qui
655 953 800 1018 nondum
827 954 967 1040 adesset,
991 956 1048 1020 sed

78 1054 268 1140 promittere
288 1058 425 1138 tantum,
448 1055 475 1118 si
498 1053 640 1138 redisset,
663 1054 733 1119 fore
755 1060 792 1120 ut
814 1055 1050 1141 decemeretur,

81 1162 116 1221 et
136 1155 217 1220 illud
231 1154 388 1240 ψήφισμα
409 1156 492 1220 nihil
508 1155 595 1220 aliud
609 1157 806 1223 continuisse
825 1158 961 1244 videtur,
984 1159 1047 1224 nisi

78 1262 119 1322 ut
153 1256 290 1343 delegati
324 1257 453 1341 quidam
486 1257 620 1343 Megara
651 1258 931 1341 proficiscerentur
967 1259 1048 1325 Teu-

80 1380 234 1443 crumque
255 1359 307 1423 his
328 1359 495 1441 promissis
517 1359 663 1424 Athenas
685 1360 883 1426 reducerent.

165 1460 238 1545 Ipse
260 1465 367 1524 autem
382 1460 510 1544 Lipsius
532 1461 565 1524 id
580 1460 710 1545 quidem
725 1462 912 1547 confitetur,
928 1484 1047 1548 magna

81 1563 231 1627 cautione
260 1584 341 1646 opus
370 1583 453 1646 esse,
488 1564 515 1626 si
543 1564 614 1646 quis
642 1563 677 1626 in
704 1563 766 1628 hoo
795 1568 922 1628 oratore
950 1565 1048 1629 inter·

79 1664 264 1749 polationes
292 1663 444 1748 indagare
466 1664 561 1729 velit:
584 1665 704 1729 etenim
726 1665 824 1729 fuisse
847 1664 1048 1730 Andocidem

79 1767 121 1830 ad
148 1767 319 1830 verborum
348 1767 498 1850 ambages
524 1769 641 1830 natura
672 1765 916 1849 propensiorem
942 1788 1047 1850 neque

77 1868 239 1932 immerito
267 1890 287 1931 a
314 1866 505 1949 quibusdam
531 1870 690 1950 veterum,
723 1865 928 1953 Hermogene
956 1871 1048 1948 teste,

77 1972 272 2054 nugatorem
286 1967 432 2031 habitum
448 1989 525 2032 esse.
556 1967 628 2033 Ηοο
639 1968 841 2033 verissimum
851 1974 884 2034 et
898 1970 1047 2036 omnibus

79 2071 136 2154 qui
159 2075 261 2134 artem
283 2069 427 2133 criticam
448 2069 484 2133 in
510 2069 573 2135 hoc
595 2075 722 2135 oratore
744 2071 867 2136 faciant
887 2072 1045 2156 imprimis

77 2171 255 2235 tenendum
282 2174 338 2234 est.
383 2170 527 2236 Plurima
554 2176 631 2236 sunt
653 2194 734 2256 quae
763 2174 831 2237 sine
854 2173 1047 2238 detrimento

78 2273 236 2338 orationis
264 2271 362 2336 recidi
397 2274 538 2356 possint,
576 2275 690 2359 verba,
730 2276 924 2358 sententiae,
959 2279 1047 2340 totae

78 2378 203 2458 partes,
233 2374 376 2437 sednon
403 2373 510 2437 hercle
532 2372 604 2438 ideo
627 2374 684 2438 illa
705 2397 773 2439 non
799 2375 941 2460 genuina
962 2380 1046 2441 sunt.

78 2476 228 2540 Alterum
245 2478 293 2539 est
308 2474 394 2558 quod
404 2472 586 2538 Andocides
601 2475 741 2538 levitatis
756 2475 1047 2559 concinnitatisque

78 2578 213 2641 minime
241 2575 401 2640 studiosus
429 2576 502 2639 fuit.
555 2573 659 2650 Quare
687 2579 720 2640 et
745 2575 781 2639 in
808 2576 865 2641 illo
893 2577 964 2641 loco
992 2576 1048 2660 qui

80 2679 228 2743 omnium
249 2678 386 2742 maxime
408 2677 600 2742 coniecturis
622 2676 791 2741 hominum
813 2678 980 2743 doctorum
995 2700 1047 2743 ve-

77 2785 173 2844 xatus
196 2783 257 2843 est:
288 2778 344 2842 aul
367 2775 432 2861 yolo
456 2778 491 2842 οἱ
511 2777 605 2860 λόγον
627 2779 696 2842 τοῖν
718 2778 915 2863 κατηγόρων
941 2783 1048 2845 ταῦτα

78 2879 119 2944 τό
158 2881 253 2945 δεινὰ
287 2877 344 2943 καὶ
378 2879 532 2963 φρικώδη
565 2876 794 2962 ἀνωρθίαζον,
833 2878 890 2945 καὶ
927 2880 1048 2963 λόγους

79 2978 177 3047 εἷπον
198 2979 244 3056 ὥς
265 2982 432 3063 πρότερον
455 2980 577 3063 ἑτέρων
599 2979 823 3066 ἁμαρτόντων
846 2981 912 3047 κτὲ.
930 2984 964 3070 (ξ
979 2983 1046 3067 29),

78 3085 149 3167 ipse
177 3083 334 3147 medelam
363 3083 562 3166 corruptelae
591 3082 728 3147 similem
756 3082 902 3168 adhibui,
929 3105 1046 3167 nempe

77 3189 116 3249 ut
138 3184 246 3250 addito
271 3187 306 3248 ol
330 3189 404 3268 post
426 3182 624 3267 κατηγόρων
646 3185 896 3250 concinnitatem
922 3187 1048 3249 senten·

77 3286 143 3350 tiae
164 3309 296 3371 prorsus
317 3287 474 3351 tollerem.
504 3285 654 3368 Denique
676 3285 709 3349 id
729 3308 857 3369 moneo,
880 3285 1047 3370 asyndeto-

76 3410 151 3452 rum
165 3389 200 3452 in
215 3389 454 3453 narrationibus
470 3386 725 3452 amantissimum
742 3408 811 3452 esse
832 3385 1046 3451 Andocidem:
