2340 3916
276 195 396 254 ΠΕΡΙ
421 197 855 258 ΠΑΡΑΠΡΕΣΒΕΙΑΣ.
1009 199 1050 262 93

92 369 152 456 μὲν
171 362 234 436 οὖν
252 366 359 456 ἡγεῖτο
379 367 396 436 ὁ
418 374 520 456 δῆμος
538 367 629 460 αὐτῷ
646 381 755 453 καλῶς
772 379 857 460 ἔχειν
868 378 1050 460 ἐξενεγκεῖν

91 471 172 558 μετά
190 478 374 557 παρρησίας
389 469 475 557 πρὸς
494 478 661 541 Φίλιππον
681 481 837 563 Θηβαίων
857 475 919 561 μὲν
940 501 1050 560 περιε-
1066 465 1119 521 ²⁷⁷

91 579 160 637 λεῖν
171 566 234 655 τήν
244 569 359 656 ύβριυ,
373 577 533 636 Βοιωτοῖν
543 569 578 638 δὲ
591 569 773 659 ἀναστῆσαι
785 572 825 641 τά
835 581 940 661 τείχη,
961 572 1048 642 ταῦτ’

92 666 135 736 ἀν
153 666 292 755 ήξίωσεν
308 673 346 737 ἐν
362 677 410 759 τῷ
429 677 629 757 ψηφίσματι·
661 681 727 741 νῦν
743 674 778 743 δὲ
791 670 905 753 αὐτοῖς
916 672 978 759 μὲν
988 701 1051 741 κα-

91 771 225 835 τέλιπον
235 768 297 854 τήν
309 775 355 847 είς
365 767 402 835 τὸ
418 767 544 853 ἀφανὲς
556 766 749 858 ἀναφορὰν,
766 765 812 843 ἀν
823 772 869 858 μή
880 799 911 839 τι
923 779 1050 839 πείθω-

21 866 74 918 ¹⁰5
92 885 162 951 σιν,
183 863 309 950 ένήμῖν
325 865 361 933 δέ
372 863 651 935 ἀποκινδυνεύειν
663 866 826 957 φ’ήδησαυ
837 875 915 938 δεῖν.
948 874 1000 937 δεῖ
1008 868 1047 957 δῆ

91 960 170 1087 τοῆς
187 962 271 1050 πρός
288 962 328 1032 τά
341 962 439 1032 κοινά
459 971 757 1053 φιλοτιμουμένους
774 965 818 1054 μή
830 971 978 1055 κατέχειν
988 967 1051 1053 μὲν

92 1065 213 1148 ετέρωυ
224 1062 337 1149 χώραν
348 1067 536 1152 πρέσβεων,
557 1062 615 1145 ούς
626 1070 703 1154 ἐξῆν
714 1073 854 1154 πέμπειν
865 1064 972 1136 deff
953 1094 1050 1155 ημων

89 1160 304 1248 Ἀθηναίους,
331 1161 455 1242 αὐτούς
472 1166 507 1230 δέ
525 1164 582 1243 τάς
599 1165 682 1250 πρὸς
694 1173 861 1254 Θηβαίους
872 1165 1049 1253 ἀπεχθείας

92 1260 247 1346 φεύγειν,
260 1287 309 1327 ων
321 1255 423 1338 εἷςωυ
432 1260 713 1350 Ἐπαμεινώνδας,
736 1263 798 1352 ούχ
809 1262 1043 1353 ὑποπτήξας
1011 1292 1046 1332 το

90 1386 158 1426 των
167 1357 353 1445 Αδηναιων
363 1359 419 1440 αξ
417 1387 506 1448 ωμα,
531 1362 600 1431 εἶπε
621 1365 805 1452 διαρρήδην
824 1369 859 1433 ἐν
870 1393 916 1433 τω
903 1366 1050 1452 πλήθει

90 1486 157 1527 των
170 1457 390 1545 Θηβαίων,
367 1486 410 1538 ως
428 1459 532 1529 δεῖ
494 1487 535 1528 τα
557 1469 615 1547 τῆς
633 1460 820 1549 Ἀθηναίων
838 1435 1049 1549 ἀκροπόλεως
1067 1465 1121 1523 278

91 1558 280 1643 προπύλαια
301 1574 508 1644 μετενεγκεῖν
528 1565 574 1638 είς
595 1559 657 1645 τήν
677 1559 881 1644 προστασιάυ
899 1571 958 1647 τῆς
978 1569 1050 1629 Κα-

19 1655 73 1711 l⁰⁶
91 1663 236 1743 δμείας.“
271 1666 375 1726 ταῦτα
387 1657 419 1724 δ’
433 1661 515 1744 ἐμοῦ
525 1656 646 1742 μεταξύ
658 1660 811 1743 λέγοντας
822 1657 951 1749 ἀναβοᾷ
961 1685 1050 1745 παμ-

91 1762 228 1843 μέγεθες
239 1762 476 1844 Δημοσθένης,
500 1756 543 1836 ὡς
555 1768 644 1825 ίσασι
657 1757 777 1837 πάντες
787 1764 822 1826 οί
831 1762 1051 1849 συμπρέσβεις

90 1853 201 1942 ήμῶν·
224 1859 278 1924 καὶ
290 1855 355 1941 γάρ
367 1855 450 1940 πρὸς
461 1870 529 1935 τοῖς
538 1855 649 1935 ἀλλοις
661 1872 773 1936 κακοῖς
784 1859 974 1944 βοιωτιάζει.
1008 1851 1052 1945 ῆν

92 1953 123 2021 δ’
144 1948 298 2038 οὗυ“παρ’
320 1954 427 2024 αὐτοῦ
441 1956 567 2023 τοιαυτὶ
586 1954 626 2022 τά
636 1955 815 2041 λεγόμεναΙ
847 1955 1052 2041 ,ἅνθρωπος

93 2052 205 2122 οὑτοσί
216 2063 359 2142 ταραχῆς
370 2057 424 2124 καὶ
439 2056 561 2142 τόλμης
572 2057 638 2123 ἐστὶ
652 2055 785 2140 μεστός·
807 2057 871 2141 ἐγώ
883 2058 918 2123 δὲ
929 2053 1051 2142 ὁμολο-

90 2163 140 2239 γιά
148 2154 294 2242 μαλακὸς
305 2155 389 2223 εἶναι
399 2157 453 2224 καὶ
463 2153 504 2223 τά
517 2152 608 2222 δεινά
617 2155 797 2239 πόρρωθεν
805 2160 957 2241 δεδιέναι,
966 2154 1054 2223 ἀπα·
1069 2165 1122 2224 279

90 2256 221 2341 γορεύω
242 2258 356 2342 μέντοι
376 2254 420 2342 μῆ
443 2256 682 2341 συνταράττειν
702 2253 787 2342 ἡμᾶς
804 2253 888 2338 πρὸς
906 2252 1049 2341 ἀλλήλας

92 2355 149 2433 τάς
172 2355 298 2432 πόλεις,
320 2352 357 2419 τὸ
380 2352 426 2440 μή
448 2363 741 2440 πολυπραγμονεῖν
761 2351 848 2439 ῆμοῖς
868 2350 949 2431 τούς
971 2356 1054 2436 πρέ-

19 2457 74 2511 107
93 2461 182 2540 σβεις
199 2454 316 2538 μηδὲν,
340 2450 427 2520 τοῦτ’
445 2451 579 2538 ἀγαθὸν
596 2451 845 2540 ὑπολαμβάνων
864 2451 955 2518 εἶναι.
991 2476 1054 2517 πο-

93 2555 223 2637 ρεύεται
241 2558 403 2630 Φίλιππος
427 2558 473 2632 είς
493 2555 624 2639 Πύλας,
652 2551 717 2638 ἐγώ
741 2557 776 2619 δὲ
798 2552 1052 2637 ἐγκαλύπτομαι.

93 2649 203 2730 οὐδείς
213 2679 253 2738 με
265 2662 333 2721 των
344 2651 459 2720 ὅπλων
471 2655 567 2720 ἕνεκα
579 2661 647 2720 ταῖν
659 2659 827 2721 Φιλίππου
839 2666 960 2736 κρινεῖ,
979 2649 1049 2718 ἀλλ’

91 2747 135 2818 ἀν
153 2761 233 2818 εῖπω
251 2750 340 2839 τιμή
359 2747 472 2838 δέουῆ
489 2752 602 2837 πράξω
613 2779 645 2818 τι
661 2759 732 2819 τοῖν
745 2749 789 2838 μῆ
810 2755 1052 2836 προστεταγμέ-

92 2877 170 2916 νων.
180 2858 201 2891 “
233 2855 334 2935 πέρας
352 2855 388 2918 δέ
407 2861 468 2919 τοῦ
484 2852 682 2937 πράγματος,
695 2854 900 2937 ἐψηφίσαντο
918 2855 952 2917 οί
966 2871 1052 2935 συμ-

91 2952 259 3035 πρέσβεις,
291 2947 358 3016 κατ’
379 2950 486 3033 ἀνδρα
508 2951 762 3036 ἐπερωτώμενος
787 2950 923 3028 ἕκαστος
944 2947 1050 3036 ἡμῶν,

91 3046 112 3114 ὅ
131 3076 161 3116 τι
179 3056 302 3135 νομίζει
319 3055 519 3136 συμφέρειν,
542 3059 640 3117 τοῦτο
661 3053 778 3134 λέγειν.
821 3047 873 3115 ὅτι
891 3046 923 3115 δ’
942 3045 1053 3133 ἀληθῆ

90 3152 191 3234 λέγω,
217 3152 310 3218 κάλει
325 3179 380 3237 μοι
398 3150 477 3228 τούς
490 3152 713 3237 συμπρέσβεις
724 3151 780 3216 καὶ
792 3146 855 3235 τῆν
867 3152 1053 3233 μαρτυρίαν

90 3245 203 3315 αύτων
215 3252 297 3335 λέγε.
