2340 3916
314 183 544 236 ARGUMENTA
562 184 789 239 ORATIONUM.
964 189 1046 243 XVII

76 317 285 383 condiciones
319 316 435 381 Boeoti
464 337 592 401 quoque
620 318 764 401 accipere
803 321 909 402 parati
944 326 1045 406 erant,

73 418 465 501 Lacedaemoniorumque
482 418 582 503 legati
595 418 729 483 aderant
742 421 797 503 qui
815 442 868 485 eas
886 443 1046 488 commen-

73 520 210 602 dabant3
235 518 486 584 adversabantur
508 524 616 584 autem
632 518 875 586 Corinthiorum
898 526 953 607 qui
975 530 1046 590 tum

73 621 106 684 id
129 620 282 704 oppidum
303 620 466 685 habebant
487 623 520 684 et
541 621 672 705 Argivi,
701 622 757 704 qui
780 623 906 706 utrique
929 630 962 689 et
982 626 1045 710 ipsi

74 722 254 807 legationes
276 721 422 786 Athenas
444 724 607 786 miserant.
638 721 766 786 Bellum
791 724 1043 791 Atheniensibus

74 823 177 908 magis
199 823 336 907 placuit3
359 823 468 906 itaque
489 822 611 888 infecto
631 844 666 887 re
694 825 792 908 legati
815 823 967 908 Spartani
990 826 1044 892 do·

73 946 161 988 mum
175 923 354 1007 redierunt,
370 925 457 1007 pacis
472 927 584 988 auctor
598 924 796 1008 Andocides,
818 926 845 989 si
860 927 1041 1012 biographo

71 1025 212 1089 tradenti
226 1025 304 1089 fides
319 1024 481 1109 habenda,
504 1026 539 1089 in
555 1025 686 1089 exilium
708 1026 819 1110 pulsus
835 1031 892 1092 est.
921 1027 1042 1094 Habito

73 1127 194 1210 oratio,
228 1131 265 1190 ut
297 1127 457 1210 plerisque
486 1126 627 1210 videtur,
661 1130 833 1194 auctumno
868 1130 946 1194 anni
978 1131 1040 1194 391

73 1228 159 1313 (coll.
189 1232 209 1308 ξ
236 1227 306 1313 20);
341 1249 380 1291 ex
407 1249 479 1291 mea
506 1229 666 1292 sententia
692 1232 812 1294 aestate
841 1231 1040 1314 insequentis

73 1330 160 1412 anni,
183 1329 293 1411 paullo
317 1333 391 1393 ante
413 1329 557 1393 nobilem
580 1328 702 1393 cladem
723 1330 813 1394 illam
835 1353 932 1414 quam
952 1332 1041 1416 Iphi·

76 1433 179 1495 crates
201 1429 461 1494 Lacedaemoniis
484 1430 609 1513 intulit3
632 1451 736 1513 neque
760 1431 823 1495 alia
844 1432 925 1496 mihi
948 1455 1042 1499 causa

71 1532 326 1596 Atheniensibus
349 1531 562 1596 continuandi
583 1531 661 1595 belli
682 1531 781 1596 fuisse
803 1533 931 1597 videtur
945 1556 1041 1617 quam

71 1631 159 1696 illius
193 1653 321 1716 pugnae
353 1633 496 1696 nuntius.
505 1633 536 1718 ²¹⁸)
581 1629 730 1696 Ceterum
767 1633 942 1717 genuinam
973 1656 1041 1699 non

72 1754 140 1797 esse
162 1734 342 1797 orationem
364 1737 397 1797 et
418 1734 503 1797 inter
524 1737 648 1797 veteres
669 1733 820 1817 Dionysii
834 1732 1040 1799 Halicarnas-

72 1835 173 1898 sensis
197 1837 230 1897 et
250 1835 426 1898 multorum
458 1835 543 1897 inter
565 1834 758 1898 recentiores
780 1835 940 1898 sententia
959 1834 1040 1900 fuit:

72 1934 158 2018 quod
185 1935 339 1999 iudicium
367 1936 448 1998 mihi
476 1955 679 2017 nequaquam
706 1934 872 2018 probabile
901 1935 1038 2000 videtur.

157 2035 211 2101 Or.
240 2036 288 2100 IV
316 2035 390 2099 κατ’
416 2032 637 2117 Ἀλκιβιάδου.
691 2035 805 2119 Neque
839 2036 1039 2102 Andocidem

70 2138 150 2201 haec
179 2137 281 2200 oratio
310 2141 473 2201 auctorem
500 2135 599 2201 habet
625 2159 730 2221 neque
758 2160 778 2201 a
800 2159 962 2222 quoquam
989 2160 1040 2203 us-

71 2259 168 2321 quam
191 2236 302 2301 habita
325 2242 381 2321 est,
403 2259 509 2321 neque
525 2239 657 2302 omnino
680 2239 792 2303 haberi
814 2239 929 2322 potuit.
959 2240 1040 2324 Agi-

69 2344 124 2404 tur
146 2342 301 2403 testarum
324 2339 522 2424 suffragium,
552 2360 616 2422 quo
638 2342 708 2405 tum
730 2343 786 2403 ant
812 2341 840 2404 is
863 2341 918 2423 qui
940 2341 1039 2406 verba

68 2440 158 2524 facit,
181 2445 237 2504 aut
258 2440 449 2523 Alcibiades
472 2445 530 2504 aut
544 2439 655 2505 Nicias
677 2440 712 2503 in
735 2440 866 2503 exilium
887 2441 965 2523 pelli
987 2441 1039 2506 de·

68 2543 174 2606 bebat.
221 2540 336 2606 Orator
358 2542 467 2626 igitur,
496 2544 667 2624 postquam
697 2543 827 2622 questus
850 2544 898 2603 est
919 2541 1036 2624 iniqui·

67 2648 135 2708 tate
164 2644 272 2727 legum
305 2664 409 2726 neque
437 2641 607 2706 accusandi
638 2661 743 2723 neque
777 2638 968 2703 defendendi
1003 2642 1037 2706 in

67 2745 130 2809 hac
152 2766 247 2809 causa
268 2745 455 2809 facultatem
478 2744 561 2826 dari,
591 2746 623 2807 et
644 2762 712 2806 sese
735 2763 754 2804 a
775 2741 963 2806 criminibus
984 2743 1037 2807 ad·

68 2847 285 2912 versariorum
301 2844 443 2909 defendit
459 2847 491 2908 et
505 2843 705 2908 Alcibiadem
721 2847 850 2907 accusat
872 2842 1037 2908 idoneum-

68 2970 131 3032 que
159 2948 277 3031 probat
304 2947 359 3030 qui
389 2968 428 3010 ex
456 2946 534 3009 urbe
567 2945 709 3009 eiciatur.
763 2943 903 3027 Tempus
938 2945 1036 3009 ambi-

67 3070 183 3133 guum:
218 3049 336 3112 etenim
370 3050 402 3111 et
434 3046 615 3111 Alcibiades
646 3046 792 3110 nondum
824 3046 860 3110 in
895 3044 1037 3110 Siciliam

67 3206 184 3214 -—--.
200 3206 272 3213 --..-..

136 3287 161 3351 *)
181 3287 225 3336 Cf.
248 3286 304 3339 Art.
329 3284 508 3336 Beredsamh.
532 3300 558 3349 p.
581 3282 630 3334 282
654 3298 695 3349 sq.
721 3284 758 3334 cf.
781 3300 808 3349 p.
826 3285 883 3336 663.
918 3283 959 3333 Ne
979 3287 1036 3333 tum

67 3355 177 3419 quidem
195 3355 334 3420 integrum
352 3353 420 3404 belli
439 3353 655 3417 quinquennium
673 3355 813 3416 peractum
827 3355 899 3412 erat,
918 3354 946 3401 et
964 3349 1036 3414 qnod

66 3424 95 3471 in
107 3422 226 3487 Argivos
239 3426 332 3472 orator
344 3421 413 3470 dicit
425 3422 440 3481 §
453 3422 498 3482 27,
519 3419 547 3469 id
563 3433 738 3483 nequaquam
752 3434 812 3468 cum
827 3418 866 3468 eis
885 3418 1035 3469 convenire

65 3489 178 3541 videtur
197 3504 267 3554 quae
288 3505 311 3540 a.
330 3491 378 3540 391
398 3492 478 3553 gesta
496 3493 567 3539 sunt.

121 3580 261 3621 Annocrnns.
864 3570 881 3619 b
