2340 3916
449 184 650 241 επιτΑοιοε.
988 190 1029 254 67

59 357 119 419 τοῡ
142 355 182 435 μὴ
202 355 366 439 μετέεχον,
388 352 458 420 ἀλλ’
480 354 530 420 εὐ·
558 355 672 437 ὅμοιον
709 362 754 442 τῷ
791 358 831 437 μὴ
870 317 1028 442 γενέεθαι,

59 438 170 507 δοξίαν
186 439 348 521 ἀγήρατον
364 440 530 521 εἰλήφαειν
556 439 800 522 ἀπηλλαγμένοι
832 441 889 508 εἰεί
920 443 1028 510 νότων

58 524 249 605 εὐδαίμονές
261 545 296 590 τε
310 526 460 604 γεγόναα
476 546 529 590 κα·
555 527 607 591 καὶ
628 526 731 607 λύπη(
753 528 893 593 καὶτῶν
916 527 1028 596 ἄλλων

58 611 99 676 τὰ
111 610 225 676 πάντα.
241 610 311 677 ὅταν
328 613 385 692 μὲν
398 611 461 691 γὰρ
473 609 530 675 αὐ·
555 616 623 677 τῶν
634 611 906 692 προεπιπτόντων
913 611 957 679 εἰ(
967 614 1028 680 τὸν
1130 626 1134 635 ’

57 699 124 762 τῶν
145 694 279 761 ἄπαιδες
307 696 529 774 τετελευτήκα-
555 695 763 777 ἀνθρώπινον
788 697 874 779 βίον·
896 696 923 762 εἰ
944 698 973 762 δ’
996 698 1027 763 ἔ-

58 800 118 864 tw,
134 780 165 845 οἱ
179 781 268 860 παρὰ
283 788 348 847 τῶν
363 780 528 860 Ἑλλήνων
556 802 622 848 (τιν
644 781 781 861 cirenae
810 783 846 848 ἑν
873 783 954 866 ᾂδου
977 783 1028 847 καὶ

57 865 185 932 ἔπαινοι
199 868 312 932 παῖδε(
327 865 436 932 αάτῶν
451 865 528 932 ἀθά·
555 866 719 946 ἐπιμέλεια
730 868 819 947 παρὰ
838 870 897 932 τοῦ
915 871 1027 946 δαιμο-

57 970 151 1017 νατοι
166 951 301 1017 ἔεονται.
325 950 528 1017 ὅτοιδὲπαῑ-
554 951 642 1030 vion,
669 952 776 1032 ὥοπερ
800 951 1027 1033 ὑπολαμβάνο-
1099 990 1102 995 ,
1161 1018 1164 1025 ,

57 1041 117 1102 δα(
133 1035 409 1120 καταλελοίπαειν,
430 1037 450 1116 ἡ
472 1041 528 1117 τῆ(
554 1057 613 1118 μεν
625 1035 718 1121 εἶναι,
738 1037 850 1120 (εἰκὸς)
869 1037 945 1103 τοὺ(
957 1039 1028 1103 ταῖε

57 1122 211 1201 πατρίδος
229 1121 341 1187 εὔνοια
353 1121 528 1202 ἐπίτροπος
553 1124 728 1201 τιμαῑετῶν
737 1127 821 1190 θεῶν
831 1123 1027 1201 καταλυομέ-

57 1206 167 1273 αὐτοῖς
194 1209 262 1272 τῶν
284 1206 411 1272 παίδων
433 1226 528 1272 κατα·
553 1227 623 1274 ναι(
645 1207 861 1288 βοηθήεανταε
878 1208 1026 1286 πλεὶετηε
1130 1210 1136 1229 “

55 1292 208 1371 (τήεεται.
235 1292 319 1373 πρὸς
336 1292 373 1357 δὲ
387 1291 527 1376 τούτοις,
553 1292 744 1372 κηδεμονίας
757 1292 822 1357 ὑπὸ
839 1295 900 1357 τοῦ
916 1295 1026 1372 δαιμο-

57 1376 163 1456 εἰμέν
191 1377 254 1444 terr
281 1379 319 1444 τὸ
348 1374 527 1445 ἀποθανεῖν
553 1377 626 1444 vion
648 1377 841 1461 τυγχάνειν]
870 1414 912 1424 ——
928 1414 970 1424 -
984 1414 1026 1424 -

56 1599 199 1651 hebiliter.
233 1599 359 1651 Alterum
381 1601 411 1650 in
434 1600 574 1666 excerptis
591 1614 612 1650 ὀ
635 1599 764 1665 Dexippo
788 1597 826 1664 (p.
845 1601 877 1650 32
896 1598 939 1648 ed.
959 1599 1026 1650 Nie-

56 1666 138 1732 buhr)
157 1684 172 1719 s
191 1668 347 1719 Veticenne
360 1667 548 1720 bibliothecae
567 1667 679 1720 schedis
691 1668 826 1718 extractis
839 1667 956 1730 legitur;
976 1666 1026 1718 sed
1116 1689 1118 1693 Α

54 1740 88 1786 nt
110 1736 250 1801 Babingto
274 1736 475 1788 demonstravit
497 1733 646 1799 (Classical
665 1735 778 1800 journel
795 1735 849 1786 vol.
870 1735 884 1785 1
907 1750 933 1798 p.
952 1732 1025 1797 408),

54 1803 128 1855 nihil
152 1804 188 1854 nd
210 1804 379 1871 epitaphium
402 1804 538 1871 pertinet,
561 1804 611 1856 sed
634 1806 740 1870 pariter
763 1819 797 1854 sc
819 1818 867 1854 sex
890 1801 948 1852 alia
971 1801 1025 1867 fig.
1068 1842 1070 1846 ,
1164 1814 1167 1833 ²

54 1887 112 1924 una
130 1872 244 1924 inventa
262 1872 462 1924 adorationem
480 1871 617 1937 quendam
635 1872 702 1924 κατ’
720 1868 917 1935 Ἀντιπάτρου.
953 1867 1025 1920 Con-

55 1939 133 1992 cedit
153 1941 164 1990 i
184 1955 214 1992 se
237 1939 264 1990 S.
289 1937 405 2005 (Philol.
428 1939 524 2006 Suppl.
545 1939 561 1990 1
579 1957 605 2007 p.
627 1941 661 1992 δῦ
680 1937 747 2007 sq.)‚
773 1939 880 1990 addens
905 1937 1026 2002 Dexippi

53 2009 146 2075 ipsius
158 1956 315 2075 dagmenta
330 2024 401 2074 esse,
417 2009 466 2074 qni
478 2009 578 2060 fecerit
587 2009 756 2076 Hyperidem
768 2009 940 2070 suadentem,
953 2005 1026 2059 Pho·

56 2077 166 2128 cionem
184 2077 391 2129 dissuadentem
409 2076 521 2128 bellum.
