2340 3916
59 197 110 253 01.
124 198 165 249 12.
368 197 471 248 ΤΠΕΡ
487 196 718 248 ΕΤΦΙΛΗΤΟΤ.
956 201 1016 264 153

61 386 130 450 ταῖς
147 375 359 493 μαρτυρίαις,
387 397 414 491 ρ)
402 358 553 458 ἄνδρες
573 375 740 456 δικασταί,
768 371 899 458 πρῶτον
916 365 1014 492 μὲν
995 399 1016 457 η

59 497 118 541 τον
104 465 330 591 Εὐφιλήτου
354 466 476 560 μήτηρ,
502 463 546 557 ἣν
561 459 653 539 οῦτοι
678 464 932 557 ὁμολογοῦσιν’
912 466 1017 558 αστῆν

61 565 207 659 εἷναι,”
188 597 289 691 ορκον
310 565 430 692 ὀμόσαι
454 572 508 639 ἐπὶ
524 597 584 640 του
574 572 775 658 διαιτητοῦ
791 567 945 657 ἐβούλετο
963 573 1017 640 έπλ

59 677 232 764 Δελφινίῳ
257 659 280 758 5
304 666 372 759 μὴν
394 672 527 741 τουτονί
544 667 737 760 δύφίλητον
763 669 849 740 εἶναι
867 665 957 753 έξ’
916 673 1018 758 αντῆς

61 775 116 842 καλ
134 799 196 842 του
188 766 377 861 ἡμετέρου
393 769 523 862 πατρός.
561 777 667 841 καίτοι
683 777 760 841 τίνα
776 773 922 860 προσῆκε
938 773 1018 859 μᾶλ·

59 883 118 944 λον
143 868 249 961 αύτῆς
261 864 401 994 ἐκείνης
425 875 523 942 τοῦτο
541 876 681 958 είδέναιχ
700 878 830 960 ἔπειτα,
853 898 880 940 α
868 861 1019 959 ἄνδρες

60 968 270 1062 δικασταί,’
254 1001 273 1042 ο
298 971 405 1064 πατὴρ
430 967 448 1042 5
473 967 694 1095 ἡμέτερος,“
674 999 714 1042 ον
740 969 827 1053 είκύς
854 975 921 1041 ἐστι
938 968 1020 1060 μετὰ

58 1071 119 1162 τὴν
135 1100 256 1159 τουτον
266 1069 427 1163 μητέρα”
404 1094 523 1164 αριστι
539 1070 597 1144 τδν
607 1065 711 1142 αῦτον
701 1070 799 1145 νίδν
807 1071 1018 1162 γιγνώσκειν,

58 1164 156 1255 ούτος
182 1176 238 1243 καί
255 1173 328 1243 τότε
353 1176 410 1242 καλ
426 1176 505 1244 νυνὶ
523 1171 678 1261 βούλεται
695 1170 812 1263 ὀμόσαι
828 1164 851 1262 5
867 1170 934 1263 μὴν
951 1169 1019 1243 Εῦ-

59 1283 201 1364 φίλητυν
218 1275 350 1344 τουτονί
375 1271 451 1345 υίδν
479 1273 565 1345 εἶναι
590 1269 695 1344 αῦτοῦ
721 1278 752 1358 ἐξ
771 1271 871 1363 ἀστῆς
888 1277 944 1344 καὶ
961 1303 1019 1362 γα-

58 1379 156 1464 μετῆς
174 1374 339 1462 γυναικός.
384 1372 466 1464 πρός
482 1373 612 1456 τούτοις
628 1381 760 1464 τοίνυν,
788 1365 952 1464 ῶύνδρες
971 1383 1019 1444 δι·
1038 1383 1071 1437 10

59 1482 194 1564 κασταί,
232 1472 301 1563 ἐγῶ.
330 1472 510 1565 ἐτύγχανον
544 1476 606 1564 μὲν
639 1471 986 1597 τρισκαιδεκαέτης
959 1505 1018 1564 ων,

60 1573 171 1667 ῶσπερ
197 1577 253 1645 καλ
269 1574 430 1698 πρότερον
436 1571 604 1698 εδπρν,“
584 1604 639 1645 οτε
655 1565 751 1657 οὗτος
769 1579 914 1664 ἐγένετο,
938 1579 1019 1646 ἕτοι-

60 1706 119 1798 μρς
146 1672 178 1746 δ’
200 1703 216 1744 ε
219 1671 302 1764 μὶ
285 1672 403 1764 ομόσαι
427 1665 450 1763 5
466 1674 532 1798 μὴν
549 1672 742 1765 Εὐφίλητον
767 1679 900 1747 τουτονὶ
923 1672 1019 1745 ἀδελ·

60 1775 124 1865 φόν
153 1776 282 1847 εἷναιέ
281 1780 410 1865 μαντον
424 1771 633 1868 ὁμοπάτριον.
670 1773 769 1865 ῶστε,
788 1805 815 1845 ω
803 1767 953 1864 ἄνδρες
972 1781 1019 1844 δι-

61 1884 196 1966 κασταί,
235 1871 428 1958 δικαίως
407 1905 451 1947 αν
485 1879 540 1947 καὶ
573 1875 651 1957 τοῦς
688 1872 920 1965 ἡμετέρονς”
901 1905 1020 1966 ορκονς

20 2019 23 2024 -
61 1980 273 2069 πιστοτέρους
299 1985 460 2067 νομίζοιτε
477 1973 498 2064 5
515 1973 593 2058 τοῦς
619 1974 748 2046 τούτων
766 1975 899 2066 λόγους·
926 1971 1021 2066 ἡμεῖς

61 2080 121 2167 μὲν
137 2075 202 2167 γὰρ
219 2073 381 2200 ύκριχδῶς
382 2105 397 2147 ε
400 2074 507 2158 ίδότες
524 2074 643 2166 ὀμόσαι
655 2080 731 2166 περὶ
749 2074 854 2148 αύτοῦ
862 2081 1018 2167 θέλομεν,

10 2184 12 2207 ¹
61 2169 152 2249 οῦτοι
180 2179 216 2248 55
241 2180 345 2248 ταῦτα
361 2174 537 2267 ἀκηκοότες
563 2174 652 2269 παρὰ
676 2181 745 2249 τῶν
760 2177 880 2301 τρόπον
906 2177 1021 2269 διαφό·

61 2309 130 2400 ρων
154 2274 176 2368 5
202 2275 296 2348 αύτοὶ
322 2277 518 2360 πλάττοντες
543 2283 686 2368 λέγουσι
726 2277 807 2366 πρὸς
826 2280 864 2349 δὲ
880 2277 1020 2368 τούτοις,
1039 2296 1071 2348 11

9 2452 12 2477 Ι
62 2408 87 2448 ω
75 2369 227 2511 ἄνδρες
246 2375 449 2467 δικασταί,
430 2395 524 2468 ημεις
535 2380 596 2470 μὲν
613 2377 691 2460 τούς
701 2396 881 2501 συγγενεῖς
898 2378 1021 2501 μύρτυ-

9 2496 12 2521 ²
62 2509 120 2569 ρας
137 2509 194 2549 και
182 2482 330 2549 ἐπι
282 2508 349 2550 τῶν
362 2483 538 2568 διαιτητῶν
549 2481 604 2550 καί
618 2475 710 2569 έφΗ
691 2483 786 2568 υμῶν
797 2476 1020 2600 παρεχόμεθα,

61 2577 110 2661 οἷς
136 2578 199 2650 ούκ
223 2577 316 2664 ῦξιον
341 2577 507 2651 ἀπιστεῖν
534 2570 625 2650 οῦτοι
645 2581 698 2666 δέ,
732 2577 845 2666 ἐπειδὴ
872 2574 1021 2667 έλαχενό

62 2678 252 2771 Εύφίλητος
277 2677 339 2768 τὴν
366 2687 464 2769 δίκην
488 2679 549 2767 τὴν
575 2683 739 2771 προτέραν
765 2681 812 2772 τῶ
837 2682 939 2770 κοινῶ
955 2682 1023 2748 τῶν

63 2785 214 2872 δημοτῶν
240 2783 297 2850 καὶ
314 2785 362 2874 τῷ
378 2779 451 2851 τότε
469 2782 709 2871 δημαρχοῦντι,
736 2775 772 2860 ῦς
790 2782 855 2850 νῦν
871 2778 1022 2849 τετελεύ-

61 2910 156 2970 τηκε,
176 2880 238 2952 δύο
256 2889 312 2970 ἔτη
328 2885 390 2952 τοῦ
407 2887 577 2970 διαιτητοῦ
592 2879 654 2970 τὴν
673 2886 803 2951 δίαιταν
813 2887 944 2970 ἔχοντος
961 2875 1023 2950 οῦκ

62 2981 279 3071 ἐδυνήθησαν
304 2979 466 3071 ούδεμίαν
492 2991 677 3073 μαρτυρίαν
704 2977 816 3072 εύρεῑν
842 2977 887 3062 ῶς
909 2977 1022 3051 ούτοσὶ

61 3081 165 3153 ἄλλον
191 3081 280 3163 τινός
306 3080 429 3175 πατρός
455 3078 590 3153 έστιν”
569 3111 590 3170 η
616 3111 676 3153 τον
664 3078 862 3172 ἡμετέρου
897 3097 966 3162 τοῖς
985 3082 1023 3150 δε

63 3187 213 3254 διαιτῶσι
236 3185 375 3272 μέγιστα
391 3200 510 3272 σημεῖα
526 3173 570 3271 ἦν
587 3211 646 3252 τον
634 3182 856 3266 ’ψεύδεσθαι
872 3180 1021 3268 τούτους,

61 3288 117 3355 καὶ
144 3281 386 3374 κατεδιῄτησαν
412 3279 523 3354 αὐτῶν
548 3280 735 3414 ἀμφότεροι.
780 3290 850 3353 Καί
869 3311 924 3372 μοι
942 3281 1023 3368 λαβὲ

60 3388 120 3474 τῆς
137 3386 298 3477 προτέρας
317 3390 389 3454 διαί
387 3412 444 3472 της
462 3381 523 3473 τὴν
541 3391 734 3475 μαρτυρίαν.

446 3513 644 3567 MAPTTPIA.
