2340 3916
341 216 434 267 ΠΕΡΙ
451 215 527 269 νου
544 216 773 271 ωουιωειαα.
992 216 1036 279 41

66 356 311 447 ἠλευθέρωσαν
341 359 399 426 καὶ
429 356 490 445 τὴν
514 363 661 448 πατρίδα
690 365 829 427 ἔσωσαν.
873 364 973 447 ἔργον
999 357 1037 428 δὲ
1055 370 1104 422 108

68 462 226 529 τοιοῦτον
242 458 461 547 ἐργασάμενοι
474 457 538 528 οὐκ
551 458 700 547 ἠξίωσάν
709 486 775 528 τινι
786 463 856 528 τῶν
871 459 1037 549 πρότερον

69 561 265 650 γενομένων
287 564 539 648 μνησικακῆσαι.
575 563 743 652 τοιγάρτοι
770 563 824 631 διά
843 563 952 630 ταῦτα
975 561 1037 649 τὴν

70 663 170 733 πόλιν
189 661 379 731 ἀνάστατον
396 662 651 753 παραλαβόντες
677 663 750 752 ίερά
773 690 809 732 τε
825 689 1035 733 κατακεκαυ-
1084 692 1088 699 ·

69 764 157 854 μένα
173 772 265 852 τείχη
282 790 318 833 τε
335 767 393 833 καί
411 772 522 845 οἰκίας
539 772 859 853 καταπεπτωκυίας,
878 762 1037 854 ἀφορμήν

69 894 107 936 τε
124 865 288 954 οὐδεμίαν
307 872 458 954 ἔχοντες,
481 867 535 937 διά
560 868 598 936 τὸ
619 867 775 955 ἀλληλοις
799 866 956 956 ὁμονοεῖν
972 867 1037 955 τὴν

71 967 179 1056 ἀρχὴν
203 970 273 1037 τῶν
288 967 457 1055 Ἑλλήνων
481 970 744 1058 κατειργάσαντο
768 972 826 1039 καὶ
849 967 911 1056 τὴν
936 968 1037 1037 πόλιν

70 1068 157 1158 άμῖν
173 1069 334 1158 τοιαάτην
352 1073 409 1139 καί
427 1071 597 1159 τοσαύτην
615 1073 817 1161 παρέδοσαν.
853 1068 952 1158 άμεῖς
971 1061 1035 1139 οὖν
1054 1084 1102 1133 109

71 1174 129 1240 καί
148 1170 247 1240 αὐτοὶ
264 1169 427 1261 ὕστερον,
445 1177 559 1241 κακῶν
573 1172 638 1242 οάκ
652 1173 842 1243 ἐλαττόνων
859 1168 881 1261 ἣ
897 1175 1037 1253 ἐκείνοις
1066 1252 1070 1257 ι

71 1275 324 1361 γεγενημένων,
342 1272 468 1360 άγαθολ
489 1277 522 1356 ἐξ
540 1274 684 1361 άγαθῶν
702 1272 797 1355 ὅντες
815 1273 958 1343 άπίδοτε
974 1276 1037 1361 τὴν

70 1373 297 1464 ὑπάρχουσαν
315 1374 452 1464 άρετήν·
470 1376 631 1463 ἠξιώσατε
648 1379 716 1466 γὰρ
733 1376 815 1456 τοάς
832 1402 868 1445 τε
885 1375 1037 1463 φεάγον-

69 1504 131 1557 τας
149 1479 396 1558 καταδέξασθαι
413 1480 470 1547 καί
488 1479 569 1559 τούς
587 1477 729 1567 άτίμους
748 1481 922 1566 ἐπιτίμους
940 1481 1038 1564 ποιη-

72 1600 136 1648 σαι.
171 1587 209 1648 τί
234 1570 298 1648 οὖν
315 1579 401 1667 άμῖν
418 1579 610 1649 ὑπόλοιπόν
630 1584 698 1651 ἐστι
722 1583 779 1667 της
799 1582 938 1650 ἐκείνων
956 1577 1037 1667 άρε-

70 1685 151 1768 της;
168 1681 213 1769 μὴ
232 1684 491 1770 μνησικακῆσαι,
510 1681 642 1763 είδότας
661 1674 888 1770 ὧάνδρεςὸτι
904 1678 1037 1766 ἡπόλις

73 1786 110 1851 ἐκ
129 1782 217 1851 πολι)
235 1783 411 1863 ἐλάττονος
425 1783 580 1873 άφορμῆς
596 1788 633 1854 ἐν
651 1788 698 1874 τῷ
715 1790 907 1872 ἔμπροσθεν
922 1782 1036 1906 χρόνῳ

70 1884 200 1972 μεγάλη
219 1886 275 1953 καὶ
295 1884 468 1973 εὐδαίμων
488 1881 677 1972 ἐγίνετο·“
657 1913 678 1953 α
691 1889 759 1953 νῦν
773 1883 860 1972 αὕτη
879 1882 1037 1972 ὑπάρχει,
1140 1876 1143 1881 ’

70 1991 104 2054 ί
122 1987 295 2073 ἐθελοιμεν
319 1992 356 2056 οί
377 1996 510 2057 πολῖται
535 2002 727 2095 σωφρονεῖν
749 2014 785 2055 τε
802 1984 896 2055 καῖ’
878 2000 1037 2074 ομονοεῖν

70 2086 238 2174 ἀλλήλοις.

150 2188 397 2277 Κατηγόρησαν
419 2186 424 2273 Ι
448 2193 489 2258 δέ
511 2217 577 2279 μου
600 2193 658 2259 καί
676 2192 809 2279 περὶ
771 2217 830 2277 της
857 2194 1037 2277 ἱκετηρίας,
1047 2210 1096 2261 110

72 2288 119 2370 ιός
137 2299 322 2378 καταθείην
347 2289 413 2377 ἐγιδ
439 2293 477 2360 ἐν
494 2295 542 2383 τῷ
558 2291 770 2384 Ἐλευσινίω,
793 2291 899 2379 νόμος
924 2289 956 2359 δ’
985 2300 1036 2377 είη
1075 2308 1100 2348 1⁵

71 2391 228 2482 πάτριος,
247 2389 284 2472 ὃς
302 2389 346 2460 άν
363 2394 411 2481 θῇ
434 2398 605 2482 ίκετηρίαν
623 2399 840 2482 μυστηρίοις,
864 2390 1035 2461 τεθνάναι.

70 2495 129 2561 καί
153 2492 262 2573 οὕτως
287 2495 353 2564 είσὶ
376 2499 537 2586 τολμηροί
557 2492 643 2564 ὥσθ’
669 2491 690 2562 ἃ
715 2493 814 2563 αὐτοὶ
832 2493 1037 2561 κατεσκεύα-

71 2615 155 2683 σαν,
180 2595 244 2665 οὐκ
268 2595 369 2685 άρκεῖ
390 2595 508 2677 αὐτοῖς
531 2594 582 2666 ὅτι
605 2596 647 2666 οὐ
665 2598 828 2682 κατέσχον
852 2591 873 2662 ἃ
893 2592 1037 2681 ἐπεβού-

71 2705 217 2786 λευσαν,
247 2696 333 2766 άλλά
357 2699 414 2766 καὶ
446 2705 651 2788 κατηγορίαν
683 2701 765 2786 ἐμοῦ
785 2698 962 2766 ποιοῦνται
992 2692 1038 2775 ὥς

70 2796 280 2878 άδικοῦντος.
319 2799 431 2887 ἐπειδὴ
456 2800 522 2889 γάρ
548 2799 698 2889 ἤλθομεν
718 2797 952 2870 Ἐλευσινόθεν
978 2798 1036 2865 καὶ
1056 2817 1103 2867 111

69 2898 91 2988 η
111 2902 250 2982 ἔνδειξις
269 2901 463 2989 ἐγεγένητο,
488 2902 629 2991 προσῄει
645 2901 663 2970 ὁ
688 2900 847 2990 βασιλευς
866 2900 943 2989 περὶ
966 2900 1036 2968 τῶν

70 3005 305 3090 γεγενημένων
331 3001 499 3073 Ἐλευσῖνι
528 3003 613 3073 κατά
643 3003 705 3090 τὴν
735 3002 890 3091 τελετήν,
925 2998 1037 3091 ὥσπερ

139 3203 197 3254 108.
217 3195 268 3252 διά
285 3197 389 3266 ταντα]
410 3194 482 3267 μετά
500 3199 592 3253 ταῦτα
610 3201 724 3255 Bakius.
1047 3204 1050 3208 “

139 3272 195 3321 109.
216 3262 368 3321 ἐπίλοιπον
384 3268 468 3324 Dobr.
489 3268 554 3320 coll
573 3270 653 3331 087;
671 3268 720 3319 sod
738 3269 774 3319 ef
787 3269 1037 3332 3,24,1,52.-

70 3327 90 3387 ἃ
109 3336 173 3396 νυν]
192 3354 210 3402 η
229 3336 283 3390 νῦν
302 3337 329 3388 S.
348 3337 426 3402 Emp.
443 3337 539 3388 Malim
558 3340 650 3388 autem
668 3353 687 3388 α
707 3334 779 3401 (και)
797 3353 861 3388 νυν.

138 3407 196 3461 110
215 3396 245 3456 δ’
264 3404 311 3472 εἴη
329 3406 382 3456 Bk.
400 3406 498 3457 Dobr.:
518 3391 617 3486 δὲῆν.

139 3476 196 3526 111.
212 3423 356 3525 Ἐλευσῖνι
374 3472 422 3524 AB
441 3473 507 3524 Bk..
500 3464 577 3525 μέν
575 3471 720 3526 Ελενσΐνι.
740 3474 845 3531 -τοῑς
861 3460 1036 3536 πρυτάνεσιν

69 3544 135 3592 ante
152 3535 183 3592 ολ
199 3535 233 3593 δὲ
251 3556 333 3607 πρυτ.
353 3540 414 3591 εδδ.
432 3542 537 3595 Κό-
