2340 3916
310 207 440 264 ΚΑΤΑ
461 207 842 268 ΚΤΗΣΙΦΩΝΤΟΣ.
992 208 1053 271 125

46 377 81 432 19
98 369 157 444 δας
170 365 392 452 καὶΚήρυκας
402 367 458 434 καί
469 362 548 446 τούς
557 363 681 446 ἀλλους
688 364 843 447 ἅπαντας.
862 369 965 439 πάλιν
976 395 1054 449 τους
1069 381 1121 438 4117

96 464 315 550 τριηράρχους
330 461 547 542 ὑπευθύνους
564 463 648 533 εἶναι
665 466 796 535 κελεύει
812 463 946 552 ὑνόμος
957 466 998 534 οὐ
1010 465 1050 535 τά

96 560 192 630 κοινά
210 566 470 648 διαχειρίσαντας
488 560 564 629 οὐδ’
576 560 642 632 ἀπὸ
660 571 729 631 τοῖν
747 560 917 649 ὑμετέρων
927 565 1052 648 προσό-

96 666 165 728 δων
176 659 282 742 πολλοὶ
299 659 361 747 μὲν
377 657 663 748 ὑφαιρουμένους,
675 667 796 750 βραχέα
808 662 843 731 δὲ
855 670 1051 731 κατατιθέν-

96 789 163 848 τας,
177 761 363 830 ἐπιδιδόναι
375 763 411 831 δὲ
424 763 628 849 φάσκοντας,
641 761 861 844 ἀποδιδόντας
872 765 907 832 δὲ
919 761 999 850 ὑμῖν
1009 765 1050 833 τά
1067 786 1119 842 40ss

96 859 251 946 ὑμέτερα,
276 859 344 929 ἀλλ’
358 859 633 949 ὁμολογουμένως
643 865 701 941 τάς
712 863 866 954 πατρῴας
879 861 993 942 οὐσίας
1004 870 1049 942 είς

95 959 156 1044 τὴν
168 957 251 1042 πρὸς
262 956 348 1045 ὑμᾶς
359 958 572 1046 ἀνηλωκότας
582 969 781 1046 φιλοτιμίαν.
805 960 846 1029 οὐ
858 968 973 1029 τοίνυν
986 961 1050 1047 μό-

96 1082 149 1122 νοι
161 1062 195 1124 οί
204 1057 414 1143 τριήραρχοι,
438 1055 521 1126 ἀλλά
536 1062 591 1126 καί
601 1056 641 1126 τά
657 1066 793 1146 μέγιστα
805 1067 853 1126 w*
855 1088 875 1128 ν
886 1064 924 1128 έν
933 1069 974 1148 τῇ
985 1061 1044 1129 πό-

95 1165 144 1223 λει
161 1160 347 1239 συνεδρίων
365 1154 429 1223 ὑπδ
449 1155 513 1241 τὴν
529 1164 598 1225 τῶν
610 1163 830 1244 δικαστηρίων
844 1164 970 1245 ἔρχεται
981 1166 1048 1244 ψῆ-

43 1271 78 1321 20
98 1283 173 1342 φον.
197 1262 330 1338 πρῶτον
351 1251 486 1339 μὲνγὰρ
498 1254 938 1346 τὴνβουληντήνένᾌρείφ
951 1258 1046 1346 πάγῳ

96 1358 276 1443 ἐγγράφειν
294 1354 379 1443 πρὸς
394 1354 473 1433 τοὺς
491 1352 643 1440 λογιστάς
660 1353 677 1422 ὁ
693 1357 795 1442 νόμος
805 1358 934 1424 κελεύει
945 1358 1047 1441 λόγον

96 1459 150 1522 καὶ
163 1454 312 1533 εὐθύνας
324 1453 469 1538 διδόναι,
481 1451 608 1520 καὶτὸν
618 1454 902 1538 έκεῐσκυθρωπδν
912 1457 967 1523 καὶ
977 1462 1047 1522 τῶν

94 1562 258 1641 μεγίστων
276 1554 396 1637 κύριον
407 1552 479 1638 ἀγει
496 1551 561 1620 ὑπὺ
574 1551 637 1640 τὴν
648 1552 812 1640 ὑμετέραν
823 1562 947 1641 ψῆφον.
983 1555 1045 1623 ούκ
1064 1576 1116 1630 409

93 1656 157 1739 ἀρα
167 1655 463 1742 στεφανωθήσεται
477 1652 643 1742 ἠβουληὴ
656 1658 688 1735 ἐξ
696 1653 823 1741 Ἀρείου
832 1657 957 1740 πάγους
969 1653 1048 1723 οὐδὲ

94 1755 158 1840 γάρ
181 1756 322 1839 πάτριον
343 1755 455 1835 αὐτολς
480 1759 577 1823 ἐστιν.
613 1752 675 1821 οὐκ
697 1753 762 1837 ἀρα
780 1762 1048 1840 φιλοτιμοῦνταις
1064 1776 1110 1831 411

96 1855 185 1921 πάνυ
203 1881 256 1939 γε,
277 1852 346 1921 ἀλλ’
361 1851 423 1921 οὐκ
440 1852 629 1936 ἀγαπῶσιν,
653 1850 712 1918 έάν
725 1878 774 1929 τις
791 1849 864 1935 παρ’
879 1851 990 1931 αὐτοῖς
1001 1852 1045 1939 μὴ

96 1955 194 2042 ἀδικῇ
201 2006 209 2040 ,
230 1951 299 2023 ἀλλ’
313 1953 372 2021 ἐάν
394 1979 442 2031 τις
464 1952 685 2037 ἐξαμαρτάνῃ,
708 1950 922 2031 κολάζουσιν·
958 1955 991 2019 οί
1012 1951 1048 2020 δέ
1062 1961 1114 2015 411

95 2051 245 2139 ὑμέτεροι
267 2050 404 2137 ῥήτορες
426 2056 587 2134 τρυφῶσι.
617 2049 718 2115 πάλιν
739 2044 802 2131 τὴν
818 2045 947 2132 βουλὴν
968 2046 1047 2125 τούς

45 2169 76 2218 11
94 2160 330 2228 πεντακοσίους
341 2146 541 2216 ὑπεύθυνον
551 2144 759 2233 πεποίηκενὸ
776 2151 967 2233 νομοθέτης.
991 2149 1047 2214 καὶ

94 2247 200 2328 οὑτως
211 2255 352 2335 ἰσχυρούς
370 2245 500 2315 ἀπιστεῖ
514 2259 581 2326 τοῖς
592 2243 814 2330 ὑπευθύνοις,
829 2243 903 2314 ὥστ’
918 2244 1046 2326 εὐθέως

95 2347 276 2435 ἀρχόμενος
286 2356 354 2417 τῶν
365 2348 478 2433 νόμων
491 2349 595 2433 λέγει,
608 2344 736 2432 ,ἀρχὴν
747 2344 1047 2433 ὑπεύθυνονέίφη-
1063 2363 1115 2418 413

94 2453 127 2516 σὶ
141 2446 207 2535 ,μὴ
221 2445 437 2533 ἀποδημεῖν.“
458 2438 672 2530 ἀἨράκλεις,
684 2443 847 2531 ὑπολάβοι
858 2445 901 2513 ἀν
912 2472 975 2530 τις,
995 2444 1046 2513 ότι

94 2540 193 2633 ἦρξα,
216 2545 260 2634 μὴ
273 2546 493 2634 ἀποδημήσας
512 2548 569 2612 ἵνα
588 2544 684 2631 γεμὴ
702 2542 882 2630 προλαβοδν
897 2543 1046 2630 χρήματα

94 2653 151 2731 τῆς
163 2645 288 2723 πόλεως
300 2640 323 2731 ἢ
335 2645 468 2728 πράξεις
480 2648 616 2732 δρασμῷ
627 2643 741 2730 χρήση.
777 2641 877 2709 πάλιν
888 2639 1045 2710 ὑπεύθυ-
1061 2660 1114 2714 414

93 2770 154 2811 νον
166 2740 228 2810 οὐκ
240 2745 278 2832 έᾷ
288 2740 350 2830 τὴν
367 2740 484 2812 οὐσίαν
495 2749 680 2826 καθιεροῦν
698 2739 777 2809 οὐδὲ
788 2740 946 2827 ἀνάθημα
958 2739 1043 2809 ἀνα-

93 2855 204 2911 θεῖναι
221 2839 296 2911 οὐδ’
313 2847 490 2929 ἐκποίητον
517 2845 675 2928 γενέσθαι
700 2838 778 2908 οὐδὲ
804 2844 982 2908 διαθέσθαι
1004 2838 1044 2906 τά

93 2947 214 3010 ἑαυτοῦ
235 2938 311 3010 οὐδ’
324 2942 409 3010 ἀλλα
430 2943 551 3011 πολλά·
574 2944 621 3010 ένλ
642 2941 677 3008 δὲ
688 2939 776 3030 λόγῳ
793 2940 977 3025 ἐνεχυράζει
987 2938 1045 3018 τάς

94 3041 208 3122 οὐσίας
218 3039 236 3110 ὁ
248 3047 432 3128 νομοθέτης
442 3040 500 3120 τάς
511 3049 578 3110 τῶν
587 3038 804 3127 ὑπευθύνων,
817 3039 877 3118 ἕως
888 3033 931 3106 ἀν
941 3039 1044 3124 λόγου

44 3164 79 3217 22
95 3140 243 3208 ἀποδῶσι
261 3149 300 3229 τῇ
316 3143 419 3209 πόλει.
463 3143 533 3226 ναὶ,
558 3138 627 3208 ἀλλ’
640 3145 707 3207 ἔστι
722 3168 771 3221 τις
788 3138 986 3224 ἅνθρωπος,
1008 3136 1044 3216 δς

94 3235 163 3307 οὐτ’
172 3248 307 3325 είληφεν
320 3238 420 3307 οὐδὲν
430 3246 498 3307 των
511 3244 678 3326 δημοσίων
689 3236 754 3308 οὐτ’
763 3237 924 3325 ἀνήλωκε,
939 3257 1045 3321 προσ-

93 3346 178 3423 ῆλθε
198 3341 234 3404 δέ
254 3338 336 3421 πρός
352 3346 461 3406 τιτῶν
478 3344 610 3405 κοινῶν.
642 3338 696 3404 καλ
720 3344 839 3406 τοῦτον
861 3336 1044 3422 ἀποφέρειν

94 3437 220 3505 κελεύει
233 3437 335 3522 λόγον
348 3435 430 3523 πρὸς
441 3434 520 3516 τούς
531 3437 691 3521 λογιστάς.
715 3437 769 3505 καὶ
782 3443 850 3514 πως
862 3433 881 3502 ό
892 3461 930 3518 γε
940 3433 1043 3519 μηδὲν
