2340 3916
600 328 630 392 4.

178 446 506 544 [ΑΝΔΟΚΙΔΟΥ]
534 447 679 523 ΚΑΤΑ
706 445 1046 524 ΑΛΚΙΒΙΑΔΟΤ.
1088 480 1094 487 ·

506 598 710 652 mmmm.

210 728 388 815 Ἀνδοκίδης
396 732 586 816 Ἀλκιβιάδου
601 741 760 816 κατηγορεῖ
771 746 824 798 τοῦ
837 733 1015 797 Κλεινίου’
994 759 1035 809 ως
1047 733 1098 796 καὶ

172 820 206 882 τδι
222 830 290 921 τῆς
291 820 405 893 πόλεως
420 820 470 881 καὶ
485 819 520 880 τδι
541 828 603 882 τοῖν
618 820 783 927 συμμάχων
798 820 1032 926 διαφθείραντος
1048 818 1098 880 καί

170 906 245 967 κατά
263 901 315 966 τὸν
330 905 410 966 ἴδιον
424 905 493 984 βίον
513 903 667 966 πλεῖστα*
650 904 864 985 ημυρτηκότος·
886 915 939 967 τοῦ
954 902 988 966 δὲ
1003 903 1099 983 δήμου

171 988 390 1071 βουλευομένου
415 989 465 1050 καὶ
496 982 588 1063 αὐτὸν
609 989 815 1095 ἐξοστρηικίσαι
846 989 898 1052 τὸν
920 987 1099 1096 Ἀνδοκίδην

171 1085 290 1155 πρῶτον
315 1073 554 1184 παραγράφεται,
585 1072 679 1155 λέγων
703 1073 763 1155 ἤδη
789 1072 1030 1155 ἀπολελογῆσθαι
1045 1074 1098 1134 καί

172 1157 344 1263 άνεύθγνος
367 1152 453 1221 εἶναι.
490 1159 648 1242 εἰρήκαμεν
668 1158 725 1241 γάρ
745 1159 886 1233 πολλάκις
906 1158 950 1221 ὅτι
970 1160 1019 1220 δεῖ
1040 1157 1093 1219 τὸν

173 1249 234 1317 τοῖς
245 1240 347 1316 αὐτοῖς
363 1242 522 1388 ἐγκλήμασι
533 1246 680 1306 δοκουντα
696 1242 852 1324 ἐνέχεσθαι
862 1254 981 1326 πρωτον
992 1241 1100 1305 ἑαυτὸν

173 1321 417 1434 ἐλευθεροην,εί
389 1350 450 1389 ετα
465 1329 646 1410 διαβάλλειν.
676 1327 732 1408 τὴν
747 1327 780 1390 δὲ
795 1327 901 1390 στάσιν
915 1330 946 1390 οί
963 1327 1017 1409 μίν
1037 1351 1098 1406 φα-

172 1429 223 1474 σιν
242 1405 346 1518 ὁρικίχν
365 1406 456 1520 είηαι,
483 1415 514 1475 οί
538 1412 572 1476 δε
591 1411 806 1521 πραγματικήν.
847 1411 997 1494 ἠκριβωμὲ
998 1437 1035 1492 νη
1063 1409 1097 1474 δὲ

172 1494 191 1577 ἡ
214 1497 316 1572 στάσις
339 1497 414 1559 κατά
435 1496 547 1578 μὲν
516 1521 572 1578 την
591 1492 686 1604 άρχίχν
705 1498 870 1579 μετάληψίς
897 1498 959 1560 ἐστι
985 1500 1097 1578 (παρα-

172 1581 317 1686 γράφεται
330 1584 414 1692 γάρ),
431 1582 465 1644 ἐν
479 1581 512 1644 δὲ
528 1590 587 1657 τοῖς
602 1580 738 1663 υστὲροις
752 1583 955 1664 πραγματικη·
979 1581 1097 1644 δίκαιον

172 1666 228 1748 γάρ
243 1685 326 1747 φησι
332 1667 382 1728 καὶ
398 1666 552 1749 συμφέρον
566 1667 833 1749 ἐξοστρακισθῆναι
845 1665 1046 1748 Ἀλκιβιάδην.

212 1790 286 1862 Ούκ
298 1795 334 1861 ἐν
351 1796 398 1884 τῷ
418 1791 560 1881 παρόντι
572 1791 679 1880 μόνον
693 1792 870 1879 γιγνοίσκω
884 1795 955 1860 τῶν
970 1797 1098 1861 πολιτι-

132 1894 203 1960 κῶν
221 1894 428 1982 πραγμάτων
448 1893 494 1974 άς
512 1885 683 1983 σφαλερόν
703 1896 792 1964 ἐστιν
810 1892 992 1981 ἅπτεσθαι,
1010 1890 1098 1961 άλλδι

133 1996 189 2062 καὶ
214 1993 379 2082 πρότερον
401 1994 548 2081 χαλεπὸν
575 1995 748 2085 ἡγούμην,
773 1998 856 2084 πρὶν
879 1998 948 2064 τῶν
974 1997 1099 2063 κοινῶν

135 2096 367 2182 ἐπιμελεῖσθαί
381 2123 482 2177 τινος.
509 2105 651 2168 πολίτου
670 2097 708 2167 δὲ
722 2096 856 2184 άγαθοῦ
870 2102 993 2186 νομίζω
1012 2121 1098 2186 προ«

133 2197 346 2266 κινδυνεύειν
371 2199 500 2268 ἐθέλειν
524 2203 585 2268 τοῦ
605 2198 778 2286 πλήθους,
802 2200 859 2268 καὶ
877 2197 922 2287 μὴ
940 2203 1099 2268 καταδεί-

133 2316 241 2367 σανια
270 2298 331 2378 τὰς
362 2305 486 2390 ἔχθρας
516 2301 576 2382 ιδις
605 2307 693 2381 ἰδίας
717 2300 806 2390 ύιιδρ
829 2303 898 2369 τῶν
926 2305 1100 2389 δημοσίων

136 2405 222 2485 ἔχειν
248 2399 408 2490 ἡσυχίαν·
434 2403 488 2472 διὰ
512 2402 576 2491 μὲν
593 2402 659 2493 γάρ
677 2402 758 2483 τούς
776 2407 845 2472 τῶν
864 2407 964 2472 ίδίων
983 2404 1098 2490 ἐπιμε-

134 2504 323 2590 λουμένους
336 2502 440 2575 ούδδν
457 2509 497 2574 υί
512 2504 624 2585 πόλεις
642 2511 774 2592 μείζους
794 2511 1028 2591 καθίστανται,
1047 2501 1101 2574 διά

135 2602 173 2673 δὲ
191 2605 273 2685 τούς
289 2610 360 2674 τῶν
377 2609 501 2674 κοινῶν
518 2606 660 2694 μεγάλαι
683 2609 740 2675 καλ
760 2605 935 2696 ἐλεύθεραι
958 2610 1098 2692 γίγνον-

101 2723 196 2772 κιαι.
234 2697 283 2774 ὧν
308 2703 356 2786 εἷς
384 2708 450 2792 ἐγώ
483 2710 667 2794 βουληθεὶς
700 2706 904 2791 ἐξετάζεσθαι
933 2714 1102 2796 μεγίστοις

136 2809 370 2933 περιπέπτωκα
387 2808 578 2896 κινδύνοις,
597 2809 787 2932 προθύμων
804 2809 867 2898 μὲν
884 2810 941 2878 καὶ
960 2807 1102 2895 ἀγαθῶν

135 2905 311 2996 ιἰνδρῶν“
289 2913 389 2996 υμῶν
411 2909 610 2999 τυγχάνων,
635 2910 679 2981 δι’
708 2908 790 3002 ὅπερ
815 2909 977 3000 σάζομυι,
1004 2915 1102 2979 πλεί-

137 3027 226 3090 στοις
244 3010 281 3081 δὲ
299 3012 356 3079 καί
375 3010 576 3092 δεινοτάτοις
595 3014 730 3140 ἐχθροῖς
747 3012 937 3140 χρώμενος,
963 3008 1027 3099 ύφ’
1055 3001 1103 3080 ὧν

137 3112 367 3201 διαβάλλομαι.
394 3139 411 3181 ο
403 3103 553 3200 ’μὲν
513 3140 577 3182 ουν
595 3113 690 3201 άγών
708 3114 725 3184 ὁ
742 3141 862 3204 παρων
876 3113 918 3184 ού
934 3134 1104 3202 στεφανη-

204 3242 251 3299 Or.
257 3243 302 3296 IV.
312 3239 565 3311 [ΑΝΔΟΚΙΔΟΤ]
577 3245 670 3295 Turn:
682 3244 969 3299 ANAOKIAO‘Pe-
974 3230 1107 3302 Ῥπάθ]

138 3303 294 3394 ειρηκαμεν
307 3311 412 3362 cumR
427 3311 492 3361 Bk.
512 3310 608 3379 εἴρηκε
620 3307 673 3378 μὲν
673 3311 808 3396 (εἴρηται
821 3309 951 3393 Amet
964 3326 1033 3363 corr
1046 3311 1104 3375 Μ.)

204 3381 229 3434 2.
248 3369 288 3431 ύν
305 3394 365 3430 cum
377 3378 475 3430 Valck.
488 3380 559 3433 etR
579 3380 645 3431 Bk:
665 3397 705 3431 ων
717 3397 822 3447 τωνα
826 3379 921 3443 αθῶν,
941 3379 1015 3446 quod
1027 3393 1100 3432 serv

139 3445 265 3500 Schi-
285 3442 325 3498 δι’
345 3434 440 3514 ὧνπερ
458 3463 519 3499 cum
537 3448 639 3501 Markl.
659 3447 722 3501 mal.
741 3449 813 3501 Bait.
