2340 3916
161 206 200 267 12
508 206 762 263 ΑΙΣΧΙΝΟΤ

158 367 403 453 χειροτονητήν·
428 364 509 451 μηδὲ
519 365 764 450 κηρυκευσάτω,
776 366 857 449 μηδὲ
867 366 1116 452 πρεσβευσάτω,
1133 383 1162 436 ῖο

106 483 140 536 46
159 465 240 550 μηδὲ
260 463 337 543 τούς
359 463 626 550 πρεσβεύσαντας
646 465 801 546 κρινέτω,
824 461 906 546 μηδὲ
928 468 1116 546 μισθωθεὶς

161 571 424 646 συκοφαντείτω,
437 560 519 646 μηδὲ
530 559 667 645 γνώμην
679 562 799 626 εἰπάτω
811 563 973 643 μηδέποτε
984 562 1067 647 μήτε
1080 567 1115 630 ἐν

158 667 198 745 τῇ
209 667 316 746 βουλῇ
332 659 413 745 μήτε
431 661 468 726 έν
483 665 527 743 τῷ
547 658 639 744 δήμω
648 708 656 740 ,
680 655 757 743 μηδ’
771 653 814 724 όῖυ
826 658 1014 737 δεινότατος
1024 653 1047 748 ᾖ
1059 663 1116 728 λέ-

157 785 238 842 γειν.
261 755 321 825 ε’όιυ
340 760 380 824 δέ
393 785 441 835 τις
459 754 547 840 παρὰ
559 764 662 822 ταῦτα
674 755 816 842 πράττη,
839 755 970 840 γραφὰς
982 757 1115 844 ἑταιρή-

158 879 241 934 σεως
258 864 415 942 πεποίηκε
427 858 481 923 καί
492 853 532 920 τό
544 857 679 939 μέγιστα
690 857 829 938 ἐπιτίμια
842 856 1015 939 ἐπέθηκεν.
1038 861 1115 941 λέγε

158 951 268 1031 αὐτοῖς
281 955 335 1020 καὶ
352 961 473 1020 τούτου
484 951 544 1019 τόν
555 953 675 1038 νόμον,
698 949 745 1019 ἵν’
759 957 881 1037 εἰδῆτε,
905 957 986 1020 οἵων
997 953 1116 1039 νόμων

158 1050 238 1137 ἡμῖν
250 1057 427 1136 κειμένων,
454 1048 686 1128 ὦςκαλιόνκαί
703 1050 907 1136 σωφρόνων,
932 1054 1113 1138 τετόλμηκε

162 1156 322 1235 Τίμαρχος
335 1154 532 1234 δημηγορεῖν
545 1146 561 1215 ό
574 1156 721 1226 τοιοῦτος
732 1145 791 1214 τόν
801 1148 926 1228 τρόπον
936 1142 1009 1215 οἷον
1021 1146 1115 1236 ὑμεῖς

157 1251 344 1314 ἐπίστασθε.

553 1352 717 1412 ΝΟΜΟΣ.

103 1458 137 1511 47
240 1440 327 1545 [Ἐόν
347 1469 391 1518 τις
409 1437 605 1526 Ἀθηναῖος
592 1465 744 1553 εταιρηση,
753 1442 807 1546 μὴ
827 1447 929 1522 ἐξέστω
950 1439 1031 1526 αύτῷ
1050 1453 1113 1510 τῶν
1133 1459 1161 1508 ’ὶΙ

200 1529 284 1590 ἐννέα
289 1521 444 1632 ύρχόντων
455 1531 594 1631 γενέσθαι
611 1525 681 1632 μηδ’
697 1527 873 1611 ἱερόσασθαι
884 1531 958 1611 μηδὲ
968 1532 1111 1610 συνδικ-ἰη

199 1633 247 1675 σαι
261 1639 301 1698 τιμ
289 1611 414 1718 δημφ,
437 1608 538 1716 μηδέ’
521 1639 615 1709 αρχην
626 1609 736 1696 σἰρχέτω
754 1617 912 1716 μηδεμίαν,
935 1611 1007 1695 μήτε
1024 1615 1114 1695 ἔνδη-

198 1722 255 1778 μον
261 1694 343 1800 μήτε
360 1694 537 1806 ὑπερόριον,
555 1695 627 1778 μήτε
642 1694 794 1779 κληρωτὴν
809 1723 880 1779 μητε
896 1696 1113 1797 χειροτονητήν,

198 1775 298 1886 μ;ἠδ
286 1783 331 1843 επὶ
347 1786 507 1883 κηρυκείαν
519 1776 755 1881 αποστελλέσθω,
777 1783 851 1885 μηδὲ
862 1778 984 1864 γνώμην
995 1783 1112 1863 λεγέτω

198 1861 269 1945 μηδ’
282 1868 321 1939 εἰς
333 1891 368 1927 τα
356 1860 547 1946 δημοτελῆ
533 1858 596 1966 ιερόι
607 1869 711 1945 εἰσίτω,
722 1860 794 1969 μηδ’
808 1866 840 1928 έν
848 1891 911 1939 ταις
922 1872 1037 1966 κοιναῖς
1049 1886 1112 1927 στε-

199 1952 398 2031 φαιηφορίαις
416 1947 643 2030 στεφανούσθω,
666 1944 737 2050 μηδ’
759 1944 891 2024 ἐντός
855 1975 906 2032 της
924 1943 1037 2032 ύγορᾶς
1052 1955 1113 2011 τῶν

198 2036 449 2132 περιρραντηρίων
458 2033 638 2115 πορευεσθω.
663 2027 715 2095 ἐὰν
726 2033 759 2095 δέ
769 2059 811 2108 τις
821 2039 913 2095 ταῦτα
923 2041 1005 2119 ποιῇ,
1019 2057 1110 2095 κατυ-

197 2117 382 2197 γνωσθέντος
392 2109 484 2178 αύτού
496 2119 620 2199 ἑταιρεῖν
632 2113 757 2203 θανύτφ
769 2114 960 2197 ζημιούσθω]

243 2249 371 2308 Τοῦτον
382 2244 493 2327 μέντοι
504 2241 564 2309 τόν
582 2270 688 2328 νόμον
698 2248 798 2329 ἔθηκε
817 2244 890 2325 περί
909 2270 977 2310 των
995 2268 1111 2328 μειρα-
1129 2264 1162 2314 ῖῖ

100 2361 136 2416 48
155 2346 237 2405 κίων
248 2348 316 2406 τείν
334 2348 513 2425 προχείρως
529 2347 575 2418 εἰς
586 2340 626 2406 τόι
638 2342 767 2408 ἑαυτῶν
780 2340 914 2426 στόματα
926 2343 1110 2425 ἐξαμαρτα-

155 2436 299 2503 νόντων·
320 2437 379 2516 ούς
400 2439 436 2504 δὲ
460 2436 560 2526 όλίγφ
582 2437 745 2523 πρότερον
766 2437 845 2524 ύμῖν
867 2436 1011 2524 ἀνέγνω,
1034 2443 1110 2521 περὶ.

154 2543 222 2603 τῶν
233 2540 376 2603 παίδων·
390 2534 492 2613 οδςδὲ
502 2541 577 2602 νυνλ
587 2540 694 2622 μέλλω
704 2541 821 2622 λέγειν,
834 2539 986 2620 περὶτῶν
998 2534 1111 2603 ἄλλων

150 2633 345 2720 Ἀθηναίων.
370 2632 567 2719 ιίπαλλαγείς
584 2632 649 2719 γόιρ
666 2642 733 2701 τῶν
750 2635 864 2720 νόμων
875 2635 1005 2701 τούτων
1016 2639 1109 2703 ἐσκέ-

155 2746 256 2817 ψατο,
282 2739 356 2799 τίνα
373 2733 434 2817 χρὴ
454 2732 581 2814 τρόπον
605 2736 868 2818 συλλεγομένους
887 2729 974 2817 ἡμᾶς
990 2738 1035 2810 εἰς
1047 2733 1109 2817 τὴν

153 2829 638 2917 έκκλησίανβουλεύεσθαιπερλ
647 2839 713 2897 τῶν
721 2831 991 2900 σπουδαιοτάτων
1000 2855 1110 2915 πραγ-

153 2928 276 3013 μότων.
298 2931 353 2996 καλ
370 2927 480 2994 πόθεν
495 2927 640 3013 όλρχεται;
662 2931 774 3016 νόμοι,
798 2932 894 3017 φησί,
917 2932 992 3015 περὶ
1009 2930 1109 2998 εύκο-

154 3034 259 3111 σμίας.
289 3025 354 3093 ιίπὸ
378 3027 599 3112 σωφροσύνης
620 3039 754 3112 πρῶτον
774 3030 913 3117 ἤρξατο,
937 3029 998 3116 τός,
1020 3029 1110 3098 ὅπου

155 3131 288 3209 πλείστη
300 3121 459 3208 εὐκοσμία
471 3127 552 3210 ἐστὶ,
565 3126 691 3212 ταύτην
703 3127 819 3212 ἄριστα
832 3127 892 3213 τὴν
903 3130 1003 3196 πόλιν
1014 3135 1110 3214 οἰκη-

154 3225 309 3307 σομένην.
333 3224 387 3289 καὶ
400 3230 470 3302 πῶς
482 3224 517 3292 δὲ
528 3226 656 3292 κελεύει
667 3225 746 3305 τούς
757 3232 941 3311 προέδρους
951 3236 1111 3315 χρηματί-
1129 3252 1162 3306 23

152 3326 237 3401 ζειν;
259 3318 392 3388 έπειδόιν
408 3321 445 3389 τό
463 3323 653 3407 καθάρσιον
672 3335 870 3414 περιενεχθῇ
887 3331 941 3393 καί
963 3323 981 3393 ὁ
1004 3331 1111 3411 κῆρυξ

151 3416 210 3495 τὰς
231 3429 389 3502 πατρίους
407 3419 503 3506 εύχόις
521 3422 669 3508 εὔξηται,
692 3440 957 3508 προχειροτονεῖν
978 3426 1109 3492 κελεύει
