2340 3916
135 158 177 218 30
493 153 740 213 ΑΙΣΧΙΝΟΤ

137 323 294 402 ἔμπειρον
315 315 452 388 τούτων.
476 299 727 399 οἰγνοήσαςὸΗ
707 321 802 399 υμῶν
820 311 1081 402 τόνθόρυβον
1067 344 1083 383 ο
1102 340 1135 394 83

137 415 348 501 Αὐτόλυκος,
370 414 458 500 μάλα
475 413 722 509 σκυθρωπάσας
737 441 792 481 και
782 410 1007 483 διαλιπών
977 442 1081 484 ειπεν

139 527 252 600 ,,ηαεις
262 540 328 598 τοι
342 540 367 580 ω
356 506 562 598 Αθηναιοι,
576 539 605 580 οι
599 511 890 598 Αρεοπαγιται
856 540 933 581 οντε
944 541 1087 600 κατηγο
1135 518 1141 527 ’

140 620 265 728 ροῦμεη
286 564 453 697 Τίμάρχου
471 610 548 677 οὕτε
565 609 841 697 άπολογούμεθα,
868 637 909 679 ου
925 639 989 697 γαρ
1007 610 1088 732 ημῖν
1163 642 1166 648 ·

42 722 45 727 ⁴
139 708 280 791 πάτριόν
298 713 417 794 ἐστιν,
428 713 543 794 ἔχομεν
561 707 596 774 δε
612 709 770 794 τοιαύτην
789 708 862 777 τινά
885 711 1088 797 συγγνώμην

143 809 296 898 Τιμάρχῳ
307 836 312 848 ·
326 800 424 886 οὗτος
436 815 536 887 ίσως“
549 813 611 893 ἔφη
623 805 741 894 ,ᾠήθη
753 812 789 876 ἐν
801 815 840 895 τῇ
852 805 970 898 ἡσυχίᾳ
984 809 1088 896 ταύτῃ

72 921 122 976 106
139 905 258 991 μικρὸν
270 905 365 991 ὑμῶν
376 905 500 994 ἑκάστῳ
512 903 672 992 ἀνάλωμα
681 913 868 992 γίγνεσθαι·
879 914 900 948 “
922 911 975 973 καὶ
988 907 1089 974 πάλιν

141 1009 191 1072 ἐπὶ
202 1014 241 1093 τῇ
258 1003 376 1095 ἡσυχία
388 1009 499 1095 καὶτῷ
509 1015 617 1095 μικρῷ
629 1005 818 1092 άναλάματι
828 1014 945 1092 μείζων
957 1005 1087 1092 άπήντει

141 1106 220 1187 παρ’
239 1105 333 1191 ὑμῶν
351 1104 430 1192 μετά
450 1111 590 1192 γέλωτος
607 1107 763 1193 θόρυβος.
787 1104 831 1185 69
849 1105 885 1173 6’¹
894 1107 1088 1192 ἐπεμνήσθη
1103 1131 1137 1185 84

10 1277 14 1283 ,
50 1270 54 1276 .
73 1219 123 1275 107
139 1212 205 1270 τῶν
220 1208 402 1271 οίκοπεδων
413 1207 467 1273 και
477 1231 544 1272 των
562 1205 712 1288 λάκκων,
737 1201 810 1270 066²
829 1200 1008 1288 α’ναλαβείν
1024 1202 1088 1270 αύ-

142 1301 219 1380 τούς
242 1302 416 1370 ἐδύνασθε.
440 1309 525 1370 ἔνθα
543 1305 582 1388 δη
596 1305 686 1370 καὶ
662 1301 1089 1388 παρέρχεταιΠύρρανδρος

73 1400 77 1408 ’
142 1400 341 1507 ἐπιτιμήσων
354 1397 450 1486 ὑμίν,
473 1398 680 1519 καίηρετό
646 1427 706 1467 τον
717 1404 838 1486 δῆμον,
858 1407 888 1468 εί
858 1397 960 1468 εούκ
972 1401 1098 1485 αίσχύ-

142 1524 252 1566 νοιντο
271 1506 430 1584 γελωντες
441 1499 611 1585 παρούσης
627 1507 685 1620 της
701 1504 824 1584 βουλῆς
841 1505 898 1585 τῆς
914 1501 947 1577 ἐξ
962 1496 1089 1580 Ἀρείου

143 1597 261 1681 πάγου
273 1593 364 1684 ὑμεῖς
376 1595 404 1665 6'
416 1602 447 1678 ἐξ
432 1596 696 1684 ξεβάλετεαύτὸν
708 1594 946 1684 ὑπολαβόντες
960 1608 1123 1718 ,,ίσμεν,

143 1689 430 1782 ωΠύρρανδρε,’
410 1723 461 1763 οτι
471 1724 512 1763 ου
503 1694 575 1764 &a
582 1704 683 1782 γελαν
694 1722 823 1763 τουτων
835 1699 1001 1764 εναυτιον
1014 1695 1088 1763 ἀλλ’

144 1794 249 1870 οὕτως
260 1794 425 1879 ίσχυρόν’
409 1789 527 1879 εστινὴ
541 1791 700 1891 άληθεια,
713 1816 795 1861 ωστε
809 1794 943 1860 πάντων
954 1797 1091 1877 ἐπικρα-

143 1907 193 1959 τεί
201 1918 267 1958 των
279 1890 504 1977 ἀνθρωπίνων
515 1883 692 1978 λογισμων
696 1899 717 1934 “
728 1891 852 1978 ταύτην
863 1895 926 1977 ε’γω
916 1889 1089 2011 ύπολαμ-
1105 1911 1139 1964 85

144 1991 236 2078 βάνω
257 1988 319 2074 τὴν
339 1997 525 2075 μαρτυρίαν
544 1998 828 2110 μεμαρτυρῆσθαι
840 1987 919 2076 ὑμῖν
941 1987 1005 2058 ὑπὸ
1029 1997 1090 2055 τοῦ

145 2088 252 2208 ὁημον
272 2096 340 2154 των
358 2084 599 2207 Ἀθηναίων,
588 2086 629 2153 ὀυ
649 2085 774 2155 άλωναι
795 2092 1091 2173 ψευδομαρτυριῶν

145 2213 186 2253 ου
177 2184 305 2262 ’καλῶς
315 2189 388 2269 ἔχει.
402 2182 562 2252 ούκοῦυ”
540 2212 666 2253 ατοπον
676 2182 720 2253 άν
731 2197 796 2272 είη,
821 2212 847 2252 ω
835 2179 1045 2272 Ἀθηναῖοι,
1064 2191 1093 2252 εἰ

145 2283 248 2369 μηδὲν
261 2281 323 2367 μὲν
341 2286 422 2366 ἐμοῦ
438 2286 590 2368 λέγοντος
607 2281 701 2352 αὐτοὶ
717 2291 815 2370 βοάτε
827 2285 888 2370 την
899 2287 1091 2369 ἐπωνυμίαν

30 2386 34 2394 ’
146 2389 215 2448 τῶν
232 2387 339 2466 ἔργων
357 2372 406 2447 οἷν
424 2382 557 2449 σύνιστε
574 2381 696 2471 τούτῳ,
714 2385 797 2467 ἐμοῦ
810 2383 844 2450 δὲ
853 2384 1010 2467 λέγοντος
1021 2385 1092 2450 ἐπι-
1137 2395 1141 2402 ’

79 2500 130 2554 108
146 2484 297 2564 λε’λησθε,
308 2480 362 2547 καί
373 2476 417 2564 μη
425 2477 603 2565 γενομένης
611 2479 672 2564 μὲν
681 2486 818 2565 κρίσεως
829 2481 902 2561 περὶ
910 2486 973 2545 τοῦ
985 2480 1093 2563 πράγ-

146 2603 246 2663 ματος
256 2574 325 2661 ἥλω
338 2571 390 2661 άν,
402 2578 578 2662 γεγονότος
589 2578 625 2645 66
635 2579 768 2663 ἐλέγχου
780 2575 1008 2663 ἀποφεύξεται.
1042 2646 1046 2655 ,

228 2672 311 2741 Ἐπεὶ
329 2677 364 2741 δὲ
378 2676 550 2761 ἐμνήσθην
559 2684 628 2742 των
640 2680 866 2762 διαψηφίσεων
877 2679 931 2744 καί
943 2685 1010 2744 τῶν
1021 2685 1095 2762 Δη-
1110 2699 1144 2765 8η

147 2778 291 2860 μοφίλου
304 2773 567 2858 πολιτευμάτων,
593 2774 755 2859 βούλομαι
773 2777 827 2843 καί
844 2775 924 2842 άλλο
942 2803 972 2840 τι
983 2777 1090 2861 παρά-

66 2878 69 2883 ’
149 2877 264 2956 δειγμα
281 2870 501 2953 περὶτούτων
517 2875 630 2936 εἰπεῖν.
655 2867 672 2936 ὁ
692 2869 755 2958 γάρ
773 2868 873 2950 αὐτὸς
889 2864 987 2950 οὗτος
1004 2869 1091 2956 ἀνὴρ
1154 2950 1156 2954 y

148 2998 201 3038 και
223 2968 388 3053 πρότερόν
415 2995 445 3034 τι
470 2976 622 3036 τοιοῦτον
645 2975 823 3056 πολίτευμα
849 2971 1092 3038 ἐπολιτεύσατο

148 3067 304 3157 ᾐτιάσατό
320 3079 413 3144 τινας·
427 3064 575 3151 εἶναι,
547 3070 639 3151 οίπερ
657 3065 720 3152 άρα
732 3071 917 3152 ἐνεχείρουν
928 3069 1092 3135 συνδεκά-

83 3189 133 3244 1ρρ
150 3163 264 3248 ζειν
226 3192 288 3252 την
303 3167 480 3249 ἐκκλησίαν
495 3165 550 3231 καί
566 3155 666 3230 τᾶλλα
685 3164 943 3279 άικαστήρια,”
916 3185 1026 3247 ωσπερ
1039 3164 1107 3232 καί
1154 3240 1158 3245 ,

81 3290 132 3342 110
147 3292 222 3332 νυνι
213 3261 473 3369 Νικόστρατος·
487 3265 541 3329 καὶ
552 3264 626 3346 περι
636 3261 764 3328 τούτων
775 3269 896 3346 κρίσεις
908 3264 986 3330 αί
952 3290 1014 3347 μεν
1025 3266 1095 3346 ἐγέ-

150 3390 245 3432 νοντο
264 3363 381 3442 πάλαι,
403 3387 435 3427 αι
428 3354 488 3429 δε
506 3370 569 3427 νῦν
587 3364 823 3429 ἐνεστᾶσινίτι.
846 3363 926 3446 φέρε
949 3358 988 3446 δη
1012 3358 1095 3444 πρὸς
1109 3381 1144 3438 ετ
