2340 3916
149 217 192 281 30
560 211 689 262 ΙΣΑΙΟΤ
1010 212 1062 263 On.
1081 216 1107 264 2.

147 412 217 453 των
245 377 327 471 ὑμῖν
354 380 430 462 τούς
453 409 488 450 τε
511 380 678 471 φράτορας
707 383 762 450 καὶ
784 379 861 462 τούς
885 381 1028 471 δημότας
1051 385 1109 453 καὶ

147 480 226 563 τούς
248 479 414 570 όργεωνας
441 481 653 572 παρεσχόμην
681 479 863 572 μάρτυρας·
894 485 949 552 καὶ
980 487 1109 554 ἐκεῖνον

150 585 299 665 ἐπέδειξα
315 591 391 672 τρία
408 584 463 651 καὶ
482 593 606 652 εἴκοσιν
629 586 819 668 ἐπιβιοῦντα
843 589 906 670 έτη.
943 582 1012 652 εἶτα
1029 582 1109 664 τούς

148 681 269 772 νόμους
299 687 448 766 ἐπέδειξα
472 677 554 771 υμίν
585 679 662 761 τούς
695 679 796 751 ἅπασι
825 699 893 763 τοῖς
916 679 1108 807 ἀνθρώποις

150 787 302 866 ἐξουσίαν
320 781 473 863 διδόντας
490 788 574 862 υίείς
588 794 765 852 ποιεῖσθαι.
795 785 851 852 καὶ
870 790 918 852 ἔτι
935 781 1015 873 πρός
1033 785 1108 853 τού-

148 912 215 964 τοις
232 887 337 967 ζῶντα
353 911 389 952 τε
406 892 564 972 φαίνομαι
581 881 782 974 θεραπεύων
804 879 907 953 αὐτόν
923 885 978 952 καὶ
996 893 1108 953 τελευ-

98 997 131 1050 46
147 982 292 1071 νήσαντα
327 981 447 1064 θάψας.
494 973 590 1064 οὗτος
619 984 657 1053 δὲ
682 985 759 1052 νυνὶ
789 980 932 1073 όὶκληρον
966 985 1028 1073 μὲν
1052 986 1109 1073 έμε

149 1100 257 1154 ποιειν
279 1111 338 1153 τον
362 1082 485 1174 κλήρου
507 1113 566 1153 του
592 1081 762 1176 πατρῴου,
787 1094 852 1153 εἴτε
874 1092 1010 1173 μείζων
1018 1088 1109 1156 ἐστὶν

149 1173 245 1264 οὗτος
263 1193 329 1253 εἴτε
347 1183 506 1272 ἐλάττων,
524 1181 649 1254 όιπαιδα
668 1181 754 1254 δε
720 1212 779 1254 του
795 1184 1034 1273 τελευτήσαντα
1052 1189 1108 1255 καὶ

26 1325 36 1334 -
149 1280 326 1372 όνοόννμον
342 1282 497 1372 βούλεται
514 1289 728 1374 καταστῆσαι,
748 1314 804 1355 ινα
820 1284 901 1374 μήτε
918 1314 958 1355 τα
947 1281 1105 1374 ίερα
1065 1315 1107 1354 τα

149 1388 284 1477 πατρῷα
306 1380 392 1474 ὑπὲρ
416 1389 547 1456 ἐκείνου
567 1388 681 1475 μηδεὶς
703 1389 780 1476 τιμᾷ
801 1383 864 1474 μήτ
869 1381 1029 1474 ’έναγίζη
1048 1382 1107 1454 αό

149 1489 196 1577 τῷ
218 1481 297 1555 καθ’
322 1489 458 1556 ἕκαστον
482 1485 649 1607 έμιαυτόν,
673 1482 755 1554 ἀλλὰ
776 1481 963 1575 ἀφαιρεῖται
986 1484 1043 1566 τὰς
1060 1491 1101 1556 τι·

150 1583 211 1674 μός
234 1614 291 1667 τας
315 1582 497 1656 ἐκείνου
484 1615 504 1656 α
498 1581 758 1674 προνοηθελς“
743 1614 761 1654 ο
778 1590 969 1675 Μενεκλῆς,
993 1584 1108 1675 κύριος

151 1680 198 1755 τόν
220 1715 287 1756 των
311 1689 447 1775 ἑαυτοῦ,
472 1685 647 1807 ἐποιήρατο
660 1683 777 1756 υίδν
760 1713 883 1778 εαυτμ,
905 1693 962 1757 ινα
978 1686 1108 1758 τούτων

102 1809 130 1858 ¹7
148 1781 304 1858 ἁπάντων
326 1786 481 1877 τυγχάνη.
521 1783 582 1873 Μή
604 1775 686 1874 οὖν,
710 1814 736 1854 ω
725 1775 890 1876 ανδρες,
914 1791 1109 1868 πεισθέντες

149 1882 214 1957 υπδ
230 1887 358 1957 τούτων
375 1885 546 1976 ἀφέλησθέ
560 1915 624 1975 μου
640 1883 677 1956 τό
694 1884 797 1976 ὄνομα
808 1891 865 1974 τῆς
876 1895 1107 1977 κληρονομίας,

149 2017 167 2056 ο
162 1984 233 2056 ἔτι
250 1986 352 2076 μόνον
369 1986 485 2057 λοιπόν
504 1985 647 2076 ἐστιν,”
626 2014 752 2076 ακυρον
770 1984 860 2056 δέ
823 2015 885 2075 την
902 1995 1035 2074 ποίησιν
1047 1984 1108 2056 αό-

149 2090 210 2156 τοῦ
232 2086 468 2175 καταστήσητε·
499 2083 571 2156 ἀλλ’
598 2086 710 2175 ἐπειδή
733 2085 770 2157 τό
792 2091 926 2178 πρᾶγμα
951 2095 997 2168 είς
1020 2082 1108 2177 ὑμᾶς

150 2183 284 2276 ἀφῖκται
308 2190 363 2258 καὶ
385 2183 479 2275 ὑμεῖς
506 2185 613 2276 κόριοι
636 2186 810 2275 γεγόνατε,
839 2185 1027 2277 βοηθήσατε
1050 2191 1108 2258 καλ

149 2284 230 2377 ήμῑν
247 2289 303 2358 καὶ
321 2292 437 2380 ἐκείνῳ
454 2292 502 2380 τῷ
513 2284 673 2357 ἐν”Αιδου
690 2285 777 2375 ὄντι,
796 2291 850 2357 καὶ
868 2287 912 2377 μή
925 2294 1107 2378 περιίδητε,

151 2386 231 2477 πρός
247 2390 340 2459 θεοῖν
356 2390 413 2456 καλ
431 2387 598 2476 δαιμόνων
609 2388 743 2478 ’[δέομαι
760 2383 886 2477 όμῶν],
905 2397 1109 2479 προπηλακι·

150 2491 274 2559 σθέντα
292 2483 394 2558 αὐτόν
412 2482 475 2558 ὑπό
493 2486 636 2578 τούτων,
655 2485 737 2558 ἀλλὰ
753 2491 952 2578 μεμνημένοι
974 2491 1036 2557 τοῦ
1051 2487 1108 2558 νό-

149 2617 214 2678 μον
230 2590 286 2658 καὶ
303 2591 364 2658 τοῦ
379 2582 480 2678 ὅρκον
496 2586 536 2658 δν
553 2584 743 2678 ὀμωμόκατε
766 2591 821 2658 καὶ
838 2593 906 2659 τῶν
923 2590 1109 2679 εἰρημένων

148 2684 234 2778 ὑπὲρ
250 2692 312 2758 τοῦ
328 2687 530 2778 πράγματος,
553 2686 594 2758 τό
616 2695 728 2759 δίκαια
749 2691 805 2758 καὶ
822 2687 863 2759 τὰ
880 2683 1001 2777 εὔορκα
1023 2687 1109 2758 κατὰ

148 2785 227 2869 τούς
244 2785 365 2877 νόμους
382 2797 585 2878 ψηφίσασθε.
