2340 3916
317 220 450 279 ΚΑΤΑ
478 218 747 277 TIMAPXOY.
966 216 1007 277 45

57 410 129 471 μοι,
153 387 199 461 εἰς
215 385 341 466 γέλωτα
358 378 413 447 καὶ
431 375 536 463 λῆρόν
546 402 621 444 τινα
632 376 899 464 προτρεπόμενος
909 374 1006 465 ὑμᾶς,

57 483 281 561 ἐπιδείξεσθαί
294 502 361 564 μου
379 477 482 562 φησὶν
493 472 557 541 ὅσα
568 480 732 561 πεποίηκα
745 472 886 560 ἐρωτικά
901 485 948 554 εἰς
958 504 1007 544 τι·
1026 485 1075 538 ιεῖ

58 606 118 658 νας
129 577 305 663 ποιήματα,
317 579 374 643 καλ
385 576 562 656 λοιδοριῶν
572 574 627 640 καὶ
638 580 776 660 πληγῶν
787 598 890 642 τινων
898 577 933 642 ἐκ
946 581 1008 641 τοῦ

58 676 264 762 πράγματος,
286 680 323 741 αἳ
337 674 412 755 περὶ
428 672 483 756 ἐμὲ
500 675 707 757 γεγένηνται,
725 677 906 756 μαρτυρίοις
926 677 1007 761 φησί

10 795 40 851 36
61 776 269 860 παρέξεσθαι.
304 767 367 854 ἐγῶ
388 769 423 836 δὲ
440 766 518 835 οῦτε
535 773 641 851 ἔρωτα
659 772 789 835 δίκαιον
800 771 908 854 ψέγω,
930 768 1007 837 οῦτε

61 870 138 949 τοῦς
149 869 261 937 κάλλει
273 864 493 952 διαφέροντάς
503 891 588 951 φημι
598 872 859 951 πεπορνεῦσθαι,
869 864 935 935 οὔτ’
945 866 1008 935 αῦ-

59 965 116 1048 τδς
127 970 325 1052 ἐξαρνοῦμαι
336 961 381 1051 μὴ
399 961 442 1031 οῦ
459 967 632 1049 γεγονέναι
647 960 803 1047 ἐρωτικός
819 969 874 1032 καλ
890 970 937 1033 έτι
954 970 1007 1034 καί

59 1072 125 1132 νῦν
141 1063 238 1149 εἶναι,
262 1062 321 1141 τάς
337 1087 372 1128 τε
388 1065 425 1128 ἐκ
440 1068 502 1128 τοῦ
513 1060 704 1145 πράγματος
719 1064 916 1148 γιγνομένας
926 1063 1008 1149 πρὸς

61 1165 192 1245 ἑτέρους
209 1165 411 1247 φιλονεικίας
427 1160 482 1227 καὶ
500 1158 605 1245 μάχας
622 1155 685 1226 οῦκ
698 1156 864 1247 ἀρνοῦμαι
877 1158 921 1248 μὴ
935 1159 1007 1249 οῦχὶ

61 1261 305 1346 συμβεβηκέναι
320 1284 385 1344 μοι.
416 1258 492 1342 περὶ
505 1255 542 1324 δέ
556 1262 626 1323 τῶν
642 1258 836 1343 ποιημάτων
846 1251 895 1326 ῶν
906 1282 1009 1344 φασιν

61 1351 156 1426 οὗτοί
170 1383 210 1444 με
228 1359 460 1442 πεποιηκέναι,
483 1353 598 1441 τὰμὲν
615 1351 783 1442 ὁμολογῶ,
807 1357 848 1424 τά
867 1358 1009 1445 δέἐξαρ-

61 1465 182 1543 νοῦμαι
192 1454 237 1544 μὴ
247 1463 367 1524 τοῦτον
378 1459 463 1541 ἔχειν
473 1452 534 1523 τόν
544 1455 686 1539 τρόπον,
698 1448 738 1522 ὃν
748 1448 843 1524 οῦτοι
854 1461 1010 1544 διαφθεί-

10 1565 42 1620 37
62 1578 175 1637 ροντες
186 1558 390 1639 παρέξονται.
421 1548 570 1638 ὁρίζομαι
583 1549 712 1620 δἐἶναι
728 1551 765 1621 τό
778 1555 839 1640 μὲν
849 1557 931 1639 ἐρᾶν
942 1566 1009 1625 τῶν

62 1657 174 1719 καλῶν
198 1652 253 1718 καὶ
270 1648 459 1736 σωφρόνων
477 1648 722 1736 φιλανθρώπου
744 1652 854 1730 πάθος
875 1655 931 1722 καλ
952 1655 1010 1723 εῦ-

62 1748 235 1834 γνῶμονος
252 1757 375 1836 ψυχῆς,
405 1749 442 1816 τό
466 1749 502 1816 δὲ
524 1746 732 1832 ἀσελγαίνειν
753 1745 916 1837 ἀργυρίου
936 1753 1009 1821 τινά

62 1847 293 1933 μισθούμενον
310 1845 471 1939 ὑβριστοῦ
488 1849 542 1913 καί
554 1844 757 1914 ἀπαιδεύτου
777 1846 900 1934 ἀνδρός
910 1857 1011 1938 ἐργον
1031 1848 1077 1901 ¹47

63 1943 147 2013 εἶναι
162 1943 321 2032 ἡγοῦμαι·
347 1947 402 2013 καὶ
412 1943 449 2013 τό
462 1945 524 2031 μέν
535 1942 752 2029 ἀδιαφθόρως
769 1949 912 2029 ἐρᾶσθαί
927 1977 1010 2036 φημι

63 2042 168 2114 καλὸν
185 2044 284 2131 εἶναι,
307 2042 345 2113 τό
366 2043 398 2112 δ’
417 2046 606 2128 ἐπαρθέντα
629 2054 741 2137 μισθῷ
761 2058 1009 2132 πεπορνεῦσθαι

64 2145 211 2231 αἰσχρόν.
246 2143 328 2214 ὅσον
345 2141 378 2211 δ’
392 2144 550 2229 ἑκάτερον
566 2144 695 2212 τούτων
712 2142 766 2213 ἀπ’
779 2144 932 2235 ἀλλήλων
944 2155 1011 2218 διέ-

63 2267 162 2330 στηκε
174 2247 228 2312 καὶ
241 2241 286 2323 ῶς
297 2235 557 2329 πολῦδιαφέρει,
579 2247 616 2311 ἐν
631 2258 699 2324 τοῖς
716 2249 832 2333 ἐφεξῆς
844 2244 929 2333 ὑμᾶς
939 2274 1012 2316 πει-

10 2354 45 2408 38
67 2343 210 2429 ράσομαι
221 2342 332 2427 λόγοις
344 2342 521 2409 διδάσκειν.
555 2345 590 2408 ολ
597 2341 660 2426 γάρ
677 2346 814 2426 πατέρες
825 2342 935 2430 ἡμῶν,
957 2345 1009 2415 ὅθ’

63 2440 147 2525 ὑπὲρ
168 2449 236 2509 τῶν
257 2440 525 2526 ἐπιτηδευμάτων
545 2440 599 2506 καὶ
616 2447 684 2507 τῶν
700 2445 735 2508 ἐκ
754 2443 887 2527 φάσεως
908 2443 1012 2530 ἀναγ-

64 2547 168 2609 καίων
186 2547 301 2607 κακῶν
313 2542 367 2606 καὶ
383 2536 526 2624 ἀγαθῶν
542 2541 781 2625 ἐνομοθέτουν,
802 2535 824 2606 ά
840 2554 908 2619 τοῖς
918 2544 1015 2608 ἐλευ·

64 2642 178 2724 θέροις
198 2636 342 2726 ἡγοῦντο
366 2635 450 2704 εἶναι
472 2638 634 2720 πρακτέα,
667 2643 770 2703 ταῦτα
791 2651 859 2715 τοῖς
881 2639 1013 2716 δούλοις

64 2735 207 2803 ἀπεῖπον
216 2734 260 2822 μὴ
273 2749 388 2802 ποιεῖν.
420 2784 442 2819 ,,
451 2738 598 2801 δοῦλον“
609 2729 740 2818 φησὶνό
753 2732 854 2819 νόμος
870 2735 937 2821 ,,μή
951 2760 1013 2818 γυ-

65 2837 248 2922 μνάζεσθαι
269 2834 351 2920 μηδὲ
372 2837 585 2918 ξηραλοιφεῖν
610 2836 647 2898 ἐν
667 2845 737 2911 ταῖς
759 2842 1012 2917 παλαίστραις.“

65 2937 120 3004 καὶ
143 2931 253 3001 οῦκέτι
274 2935 499 3017 προσέγραψε·
531 2928 664 3018 ,,τόνδ’
687 2931 869 3019 ἐλεύθερον
880 2930 1013 3018 ἀλείφε-

66 3043 147 3101 σθαι
164 3034 220 3101 καὶ
235 3032 470 3119 γυμνάζεσθαι.
479 3037 501 3073 “
532 3028 631 3098 ὁπότε
647 3030 711 3116 γάρ
730 3034 764 3098 ολ
778 3035 959 3116 νομοθέται
974 3030 1010 3099 τὸ

66 3129 170 3201 καλὸν
187 3128 223 3198 τό
239 3133 275 3198 ἐκ
291 3137 359 3198 τῶν
376 3136 570 3215 γυμνασίων
586 3130 775 3207 κατιδόντες
792 3125 934 3196 ἀπεῖπον
945 3142 1013 3206 τοῖς

68 3229 200 3307 δούλοις
210 3228 255 3315 μὴ
266 3231 426 3314 μετέχειν,
438 3226 545 3314 τούτῳ
558 3224 650 3312 αὐτῷ
660 3223 817 3313 ἡγοῦντο,
830 3217 859 3314 ῶ
869 3229 1013 3303 ἐκείνους

65 3327 230 3412 ἐκώλυον,
249 3324 327 3405 τοῦς
339 3329 539 3408 ἐλευθέρους
557 3327 753 3408 προτρέπειν
769 3327 822 3393 ἐπὶ
832 3322 872 3391 τά
883 3323 1016 3411 γυμνά-

10 3436 48 3491 39
69 3446 132 3491 σια.
162 3421 289 3491 πάλινὸ
303 3422 403 3503 αὐτός
426 3416 524 3502 οὗτος
547 3423 615 3490 εἷπε
637 3426 833 3510 νομοθέτης·
863 3429 1016 3509 ,,δοῦλον
