2340 3916
335 217 458 273 ΚΑΤΑ
484 217 751 276 TIMAPXOY.
977 215 1017 280 57

66 376 318 462 σεμνυνόμενον
333 379 368 442 έν
385 381 424 461 τῇ
437 383 504 441 των
517 382 697 460 μειρακίων
711 381 860 466 διατριβῇ
885 378 942 447 καὶ
966 383 1017 444 δι-

67 474 210 557 εξιόντα,
234 473 277 554 αἱς
295 470 334 543 εὖ
350 475 386 543 τὸ
409 484 544 562 πρᾶγμα
568 475 720 562 ὑφείλετο
742 487 810 544 των
835 484 1016 546 δικαστῶν·

66 572 272 658 ,ἀπαγαγών
292 572 356 658 γὰρ
375 572 498 652 αὐτοὺς
515 573 580 641 ιἰπὸ
598 583 667 642 τοῖν
685 578 759 662 περὶ
778 584 944 663 Τίμαρχον
965 584 1018 645 αί-

66 679 123 738 τιό
128 699 146 738 ν
157 675 317 757 ἐπέστησα
328 675 442 756 φέρων
453 673 505 739 ἐπὶ
517 673 577 741 τὸν
585 672 772 758 κατήγορον
784 676 839 741 καὶ
851 680 1018 741 Φίλιππον

66 773 120 838 καὶ
139 773 290 854 Φωκέας,
313 772 368 837 καὶ
387 770 515 856 φόβους
527 771 694 857 ἐπήρτησα
705 787 773 849 τοῖς
783 769 1016 858 ἀκροωμένοις,
1037 782 1085 839 171

67 866 153 936 ὅσθ’
168 865 185 934 ὁ
201 869 262 954 μὲν
277 868 415 953 φεύγων
434 869 624 953 κατηγόρει,
647 866 713 937 όδὲ
725 878 918 955 κατηγορῶν
928 875 1018 954 ἐκρί-

68 993 159 1049 νετο,
182 971 217 1034 οί
226 969 261 1032 δὲ
279 969 443 1050 δικασταὶ,
467 957 516 1032 οἷν
532 969 593 1051 μέν
609 960 696 1052 ἦσαν
712 971 877 1053 δικασταὶ,
901 968 1018 1035 έπελό-

66 1078 187 1149 θοντο,
212 1057 259 1133 οἷν
270 1065 300 1132 δ’
315 1064 378 1133 οὐκ
389 1057 475 1151 ἦσαν
485 1068 609 1151 κριταί,
634 1065 1017 1153 περὶτούτωνήκουον.“

12 1179 48 1238 76
68 1162 228 1249 ὑμέτερον
246 1162 277 1230 δ’
298 1170 396 1249 ἔργον
413 1165 481 1230 ἐστὶ
496 1163 579 1250 πρὸς
597 1175 699 1233 ταῦτα
717 1165 946 1251 ἀντιτετάχθαι
963 1167 1018 1232 καὶ

66 1271 214 1349 πανταχῇ
225 1269 565 1348 παρακολουθοῦντας
573 1268 705 1352 μηδαμῇ
714 1270 944 1348 παρεκκλίνειν
955 1261 1017 1329 αὐ-

65 1358 125 1426 τὸν
142 1363 201 1427 ἐᾶν
218 1362 300 1446 μηδὲ
316 1375 384 1438 τοῖς
401 1366 461 1440 ἔξω
478 1368 540 1426 τοῦ
558 1361 688 1446 ἀγῶνος
700 1363 811 1447 λόγοις
823 1366 1017 1446 διισχυρίζε-

66 1468 162 1524 σθαι·
187 1456 260 1526 ἀλλ’
287 1457 397 1544 ὥσπερ
420 1463 457 1525 ἐν
477 1473 547 1538 ταῖς
567 1464 799 1544 ἱπποδρομίαις
815 1466 861 1536 είς
878 1457 939 1525 τόν
956 1464 1018 1524 τοῦ

67 1554 258 1641 πράγματος
286 1553 391 1623 αὐτόν
419 1555 546 1641 δρόμον
574 1557 789 1625 εἰσελαύνετε.
820 1552 886 1622 κόν
913 1565 1016 1621 ταῦτα

66 1661 195 1738 ποιῆτε,
215 1651 257 1720 οὐ
268 1653 629 1739 καταφρονηθήσεσθε,
646 1651 730 1721 ἀλλὰ
741 1654 803 1738 τήν
814 1651 1016 1738 αὐτήνὲξετε

65 1751 204 1836 γνώμην
215 1759 478 1837 νομοθετοῦντες
490 1754 544 1819 καὶ
555 1752 755 1831 δικάζοντες·
779 1759 810 1819 εί
826 1756 861 1818 δὲ
877 1751 939 1837 μή,
958 1752 1016 1818 δό-

66 1854 135 1929 ξετε
146 1850 335 1935 μελλόντων
345 1850 589 1936 μὲνγίγνεσθαι
598 1857 665 1917 τῶν
674 1846 888 1934 όδικημιίτων
898 1874 1016 1932 προαι-

66 1948 256 2016 σθάνεσθαι
266 1951 320 2017 καὶ
329 1947 528 2034 ὀργίζεσθαι,
540 1948 730 2033 γεγονότων
742 1947 777 2014 δὲ
789 1944 898 2014 οόκέτι
909 1972 1016 2032 φρον-

66 2051 173 2127 τίζειν.

12 2159 48 2214 77
148 2144 203 2224 Ὡς
221 2143 251 2212 δ’
271 2148 307 2212 έν
323 2153 492 2234 κεφαλαίῳ
512 2153 682 2232 εἰρῆσθαι,
705 2145 765 2213 ἐὰν
784 2143 844 2229 μὲν
861 2141 1015 2226 κολάζητε

67 2240 146 2320 τούς
158 2241 373 2328 ἀδικοῦντας,
396 2243 616 2330 ἒσονταιὺμίν
626 2250 660 2312 οί
670 2245 769 2329 νόμοι
780 2246 874 2311 καλοὶ
887 2245 941 2309 καὶ
954 2241 1016 2308 κό-

67 2368 149 2425 ριοι,
172 2341 229 2408 ἐὰν
248 2339 278 2408 δ’
292 2340 428 2427 όφιήτε,
451 2346 545 2410 καλοὶ
562 2343 640 2428 μέν,
660 2343 770 2425 κύριοι
782 2339 813 2409 δ’
830 2339 949 2408 οὐκέτι.
970 2331 1085 2406 0321172

68 2438 99 2506 δ’
117 2441 215 2506 ἕνεκα
233 2446 337 2505 ταῦτα
354 2444 455 2524 λέγω,
479 2438 541 2506 οὐκ
554 2437 687 2524 ὀκνήσω
698 2439 781 2523 πρὸς
792 2437 877 2523 ὑμᾶς
888 2463 1016 2524 παρρη-

68 2537 259 2603 σιάσασθαι.
283 2541 373 2602 ἔσται
385 2534 416 2602 δ’
431 2535 448 2603 ὁ
462 2537 560 2619 λόγος
571 2539 622 2603 ἐπὶ
634 2542 903 2621 παραδείγματος.
918 2533 971 2600 διόι
985 2540 1018 2600 τί

65 2646 196 2720 οίεσθε,
217 2628 243 2702 οδ
261 2633 446 2721 Ἀθηναῖοι,
459 2634 537 2713 τούς
549 2637 674 2721 νόμους
684 2636 744 2721 μέν
755 2642 863 2713 καλῶς
873 2643 1014 2715 κεῖσθαι,

64 2730 104 2799 τὰ
124 2732 158 2799 δὲ
178 2740 371 2818 ψηφίσματα
389 2734 474 2802 εἶναι
490 2743 548 2821 τῆς
565 2735 692 2813 πόλεως
708 2736 945 2819 καταδεέστερα
961 2734 1017 2800 καὶ

64 2829 123 2908 τὰς
141 2839 263 2916 κρίσεις
281 2835 384 2899 ἐνίοτε
401 2830 459 2910 τὰς
475 2835 512 2899 ἐν
528 2847 595 2911 τοῖς
612 2837 831 2917 δικαστηρίοις
850 2833 1016 2916 ἕχεινέπι-

11 2945 48 3000 78
67 2931 212 3017 πλήξεις;
240 2929 303 3016 ε’γώ
326 2932 384 3010 τὰς
405 2931 534 2999 τοότων
557 2939 660 3010 αίτίας
684 2935 839 3012 ἐπιδείξω.
864 2931 915 2999 ότι
939 2926 1017 3008 τοὺς

62 3029 124 3115 μὲν
136 3031 261 3116 νόμους
276 3038 414 3098 τίθεσθε
432 3033 483 3097 ἐπὶ
495 3038 575 3096 πᾶσι
586 3046 654 3109 τοῖς
667 3035 820 3114 δικαίοις,
844 3028 922 3096 οὔτε
938 3031 1014 3113 κε’ρ-

63 3135 144 3208 δους
165 3130 254 3198 ἕνεκ’
278 3129 397 3199 ἀδίκου
420 3131 497 3198 οὔτε
519 3132 651 3216 χάριτος
674 3131 745 3199 οὔτ’
771 3138 909 3217 ἔχθρας,
931 3127 1013 3196 όλλίι

62 3227 147 3312 πρὸς
161 3228 243 3297 αότό
256 3230 363 3316 μόνον
376 3229 413 3298 τό
426 3235 555 3298 δίκαιον
571 3233 625 3298 καὶ
636 3229 672 3298 τὸ
687 3234 859 3317 συμφέρον
871 3227 1016 3315 ἀποβλέ-

62 3353 195 3408 ποντες·
209 3332 363 3410 ἐπιδέξιοι
375 3328 407 3397 δ’
421 3329 510 3416 οἶμαι
523 3330 646 3416 φόυτες
657 3332 777 3416 ἑτέρων
788 3339 915 3415 μᾶλλον
928 3329 1015 3396 είκό-

62 3452 127 3503 τως
138 3434 335 3506 καλλίστους
346 3430 471 3514 νόμους
488 3437 635 3497 τίθεσθε.
658 3432 694 3495 έν
705 3429 741 3495 δὲ
751 3443 821 3506 ταῖς
832 3431 1020 3513 ἐκκλησίαις
