<?xml version="1.0" encoding="UTF-8"?>
<!DOCTYPE html PUBLIC "-//W3C//DTD XHTML 1.0 Transitional//EN"
    "http://www.w3.org/TR/xhtml1/DTD/xhtml1-transitional.dtd">
<html xmlns="http://www.w3.org/1999/xhtml" xml:lang="en" lang="en">
 <head>
  <title>
</title>
<meta http-equiv="Content-Type" content="text/html;charset=utf-8" />
  <meta name='ocr-system' content='tesseract 3.04.00' />
  <meta name='ocr-capabilities' content='ocr_page ocr_carea ocr_par ocr_line ocrx_word'/>
</head>
<body>
  <div class='ocr_page' id='page_1' title='image "./orationescumali00isaegoog/orationescumali00isaegoog_0560.png"; bbox 0 0 2340 3916; ppageno 0'>
   <div class='ocr_carea' id='block_1_1' title="bbox 265 185 1034 251">
    <p class='ocr_par' dir='ltr' id='par_1_1' title="bbox 265 185 1034 251">
     <span class='ocr_line' id='line_1_1' title="bbox 265 185 1034 251; baseline 0.01 -10"><span class='ocrx_word' id='word_1_1' title='bbox 265 186 382 242; x_wconf 86' lang='grc' dir='ltr'><em>ΠΕΡΙ</em></span> <span class='ocrx_word' id='word_1_2' title='bbox 403 185 835 245; x_wconf 79' lang='grc' dir='ltr'><em>ΠΑΡΑΠΡΕΣΒΕΙΑΣ.</em></span> <span class='ocrx_word' id='word_1_3' title='bbox 993 185 1034 251; x_wconf 79' lang='grc'><strong><em>87</em></strong></span> 
     </span>
    </p>
   </div>
   <div class='ocr_carea' id='block_1_2' title="bbox 79 342 1035 629">
    <p class='ocr_par' dir='ltr' id='par_1_2' title="bbox 79 342 1035 629">
     <span class='ocr_line' id='line_1_2' title="bbox 79 342 1035 433; baseline 0.004 -21"><span class='ocrx_word' id='word_1_4' title='bbox 79 352 137 429; x_wconf 83' lang='grc' dir='ltr'><strong><em>τῆς</em></strong></span> <span class='ocrx_word' id='word_1_5' title='bbox 148 342 280 429; x_wconf 78' lang='grc' dir='ltr'><strong><em>εἰρήνης</em></strong></span> <span class='ocrx_word' id='word_1_6' title='bbox 290 343 539 429; x_wconf 81' lang='grc' dir='ltr'><strong><em>βουλεύσησθε,</em></strong></span> <span class='ocrx_word' id='word_1_7' title='bbox 551 344 594 430; x_wconf 90' lang='grc' dir='ltr'><strong><em>μή</em></strong></span> <span class='ocrx_word' id='word_1_8' title='bbox 607 344 823 430; x_wconf 77' lang='grc' dir='ltr'><strong><em>ἐπιβήσεσθαι</em></strong></span> <span class='ocrx_word' id='word_1_9' title='bbox 835 348 908 433; x_wconf 90' lang='grc' dir='ltr'><strong><em>μεθ’</em></strong></span> <span class='ocrx_word' id='word_1_10' title='bbox 921 347 1035 416; x_wconf 82' lang='grc' dir='ltr'><strong><em>ὅπλων</em></strong></span> 
     </span>
     <span class='ocr_line' id='line_1_3' title="bbox 81 434 1034 534; baseline 0.004 -24"><span class='ocrx_word' id='word_1_11' title='bbox 81 442 304 528; x_wconf 86' lang='grc' dir='ltr'><strong><em>Χερρονήσου.</em></strong></span> <span class='ocrx_word' id='word_1_12' title='bbox 343 445 380 510; x_wconf 94' lang='grc' dir='ltr'><strong><em>ἐν</em></strong></span> <span class='ocrx_word' id='word_1_13' title='bbox 399 445 508 530; x_wconf 87' lang='grc' dir='ltr'><strong><em>ἐκείνη</em></strong></span> <span class='ocrx_word' id='word_1_14' title='bbox 529 443 590 528; x_wconf 68' lang='grc' dir='ltr'><strong><em>μὲν</em></strong></span> <span class='ocrx_word' id='word_1_15' title='bbox 608 434 671 510; x_wconf 88' lang='grc' dir='ltr'><strong><em>ούν</em></strong></span> <span class='ocrx_word' id='word_1_16' title='bbox 691 451 733 530; x_wconf 82' lang='grc' dir='ltr'><strong><em>τῇ</em></strong></span> <span class='ocrx_word' id='word_1_17' title='bbox 753 442 876 533; x_wconf 82' lang='grc' dir='ltr'><strong><em>ήμέρηι,</em></strong></span> <span class='ocrx_word' id='word_1_18' title='bbox 899 438 922 534; x_wconf 79' lang='grc' dir='ltr'><em>ᾗ</em></span> <span class='ocrx_word' id='word_1_19' title='bbox 942 447 1034 533; x_wconf 79' lang='grc' dir='ltr'><strong><em>ὑμεῖς</em></strong></span> 
     </span>
     <span class='ocr_line' id='line_1_4' title="bbox 81 538 1035 629; baseline 0.002 -20"><span class='ocrx_word' id='word_1_20' title='bbox 81 544 289 627; x_wconf 79' lang='grc' dir='ltr'><strong><em>ἐψηφίσασθε</em></strong></span> <span class='ocrx_word' id='word_1_21' title='bbox 300 538 361 626; x_wconf 87' lang='grc' dir='ltr'><strong><em>τήν</em></strong></span> <span class='ocrx_word' id='word_1_22' title='bbox 372 539 525 626; x_wconf 81' lang='grc' dir='ltr'><strong><em>εἰρήνην,</em></strong></span> <span class='ocrx_word' id='word_1_23' title='bbox 548 538 686 626; x_wconf 78' lang='grc' dir='ltr'><strong><em>οὐδεμία</em></strong></span> <span class='ocrx_word' id='word_1_24' title='bbox 702 549 797 625; x_wconf 84' lang='grc' dir='ltr'><strong><em>μνεία</em></strong></span> <span class='ocrx_word' id='word_1_25' title='bbox 815 545 943 628; x_wconf 80' lang='grc' dir='ltr'><strong><em>ἐγένετο</em></strong></span> <span class='ocrx_word' id='word_1_26' title='bbox 960 547 1035 629; x_wconf 80' lang='grc' dir='ltr'><strong><em>περὶ</em></strong></span> 
     </span>
    </p>
   </div>
   <div class='ocr_carea' id='block_1_3' title="bbox 32 635 1108 3501">
    <p class='ocr_par' dir='ltr' id='par_1_3' title="bbox 81 635 1036 929">
     <span class='ocr_line' id='line_1_5' title="bbox 81 635 1035 728; baseline 0.002 -21"><span class='ocrx_word' id='word_1_27' title='bbox 81 641 352 725; x_wconf 89' lang='grc' dir='ltr'><strong><em>Κερσοβλέπτου·</em></strong></span> <span class='ocrx_word' id='word_1_28' title='bbox 385 638 448 725; x_wconf 84' lang='grc' dir='ltr'><strong><em>ήδη</em></strong></span> <span class='ocrx_word' id='word_1_29' title='bbox 471 639 507 707; x_wconf 81' lang='grc' dir='ltr'><strong><em>δὲ</em></strong></span> <span class='ocrx_word' id='word_1_30' title='bbox 528 635 623 725; x_wconf 80' lang='grc' dir='ltr'><strong><em>ἡμῶν</em></strong></span> <span class='ocrx_word' id='word_1_31' title='bbox 642 644 960 728; x_wconf 85' lang='grc' dir='ltr'><strong><em>κεχειροτονημένων</em></strong></span> <span class='ocrx_word' id='word_1_32' title='bbox 983 645 1035 710; x_wconf 80' lang='grc' dir='ltr'><strong><em>ἐπὶ</em></strong></span> 
     </span>
     <span class='ocr_line' id='line_1_6' title="bbox 81 737 1035 828; baseline 0.005 -22"><span class='ocrx_word' id='word_1_33' title='bbox 81 737 160 817; x_wconf 83' lang='grc' dir='ltr'><strong><em>τούς</em></strong></span> <span class='ocrx_word' id='word_1_34' title='bbox 184 737 323 824; x_wconf 82' lang='grc' dir='ltr'><strong><em>ὅρκους,</em></strong></span> <span class='ocrx_word' id='word_1_35' title='bbox 347 737 440 807; x_wconf 87' lang='grc' dir='ltr'><strong><em>ούπω</em></strong></span> <span class='ocrx_word' id='word_1_36' title='bbox 459 740 495 808; x_wconf 78' lang='grc' dir='ltr'><strong><em>δέ</em></strong></span> <span class='ocrx_word' id='word_1_37' title='bbox 514 738 714 824; x_wconf 74' lang='grc' dir='ltr'><strong><em>ἀπηρκότων</em></strong></span> <span class='ocrx_word' id='word_1_38' title='bbox 732 743 784 809; x_wconf 83' lang='grc' dir='ltr'><strong><em>ἐπὶ</em></strong></span> <span class='ocrx_word' id='word_1_39' title='bbox 807 741 869 828; x_wconf 84' lang='grc' dir='ltr'><strong><em>τήν</em></strong></span> <span class='ocrx_word' id='word_1_40' title='bbox 891 741 1035 827; x_wconf 80' lang='grc' dir='ltr'><strong><em>ὑστέραν</em></strong></span> 
     </span>
     <span class='ocr_line' id='line_1_7' title="bbox 82 832 1036 929; baseline 0.006 -25"><span class='ocrx_word' id='word_1_41' title='bbox 82 844 271 923; x_wconf 82' lang='grc' dir='ltr'><strong><em>πρεσβείαν,</em></strong></span> <span class='ocrx_word' id='word_1_42' title='bbox 283 843 437 925; x_wconf 80' lang='grc' dir='ltr'><strong><em>ἐκκλησία</em></strong></span> <span class='ocrx_word' id='word_1_43' title='bbox 448 848 603 925; x_wconf 89' lang='grc' dir='ltr'><strong><em>γίγνεται,</em></strong></span> <span class='ocrx_word' id='word_1_44' title='bbox 614 843 651 907; x_wconf 94' lang='grc' dir='ltr'><strong><em>ἐν</em></strong></span> <span class='ocrx_word' id='word_1_45' title='bbox 662 832 685 929; x_wconf 75' lang='grc' dir='ltr'><strong><em>η’</em></strong></span> <span class='ocrx_word' id='word_1_46' title='bbox 695 847 917 927; x_wconf 84' lang='grc' dir='ltr'><strong><em>Δημοσθένης</em></strong></span> <span class='ocrx_word' id='word_1_47' title='bbox 928 839 946 908; x_wconf 87' lang='grc' dir='ltr'><strong>ὁ</strong></span> <span class='ocrx_word' id='word_1_48' title='bbox 959 844 1036 910; x_wconf 86' lang='grc' dir='ltr'><strong><em>νυνί</em></strong></span> 
     </span>
    </p>

    <p class='ocr_par' dir='ltr' id='par_1_4' title="bbox 32 938 1106 1813">
     <span class='ocr_line' id='line_1_8' title="bbox 32 938 1035 1028; baseline -0.002 -20"><span class='ocrx_word' id='word_1_49' title='bbox 32 953 68 1008; x_wconf 82' lang='grc'><strong><em>83</em></strong></span> <span class='ocrx_word' id='word_1_50' title='bbox 83 944 277 1022; x_wconf 81' lang='grc' dir='ltr'><strong><em>κατηγορῶν</em></strong></span> <span class='ocrx_word' id='word_1_51' title='bbox 294 942 378 1025; x_wconf 82' lang='grc' dir='ltr'><strong><em>ἐμοῦ</em></strong></span> <span class='ocrx_word' id='word_1_52' title='bbox 398 938 552 1025; x_wconf 75' lang='grc' dir='ltr'><strong><em>λαγχάνει</em></strong></span> <span class='ocrx_word' id='word_1_53' title='bbox 571 940 794 1024; x_wconf 87' lang='grc' dir='ltr'><strong><em>προεδρεύειν.</em></strong></span> <span class='ocrx_word' id='word_1_54' title='bbox 829 943 865 1008; x_wconf 87' lang='grc' dir='ltr'><strong><em>ἐν</em></strong></span> <span class='ocrx_word' id='word_1_55' title='bbox 884 940 1035 1028; x_wconf 73' lang='grc' dir='ltr'><strong><em>δὲταύτη</em></strong></span> 
     </span>
     <span class='ocr_line' id='line_1_9' title="bbox 82 1034 1036 1125; baseline 0.005 -24"><span class='ocrx_word' id='word_1_56' title='bbox 82 1042 122 1122; x_wconf 75' lang='grc' dir='ltr'><strong><em>τῇ</em></strong></span> <span class='ocrx_word' id='word_1_57' title='bbox 139 1038 295 1125; x_wconf 80' lang='grc' dir='ltr'><strong><em>ἐκκλησίᾳ</em></strong></span> <span class='ocrx_word' id='word_1_58' title='bbox 311 1037 537 1123; x_wconf 87' lang='grc' dir='ltr'><strong><em>Κριτόβουλος</em></strong></span> <span class='ocrx_word' id='word_1_59' title='bbox 553 1034 571 1103; x_wconf 84' lang='grc' dir='ltr'>ὁ</span> <span class='ocrx_word' id='word_1_60' title='bbox 589 1037 814 1124; x_wconf 83' lang='grc' dir='ltr'><strong><em>Λαμψακηνὸς</em></strong></span> <span class='ocrx_word' id='word_1_61' title='bbox 831 1037 900 1107; x_wconf 86' lang='grc' dir='ltr'><strong><em>εἰπε</em></strong></span> <span class='ocrx_word' id='word_1_62' title='bbox 912 1048 1036 1122; x_wconf 84' lang='grc' dir='ltr'><strong><em>παρελ·</em></strong></span> 
     </span>
     <span class='ocr_line' id='line_1_10' title="bbox 81 1130 1036 1225; baseline 0.003 -24"><span class='ocrx_word' id='word_1_63' title='bbox 81 1131 173 1219; x_wconf 82' lang='grc' dir='ltr'><strong><em>θάν,</em></strong></span> <span class='ocrx_word' id='word_1_64' title='bbox 195 1130 246 1201; x_wconf 84' lang='grc' dir='ltr'><strong><em>ὅτι</em></strong></span> <span class='ocrx_word' id='word_1_65' title='bbox 264 1137 400 1220; x_wconf 86' lang='grc' dir='ltr'><strong><em>πέμψειε</em></strong></span> <span class='ocrx_word' id='word_1_66' title='bbox 417 1136 478 1222; x_wconf 75' lang='grc' dir='ltr'><strong><em>μὲν</em></strong></span> <span class='ocrx_word' id='word_1_67' title='bbox 494 1133 597 1204; x_wconf 80' lang='grc' dir='ltr'><strong><em>αὑτὸν</em></strong></span> <span class='ocrx_word' id='word_1_68' title='bbox 611 1141 875 1225; x_wconf 80' lang='grc' dir='ltr'><strong><em>Κερσοβλέπτης,</em></strong></span> <span class='ocrx_word' id='word_1_69' title='bbox 886 1135 992 1223; x_wconf 84' lang='grc' dir='ltr'><strong><em>ἀξιοίη</em></strong></span> <span class='ocrx_word' id='word_1_70' title='bbox 1001 1139 1036 1205; x_wconf 76' lang='grc' dir='ltr'><strong><em>δὲ</em></strong></span> 
     </span>
     <span class='ocr_line' id='line_1_11' title="bbox 84 1231 1037 1322; baseline 0.003 -22"><span class='ocrx_word' id='word_1_71' title='bbox 84 1231 271 1301; x_wconf 85' lang='grc' dir='ltr'><strong><em>ἀποδοῦναι</em></strong></span> <span class='ocrx_word' id='word_1_72' title='bbox 286 1235 365 1312; x_wconf 85' lang='grc' dir='ltr'><strong><em>τούς</em></strong></span> <span class='ocrx_word' id='word_1_73' title='bbox 386 1232 509 1321; x_wconf 87' lang='grc' dir='ltr'><strong><em>ὅρκους</em></strong></span> <span class='ocrx_word' id='word_1_74' title='bbox 525 1249 592 1313; x_wconf 85' lang='grc' dir='ltr'><strong><em>τολς</em></strong></span> <span class='ocrx_word' id='word_1_75' title='bbox 611 1242 778 1303; x_wconf 88' lang='grc' dir='ltr'><strong><em>Φιλίππου</em></strong></span> <span class='ocrx_word' id='word_1_76' title='bbox 795 1240 972 1322; x_wconf 87' lang='grc' dir='ltr'><strong><em>πρέσβεσιν</em></strong></span> <span class='ocrx_word' id='word_1_77' title='bbox 982 1237 1037 1303; x_wconf 79' lang='grc' dir='ltr'><strong><em>καὶ</em></strong></span> 
     </span>
     <span class='ocr_line' id='line_1_12' title="bbox 83 1331 1037 1420; baseline 0.002 -21"><span class='ocrx_word' id='word_1_78' title='bbox 83 1341 381 1420; x_wconf 79' lang='grc' dir='ltr'><strong><em>συναναγραφῆναι</em></strong></span> <span class='ocrx_word' id='word_1_79' title='bbox 388 1337 642 1420; x_wconf 83' lang='grc' dir='ltr'><strong><em>Κερσοβλέπτην</em></strong></span> <span class='ocrx_word' id='word_1_80' title='bbox 651 1336 687 1400; x_wconf 89' lang='grc' dir='ltr'><strong><em>ἐν</em></strong></span> <span class='ocrx_word' id='word_1_81' title='bbox 697 1347 764 1412; x_wconf 79' lang='grc' dir='ltr'><strong><em>τοῖς</em></strong></span> <span class='ocrx_word' id='word_1_82' title='bbox 775 1331 943 1419; x_wconf 82' lang='grc' dir='ltr'><strong><em>ὑμετέροις</em></strong></span> <span class='ocrx_word' id='word_1_83' title='bbox 952 1355 1037 1419; x_wconf 90' lang='grc' dir='ltr'><strong><em>συμ-</em></strong></span> 
     </span>
     <span class='ocr_line' id='line_1_13' title="bbox 83 1430 1106 1518; baseline 0.001 -21"><span class='ocrx_word' id='word_1_84' title='bbox 83 1433 206 1517; x_wconf 91' lang='grc' dir='ltr'><strong><em>μάχοις.</em></strong></span> <span class='ocrx_word' id='word_1_85' title='bbox 241 1434 415 1518; x_wconf 80' lang='grc' dir='ltr'><strong><em>ῥηθέντων</em></strong></span> <span class='ocrx_word' id='word_1_86' title='bbox 428 1432 463 1499; x_wconf 75' lang='grc' dir='ltr'><strong><em>δὲ</em></strong></span> <span class='ocrx_word' id='word_1_87' title='bbox 479 1439 547 1498; x_wconf 78' lang='grc' dir='ltr'><strong><em>των</em></strong></span> <span class='ocrx_word' id='word_1_88' title='bbox 564 1433 675 1516; x_wconf 88' lang='grc' dir='ltr'><strong><em>λόγων</em></strong></span> <span class='ocrx_word' id='word_1_89' title='bbox 692 1432 821 1498; x_wconf 85' lang='grc' dir='ltr'><strong><em>τούτων</em></strong></span> <span class='ocrx_word' id='word_1_90' title='bbox 836 1430 1038 1516; x_wconf 81' lang='grc' dir='ltr'><strong><em>Ἀλεξίμαχος</em></strong></span> <span class='ocrx_word' id='word_1_91' title='bbox 1054 1457 1106 1511; x_wconf 74' lang='grc' dir='ltr'><strong><em>ηςρ</em></strong></span> 
     </span>
     <span class='ocr_line' id='line_1_14' title="bbox 84 1528 1036 1616; baseline 0.001 -21"><span class='ocrx_word' id='word_1_92' title='bbox 84 1528 101 1595; x_wconf 88' lang='grc' dir='ltr'><strong>ὁ</strong></span> <span class='ocrx_word' id='word_1_93' title='bbox 116 1531 228 1616; x_wconf 85' lang='grc' dir='ltr'><strong><em>Πήληξ</em></strong></span> <span class='ocrx_word' id='word_1_94' title='bbox 240 1534 375 1596; x_wconf 90' lang='grc' dir='ltr'><strong><em>δίδωσιν</em></strong></span> <span class='ocrx_word' id='word_1_95' title='bbox 392 1528 583 1614; x_wconf 79' lang='grc' dir='ltr'><strong><em>ἀναγνῶναι</em></strong></span> <span class='ocrx_word' id='word_1_96' title='bbox 600 1530 754 1616; x_wconf 85' lang='grc' dir='ltr'><strong><em>ψήφισμα</em></strong></span> <span class='ocrx_word' id='word_1_97' title='bbox 772 1543 840 1607; x_wconf 80' lang='grc' dir='ltr'><strong><em>τοῖς</em></strong></span> <span class='ocrx_word' id='word_1_98' title='bbox 850 1533 1036 1615; x_wconf 83' lang='grc' dir='ltr'><strong><em>προέδροις,</em></strong></span> 
     </span>
     <span class='ocr_line' id='line_1_15' title="bbox 84 1619 1035 1717; baseline -0.003 -22"><span class='ocrx_word' id='word_1_99' title='bbox 84 1633 122 1695; x_wconf 84' lang='grc' dir='ltr'><strong><em>ἐν</em></strong></span> <span class='ocrx_word' id='word_1_100' title='bbox 133 1619 160 1717; x_wconf 72' lang='grc' dir='ltr'><em>ᾦ</em></span> <span class='ocrx_word' id='word_1_101' title='bbox 172 1631 351 1712; x_wconf 75' lang='grc' dir='ltr'><strong><em>ἐγέγραπτο</em></strong></span> <span class='ocrx_word' id='word_1_102' title='bbox 370 1625 555 1694; x_wconf 83' lang='grc' dir='ltr'><strong><em>ἀποδοῦναι</em></strong></span> <span class='ocrx_word' id='word_1_103' title='bbox 571 1625 649 1705; x_wconf 84' lang='grc' dir='ltr'><strong><em>τούς</em></strong></span> <span class='ocrx_word' id='word_1_104' title='bbox 658 1625 781 1710; x_wconf 81' lang='grc' dir='ltr'><strong><em>ὅρκους</em></strong></span> <span class='ocrx_word' id='word_1_105' title='bbox 792 1633 944 1714; x_wconf 79' lang='grc' dir='ltr'><strong><em>Φιλίππῳ</em></strong></span> <span class='ocrx_word' id='word_1_106' title='bbox 956 1625 1035 1711; x_wconf 90' lang='grc' dir='ltr'><strong><em>μετά</em></strong></span> 
     </span>
     <span class='ocr_line' id='line_1_16' title="bbox 85 1723 1035 1813; baseline 0 -20"><span class='ocrx_word' id='word_1_107' title='bbox 85 1735 154 1793; x_wconf 77' lang='grc' dir='ltr'><strong><em>τῶν</em></strong></span> <span class='ocrx_word' id='word_1_108' title='bbox 177 1726 288 1795; x_wconf 81' lang='grc' dir='ltr'><strong><em>ἀλλων</em></strong></span> <span class='ocrx_word' id='word_1_109' title='bbox 308 1727 490 1813; x_wconf 91' lang='grc' dir='ltr'><strong><em>συμμάχων</em></strong></span> <span class='ocrx_word' id='word_1_110' title='bbox 512 1724 571 1793; x_wconf 87' lang='grc' dir='ltr'><strong><em>τὸν</em></strong></span> <span class='ocrx_word' id='word_1_111' title='bbox 594 1724 718 1813; x_wconf 90' lang='grc' dir='ltr'><strong><em>ήκοντα</em></strong></span> <span class='ocrx_word' id='word_1_112' title='bbox 738 1723 825 1809; x_wconf 86' lang='grc' dir='ltr'><strong><em>παρά</em></strong></span> <span class='ocrx_word' id='word_1_113' title='bbox 847 1728 1035 1811; x_wconf 87' lang='grc' dir='ltr'><strong><em>Κερσοβλέ-</em></strong></span> 
     </span>
    </p>

    <p class='ocr_par' dir='ltr' id='par_1_5' title="bbox 34 1825 1108 2606">
     <span class='ocr_line' id='line_1_17' title="bbox 34 1825 1038 1912; baseline -0.007 -16"><span class='ocrx_word' id='word_1_114' title='bbox 34 1841 71 1896; x_wconf 82' lang='grc'><strong><em>84</em></strong></span> <span class='ocrx_word' id='word_1_115' title='bbox 87 1850 183 1893; x_wconf 89' lang='grc' dir='ltr'><strong><em>πτου.</em></strong></span> <span class='ocrx_word' id='word_1_116' title='bbox 215 1825 490 1912; x_wconf 82' lang='grc' dir='ltr'><strong><em>ἀναγνωσθέντος</em></strong></span> <span class='ocrx_word' id='word_1_117' title='bbox 501 1826 537 1893; x_wconf 74' lang='grc' dir='ltr'><strong><em>δὲ</em></strong></span> <span class='ocrx_word' id='word_1_118' title='bbox 547 1832 608 1892; x_wconf 87' lang='grc' dir='ltr'><strong><em>τού</em></strong></span> <span class='ocrx_word' id='word_1_119' title='bbox 621 1835 844 1911; x_wconf 80' lang='grc' dir='ltr'><strong><em>ψηφίσματος,</em></strong></span> <span class='ocrx_word' id='word_1_120' title='bbox 870 1826 1038 1891; x_wconf 81' lang='grc' dir='ltr'><strong><em>καὶταῦτα</em></strong></span> 
     </span>
     <span class='ocr_line' id='line_1_18' title="bbox 86 1921 1038 2011; baseline -0.002 -19"><span class='ocrx_word' id='word_1_121' title='bbox 86 1922 175 2011; x_wconf 80' lang='grc' dir='ltr'><strong><em>οἶμαι</em></strong></span> <span class='ocrx_word' id='word_1_122' title='bbox 187 1925 312 2003; x_wconf 81' lang='grc' dir='ltr'><strong><em>πάντας</em></strong></span> <span class='ocrx_word' id='word_1_123' title='bbox 322 1923 409 2010; x_wconf 87' lang='grc' dir='ltr'><strong><em>ύμάς</em></strong></span> <span class='ocrx_word' id='word_1_124' title='bbox 419 1924 651 2010; x_wconf 85' lang='grc' dir='ltr'><strong><em>μνημονεύειν,</em></strong></span> <span class='ocrx_word' id='word_1_125' title='bbox 659 1921 803 2001; x_wconf 89' lang='grc' dir='ltr'><strong><em>ἀναστάς</em></strong></span> <span class='ocrx_word' id='word_1_126' title='bbox 814 1926 849 1990; x_wconf 83' lang='grc' dir='ltr'><strong><em>ἐκ</em></strong></span> <span class='ocrx_word' id='word_1_127' title='bbox 860 1930 928 1990; x_wconf 80' lang='grc' dir='ltr'><strong><em>τῶν</em></strong></span> <span class='ocrx_word' id='word_1_128' title='bbox 939 1924 1038 2007; x_wconf 89' lang='grc' dir='ltr'><strong><em>προέ-</em></strong></span> 
     </span>
     <span class='ocr_line' id='line_1_19' title="bbox 87 2020 1037 2110; baseline -0.001 -20"><span class='ocrx_word' id='word_1_129' title='bbox 87 2027 177 2106; x_wconf 85' lang='grc' dir='ltr'><strong><em>δρων</em></strong></span> <span class='ocrx_word' id='word_1_130' title='bbox 193 2028 416 2109; x_wconf 88' lang='grc' dir='ltr'><strong><em>Δημοσθένης</em></strong></span> <span class='ocrx_word' id='word_1_131' title='bbox 436 2020 498 2089; x_wconf 88' lang='grc' dir='ltr'><strong><em>ούκ</em></strong></span> <span class='ocrx_word' id='word_1_132' title='bbox 520 2029 582 2110; x_wconf 83' lang='grc' dir='ltr'><strong><em>ἐφη</em></strong></span> <span class='ocrx_word' id='word_1_133' title='bbox 603 2021 640 2091; x_wconf 89' lang='grc' dir='ltr'>τὸ</span> <span class='ocrx_word' id='word_1_134' title='bbox 663 2022 817 2109; x_wconf 90' lang='grc' dir='ltr'><strong><em>ψήφισμα</em></strong></span> <span class='ocrx_word' id='word_1_135' title='bbox 837 2025 1037 2108; x_wconf 75' lang='grc' dir='ltr'><strong><em>ἐπιψηφιεῖν,</em></strong></span> 
     </span>
     <span class='ocr_line' id='line_1_20' title="bbox 86 2119 1104 2208; baseline 0 -20"><span class='ocrx_word' id='word_1_136' title='bbox 86 2120 165 2189; x_wconf 74' lang='grc' dir='ltr'><strong><em>ούδὲ</em></strong></span> <span class='ocrx_word' id='word_1_137' title='bbox 177 2123 292 2189; x_wconf 90' lang='grc' dir='ltr'><strong><em>λύσειν</em></strong></span> <span class='ocrx_word' id='word_1_138' title='bbox 302 2122 363 2207; x_wconf 83' lang='grc' dir='ltr'><strong><em>τήν</em></strong></span> <span class='ocrx_word' id='word_1_139' title='bbox 374 2120 456 2204; x_wconf 80' lang='grc' dir='ltr'><strong><em>πρὸς</em></strong></span> <span class='ocrx_word' id='word_1_140' title='bbox 467 2129 633 2190; x_wconf 87' lang='grc' dir='ltr'><strong><em>Φίλιππον</em></strong></span> <span class='ocrx_word' id='word_1_141' title='bbox 645 2123 797 2208; x_wconf 91' lang='grc' dir='ltr'><strong><em>εἰρήνην,</em></strong></span> <span class='ocrx_word' id='word_1_142' title='bbox 820 2119 898 2190; x_wconf 68' lang='grc' dir='ltr'><strong><em>οὐδὲ</em></strong></span> <span class='ocrx_word' id='word_1_143' title='bbox 915 2125 1039 2207; x_wconf 84' lang='grc' dir='ltr'><strong><em>γιγνά-</em></strong></span> <span class='ocrx_word' id='word_1_144' title='bbox 1056 2139 1104 2196; x_wconf 73' lang='lat'><strong><em>261</em></strong></span> 
     </span>
     <span class='ocr_line' id='line_1_21' title="bbox 87 2218 1039 2306; baseline 0.001 -21"><span class='ocrx_word' id='word_1_145' title='bbox 87 2240 180 2286; x_wconf 90' lang='grc' dir='ltr'><strong><em>σκειν</em></strong></span> <span class='ocrx_word' id='word_1_146' title='bbox 190 2227 259 2286; x_wconf 79' lang='grc' dir='ltr'><strong><em>τῶν</em></strong></span> <span class='ocrx_word' id='word_1_147' title='bbox 270 2221 452 2306; x_wconf 91' lang='grc' dir='ltr'><strong><em>συμμάχων</em></strong></span> <span class='ocrx_word' id='word_1_148' title='bbox 462 2218 541 2297; x_wconf 84' lang='grc' dir='ltr'><strong><em>τούς</em></strong></span> <span class='ocrx_word' id='word_1_149' title='bbox 551 2224 866 2306; x_wconf 87' lang='grc' dir='ltr'><strong><em>συνεφαπτομένους</em></strong></span> <span class='ocrx_word' id='word_1_150' title='bbox 879 2219 988 2303; x_wconf 73' lang='grc' dir='ltr'><strong><em>ὥσπερ</em></strong></span> <span class='ocrx_word' id='word_1_151' title='bbox 1002 2221 1039 2287; x_wconf 83' lang='grc' dir='ltr'><strong><em>ἐν</em></strong></span> 
     </span>
     <span class='ocr_line' id='line_1_22' title="bbox 87 2319 1108 2409; baseline 0.003 -21"><span class='ocrx_word' id='word_1_152' title='bbox 87 2336 156 2399; x_wconf 84' lang='grc' dir='ltr'><strong><em>τοῖς</em></strong></span> <span class='ocrx_word' id='word_1_153' title='bbox 167 2324 346 2389; x_wconf 87' lang='grc' dir='ltr'><strong><em>σπένδουσι</em></strong></span> <span class='ocrx_word' id='word_1_154' title='bbox 357 2330 426 2390; x_wconf 76' lang='grc' dir='ltr'><strong><em>τάν</em></strong></span> <span class='ocrx_word' id='word_1_155' title='bbox 437 2327 552 2405; x_wconf 79' lang='grc' dir='ltr'><strong><em>ἱερῶν·</em></strong></span> <span class='ocrx_word' id='word_1_156' title='bbox 576 2319 787 2408; x_wconf 82' lang='grc' dir='ltr'><strong><em>ἀποδοθῆναι</em></strong></span> <span class='ocrx_word' id='word_1_157' title='bbox 798 2320 862 2409; x_wconf 81' lang='grc' dir='ltr'><strong><em>γάρ</em></strong></span> <span class='ocrx_word' id='word_1_158' title='bbox 875 2325 948 2406; x_wconf 80' lang='grc' dir='ltr'><strong><em>περὶ</em></strong></span> <span class='ocrx_word' id='word_1_159' title='bbox 959 2321 1039 2390; x_wconf 81' lang='grc' dir='ltr'><strong><em>τού·</em></strong></span> <span class='ocrx_word' id='word_1_160' title='bbox 1056 2337 1108 2393; x_wconf 73' lang='lat'><strong><em>262</em></strong></span> 
     </span>
     <span class='ocr_line' id='line_1_23' title="bbox 87 2419 1040 2508; baseline 0 -21"><span class='ocrx_word' id='word_1_161' title='bbox 87 2447 156 2487; x_wconf 91' lang='grc' dir='ltr'><strong><em>των</em></strong></span> <span class='ocrx_word' id='word_1_162' title='bbox 180 2423 294 2506; x_wconf 81' lang='grc' dir='ltr'><strong><em>ἑτέραν</em></strong></span> <span class='ocrx_word' id='word_1_163' title='bbox 315 2424 501 2507; x_wconf 90' lang='grc' dir='ltr'><strong><em>ἐκκλησίαν.</em></strong></span> <span class='ocrx_word' id='word_1_164' title='bbox 531 2423 690 2508; x_wconf 78' lang='grc' dir='ltr'><strong><em>βοώντων</em></strong></span> <span class='ocrx_word' id='word_1_165' title='bbox 711 2422 745 2489; x_wconf 74' lang='grc' dir='ltr'><strong><em>δέ</em></strong></span> <span class='ocrx_word' id='word_1_166' title='bbox 769 2421 865 2507; x_wconf 75' lang='grc' dir='ltr'><strong><em>ὑμῶν</em></strong></span> <span class='ocrx_word' id='word_1_167' title='bbox 887 2423 940 2487; x_wconf 78' lang='grc' dir='ltr'><strong><em>καὶ</em></strong></span> <span class='ocrx_word' id='word_1_168' title='bbox 962 2419 1040 2500; x_wconf 85' lang='grc' dir='ltr'><strong><em>τούς</em></strong></span> 
     </span>
     <span class='ocr_line' id='line_1_24' title="bbox 88 2515 1041 2606; baseline -0.001 -22"><span class='ocrx_word' id='word_1_169' title='bbox 88 2522 271 2602; x_wconf 75' lang='grc' dir='ltr'><strong><em>προέδρους</em></strong></span> <span class='ocrx_word' id='word_1_170' title='bbox 282 2520 333 2586; x_wconf 78' lang='grc' dir='ltr'><strong><em>ἐπὶ</em></strong></span> <span class='ocrx_word' id='word_1_171' title='bbox 345 2518 381 2587; x_wconf 91' lang='grc' dir='ltr'>τό</span> <span class='ocrx_word' id='word_1_172' title='bbox 393 2527 483 2606; x_wconf 81' lang='grc' dir='ltr'><strong><em>βῆμα</em></strong></span> <span class='ocrx_word' id='word_1_173' title='bbox 495 2520 699 2604; x_wconf 89' lang='grc' dir='ltr'><strong><em>καλούντων,</em></strong></span> <span class='ocrx_word' id='word_1_174' title='bbox 710 2518 815 2597; x_wconf 78' lang='grc' dir='ltr'><strong><em>οὕτως</em></strong></span> <span class='ocrx_word' id='word_1_175' title='bbox 827 2518 966 2597; x_wconf 86' lang='grc' dir='ltr'><strong><em>άκοντος</em></strong></span> <span class='ocrx_word' id='word_1_176' title='bbox 977 2515 1041 2584; x_wconf 84' lang='grc' dir='ltr'><strong><em>αι’·-</em></strong></span> 
     </span>
    </p>

    <p class='ocr_par' dir='ltr' id='par_1_6' title="bbox 32 2615 1042 2999">
     <span class='ocr_line' id='line_1_25' title="bbox 32 2615 1041 2705; baseline -0.001 -21"><span class='ocrx_word' id='word_1_177' title='bbox 32 2633 69 2690; x_wconf 77' lang='lat'><strong><em>85</em></strong></span> <span class='ocrx_word' id='word_1_178' title='bbox 87 2624 148 2683; x_wconf 79' lang='grc' dir='ltr'><strong><em>τοῦ</em></strong></span> <span class='ocrx_word' id='word_1_179' title='bbox 161 2615 197 2684; x_wconf 90' lang='grc' dir='ltr'><strong><em>τδ</em></strong></span> <span class='ocrx_word' id='word_1_180' title='bbox 211 2618 364 2704; x_wconf 89' lang='grc' dir='ltr'><strong><em>ψήφισμα</em></strong></span> <span class='ocrx_word' id='word_1_181' title='bbox 375 2621 595 2705; x_wconf 87' lang='grc' dir='ltr'><strong><em>ἐπεψηφίσθη.</em></strong></span> <span class='ocrx_word' id='word_1_182' title='bbox 621 2618 672 2686; x_wconf 85' lang='grc' dir='ltr'><strong><em>ὅτι</em></strong></span> <span class='ocrx_word' id='word_1_183' title='bbox 683 2617 715 2686; x_wconf 85' lang='grc' dir='ltr'><strong><em>δ’</em></strong></span> <span class='ocrx_word' id='word_1_184' title='bbox 728 2617 840 2705; x_wconf 81' lang='grc' dir='ltr'><strong><em>ἀληθῆ</em></strong></span> <span class='ocrx_word' id='word_1_185' title='bbox 852 2620 952 2703; x_wconf 89' lang='grc' dir='ltr'><strong><em>λέγω,</em></strong></span> <span class='ocrx_word' id='word_1_186' title='bbox 978 2616 1041 2684; x_wconf 90' lang='grc' dir='ltr'><strong><em>κά-</em></strong></span> 
     </span>
     <span class='ocr_line' id='line_1_26' title="bbox 87 2713 1040 2803; baseline 0 -21"><span class='ocrx_word' id='word_1_187' title='bbox 87 2723 136 2782; x_wconf 88' lang='grc' dir='ltr'><strong><em>λει</em></strong></span> <span class='ocrx_word' id='word_1_188' title='bbox 158 2740 213 2800; x_wconf 92' lang='grc' dir='ltr'><strong><em>μοι</em></strong></span> <span class='ocrx_word' id='word_1_189' title='bbox 240 2716 299 2784; x_wconf 85' lang='grc' dir='ltr'><strong><em>τὸν</em></strong></span> <span class='ocrx_word' id='word_1_190' title='bbox 327 2718 500 2803; x_wconf 87' lang='grc' dir='ltr'><strong><em>γράψαντα</em></strong></span> <span class='ocrx_word' id='word_1_191' title='bbox 525 2715 563 2785; x_wconf 88' lang='grc' dir='ltr'><strong><em>τδ</em></strong></span> <span class='ocrx_word' id='word_1_192' title='bbox 587 2717 740 2803; x_wconf 87' lang='grc' dir='ltr'><strong><em>ψήφισμα</em></strong></span> <span class='ocrx_word' id='word_1_193' title='bbox 757 2713 965 2801; x_wconf 77' lang='grc' dir='ltr'><strong><em>Ἀλεξίμαχον</em></strong></span> <span class='ocrx_word' id='word_1_194' title='bbox 986 2715 1040 2782; x_wconf 82' lang='grc' dir='ltr'><strong><em>καὶ</em></strong></span> 
     </span>
     <span class='ocr_line' id='line_1_27' title="bbox 87 2813 1042 2903; baseline -0.001 -21"><span class='ocrx_word' id='word_1_195' title='bbox 87 2815 165 2893; x_wconf 85' lang='grc' dir='ltr'><strong><em>τούς</em></strong></span> <span class='ocrx_word' id='word_1_196' title='bbox 177 2818 427 2902; x_wconf 76' lang='grc' dir='ltr'><strong><em>συμπροέδρους</em></strong></span> <span class='ocrx_word' id='word_1_197' title='bbox 439 2823 697 2903; x_wconf 86' lang='grc' dir='ltr'><strong><em>Δημοσθένους,</em></strong></span> <span class='ocrx_word' id='word_1_198' title='bbox 721 2819 775 2885; x_wconf 86' lang='grc' dir='ltr'><strong><em>καὶ</em></strong></span> <span class='ocrx_word' id='word_1_199' title='bbox 785 2813 846 2902; x_wconf 85' lang='grc' dir='ltr'><strong><em>τήν</em></strong></span> <span class='ocrx_word' id='word_1_200' title='bbox 857 2821 1042 2901; x_wconf 87' lang='grc' dir='ltr'><strong><em>μαρτυριάν</em></strong></span> 
     </span>
     <span class='ocr_line' id='line_1_28' title="bbox 88 2912 272 2999; baseline 0 -18"><span class='ocrx_word' id='word_1_201' title='bbox 88 2912 272 2999; x_wconf 88' lang='grc' dir='ltr'><strong><em>ἀνάγνωθι.</em></strong></span> 
     </span>
    </p>

    <p class='ocr_par' dir='ltr' id='par_1_7' title="bbox 445 3023 685 3083">
     <span class='ocr_line' id='line_1_29' title="bbox 445 3023 685 3083; baseline -0.008 0"><span class='ocrx_word' id='word_1_202' title='bbox 445 3023 685 3083; x_wconf 82' lang='lat' dir='ltr'><em>MAPTYPIA.</em></span> 
     </span>
    </p>

    <p class='ocr_par' dir='ltr' id='par_1_8' title="bbox 90 3113 1046 3501">
     <span class='ocr_line' id='line_1_30' title="bbox 170 3113 1043 3201; baseline -0.006 -19"><span class='ocrx_word' id='word_1_203' title='bbox 170 3113 203 3182; x_wconf 89' lang='lat'><strong><em>‘0</em></strong></span> <span class='ocrx_word' id='word_1_204' title='bbox 215 3117 275 3199; x_wconf 70' lang='grc' dir='ltr'><strong><em>μἐν</em></strong></span> <span class='ocrx_word' id='word_1_205' title='bbox 286 3121 402 3183; x_wconf 90' lang='grc' dir='ltr'><strong><em>τοίνυν</em></strong></span> <span class='ocrx_word' id='word_1_206' title='bbox 414 3115 635 3201; x_wconf 86' lang='grc' dir='ltr'><strong><em>ἐπιδακρύσας</em></strong></span> <span class='ocrx_word' id='word_1_207' title='bbox 646 3114 765 3200; x_wconf 90' lang='grc' dir='ltr'><strong><em>ἀρτίως</em></strong></span> <span class='ocrx_word' id='word_1_208' title='bbox 776 3113 913 3180; x_wconf 83' lang='grc' dir='ltr'><strong><em>ἐνταυθὶ</em></strong></span> <span class='ocrx_word' id='word_1_209' title='bbox 926 3121 1043 3196; x_wconf 83' lang='grc' dir='ltr'><strong><em>Δημο-</em></strong></span> 
     </span>
     <span class='ocr_line' id='line_1_31' title="bbox 90 3215 1044 3300; baseline -0.005 -20"><span class='ocrx_word' id='word_1_210' title='bbox 90 3216 214 3299; x_wconf 87' lang='grc' dir='ltr'><strong><em>σθένης</em></strong></span> <span class='ocrx_word' id='word_1_211' title='bbox 230 3215 390 3300; x_wconf 82' lang='grc' dir='ltr'><strong><em>μνησθεὶς</em></strong></span> <span class='ocrx_word' id='word_1_212' title='bbox 400 3217 656 3300; x_wconf 82' lang='grc' dir='ltr'><strong><em>Κερσοβλέπτου</em></strong></span> <span class='ocrx_word' id='word_1_213' title='bbox 673 3221 825 3297; x_wconf 90' lang='grc' dir='ltr'><strong><em>φαίνεται</em></strong></span> <span class='ocrx_word' id='word_1_214' title='bbox 843 3218 900 3296; x_wconf 86' lang='grc' dir='ltr'><strong><em>τής</em></strong></span> <span class='ocrx_word' id='word_1_215' title='bbox 911 3229 1044 3296; x_wconf 80' lang='grc' dir='ltr'><strong><em>συμμά-</em></strong></span> 
     </span>
     <span class='ocr_line' id='line_1_32' title="bbox 90 3309 1044 3403; baseline -0.005 -25"><span class='ocrx_word' id='word_1_216' title='bbox 90 3318 161 3396; x_wconf 91' lang='grc' dir='ltr'><strong><em>χίας</em></strong></span> <span class='ocrx_word' id='word_1_217' title='bbox 181 3315 332 3403; x_wconf 87' lang='grc' dir='ltr'><strong><em>έκκλήων</em></strong></span> <span class='ocrx_word' id='word_1_218' title='bbox 354 3311 466 3380; x_wconf 87' lang='grc' dir='ltr'><strong><em>αύτύν.</em></strong></span> <span class='ocrx_word' id='word_1_219' title='bbox 503 3310 545 3390; x_wconf 83' lang='grc' dir='ltr'><strong><em>ὡς</em></strong></span> <span class='ocrx_word' id='word_1_220' title='bbox 564 3309 595 3378; x_wconf 88' lang='grc' dir='ltr'><strong><em>δ’</em></strong></span> <span class='ocrx_word' id='word_1_221' title='bbox 610 3309 629 3398; x_wconf 90' lang='grc' dir='ltr'><strong><em>ή</em></strong></span> <span class='ocrx_word' id='word_1_222' title='bbox 643 3319 796 3395; x_wconf 82' lang='grc' dir='ltr'><strong><em>παροῦσα</em></strong></span> <span class='ocrx_word' id='word_1_223' title='bbox 808 3314 961 3397; x_wconf 86' lang='grc' dir='ltr'><strong><em>ἐκκλησία</em></strong></span> <span class='ocrx_word' id='word_1_224' title='bbox 974 3312 1044 3375; x_wconf 90' lang='grc' dir='ltr'><strong><em>διε-</em></strong></span> 
     </span>
     <span class='ocr_line' id='line_1_33' title="bbox 91 3410 1046 3501; baseline -0.007 -22"><span class='ocrx_word' id='word_1_225' title='bbox 91 3411 199 3496; x_wconf 86' lang='grc' dir='ltr'><strong><em>λύθη,</em></strong></span> <span class='ocrx_word' id='word_1_226' title='bbox 233 3411 407 3498; x_wconf 80' lang='grc' dir='ltr'><strong><em>ἐξώρκιζον</em></strong></span> <span class='ocrx_word' id='word_1_227' title='bbox 428 3410 507 3491; x_wconf 83' lang='grc' dir='ltr'><strong><em>τούς</em></strong></span> <span class='ocrx_word' id='word_1_228' title='bbox 528 3412 719 3498; x_wconf 81' lang='grc' dir='ltr'><strong><em>συμμάχους</em></strong></span> <span class='ocrx_word' id='word_1_229' title='bbox 741 3414 775 3476; x_wconf 84' lang='grc' dir='ltr'><strong><em>οἰ</em></strong></span> <span class='ocrx_word' id='word_1_230' title='bbox 794 3417 855 3477; x_wconf 89' lang='grc' dir='ltr'><strong><em>τοῦ</em></strong></span> <span class='ocrx_word' id='word_1_231' title='bbox 870 3417 1046 3501; x_wconf 19' lang='grc' dir='ltr'><strong><em>’Φιλίππου</em></strong></span> 
     </span>
    </p>
   </div>
   <div class='ocr_carea' id='block_1_4' title="bbox 0 0 1186 3916">
    <p class='ocr_par' dir='ltr' id='par_1_9' title="bbox 0 0 1186 3916">
     <span class='ocr_line' id='line_1_34' title="bbox 0 0 1186 3916; baseline 0 0"><span class='ocrx_word' id='word_1_232' title='bbox 0 0 1186 3916; x_wconf 95' lang='lat' dir='ltr'><strong><em> </em></strong></span> 
     </span>
    </p>
   </div>
  </div>
 </body>
</html>
