2316 3900
158 192 198 257 32
348 245 352 250 ,
575 185 702 237 ιαιιον
1016 189 1068 242 οε.
1086 189 1111 240 3.

120 356 372 446 3γραψάμευος.
408 354 677 446 άμφισβητούσης
696 359 732 426 δέ
749 361 805 444 τής
822 354 943 446 μητρός
960 362 1017 446 τῆς
1035 354 1111 448 ήμε·

156 460 268 546 τέρας,
292 454 439 547 ἀδελφῆς
462 459 499 526 δέ
521 462 582 528 τοῦ
598 454 752 548 Πύρρου,
775 453 792 528 6
816 456 929 547 κύριος
951 462 1009 547 τής
1027 467 1111 548 εἰλη-

157 565 251 646 γαίας
268 561 329 626 τοῦ
350 556 473 646 κλήρου
494 556 650 647 γυναικός
675 557 828 647 ἐτόλμησε
852 563 1111 648 διαμαρτυρῆσαι

156 655 201 745 μή
220 661 368 729 ἐπίδικον
384 687 424 748 τη
413 653 582 778 ἡμετέρᾳ
598 656 746 747 μητρί
712 687 770 728 τον
787 686 846 728 του
835 654 1013 780 άδελιρου
1035 665 1110 748 κλῇ

157 775 217 879 ρον
242 757 353 848 εἶναι,
369 755 413 839 69
434 752 535 846 οὔσης
556 767 693 845 γνησίας
715 755 882 849 θυγατρός
902 757 1046 852 Πύρρῳ,
1070 752 1113 830 06

157 848 201 946 ήν
219 855 288 942 έξ’
268 858 370 949 αρχής
391 853 554 948 όκλήρος.
597 856 853 947 έτιισκηψάμενοι
871 854 943 928 δὲ
926 875 1037 948 ημείς,
1056 864 1110 930 καί

160 954 243 1039 εἰς’
222 963 307 1080 ρμάς
326 955 597 1045 εἰσαγαγόντες
564 987 622 1028 τον
635 963 896 1049 διαμαρτυρῆσαι
906 958 1112 1048 τολμήσαντα

121 1055 238 1141 4κατά
260 1062 379 1147 ταῦτα,
410 1057 537 1130 ἐκεῖνόν
558 1087 593 1128 τε
609 1061 838 1180 ἐξελέγξαντες
861 1064 1051 1149 περιφανῶς
1073 1060 1112 1130 τά

157 1162 268 1254 ψευδῆ
288 1157 558 1282 μεμαρτυρηκότα
580 1155 641 1247 τήν
663 1162 731 1228 τῶν
748 1164 1045 1248 ψευδομαρτυριῶν
1064 1168 1111 1230 δί-

157 1287 221 1347 κην
240 1264 370 1348 εἵλομεν
387 1255 466 1353 παρ’
491 1255 590 1350 ὑμῖν,
614 1261 669 1329 καὶ
691 1261 823 1328 τουτονί
840 1257 1034 1349 Νικόδημον
1052 1288 1111 1331 πα-

123 1363 308 1479 ραχρήμα
332 1362 545 1478 ἐξηλέγξαμεν
564 1364 599 1430 ἐν
616 1376 684 1440 τοῖς
702 1350 819 1482 αάτρῑς
834 1357 1039 1442 δικασταίς’
1020 1391 1112 1432 αναι-

157 1456 377 1547 σχυντότατον
393 1464 435 1550 τῇ
446 1468 610 1581 μαρτυρίηι
623 1457 704 1530 ὄντα
715 1458 830 1582 ταύτης,
848 1457 885 1542 69
902 1489 941 1549 γε
959 1460 1112 1584 ἐτόλμησε

157 1564 362 1686 μαρτυρήσαι
381 1564 586 1655 ἐγγυήσαι
554 1590 600 1630 τω
587 1565 702 1654 θείην
720 1590 765 1654 τρι
783 1557 928 1682 ήμετέρρι
945 1558 1007 1649 τήν
1018 1559 1112 1632 άδελ·

120 1688 139 1738 5
157 1657 226 1749 φήν
237 1657 298 1747 τήν
318 1663 440 1731 ἑαυτοῦ
454 1679 598 1750 γυναικα
616 1660 701 1732 εἶναι
717 1659 800 1731 κατά
816 1658 892 1783 6069
909 1660 1039 1750 νόμους.
1064 1660 1112 1732 ὅτι

158 1750 288 1850 μὲν
245 1790 308 1831 ουν
325 1764 380 1832 καὶ
399 1765 492 1832 έν
450 1791 491 1853 τη
509 1765 663 1886 τρρτέρρι
677 1757 790 1851 δίκη
770 1791 791 1850 η
808 1761 927 1833 τούτου
950 1771 1113 1890 μαρτυρία

159 1858 286 1950 ψευδής
304 1861 465 1946 ἔδοξεν
434 1891 535 1952 ειναι,
552 1857 663 1934 ὁτόθ’
684 1859 835 1944 ἑαλωκώς
851 1860 975 1983 μάρτυς
992 1866 1112 1951 σαφέσ

158 1965 367 2032 τατατοῦτον
382 1963 593 2053 ἐξελέγχει
561 1992 577 2033 ε
601 1992 664 2053 γαρ
675 1993 719 2053 μη
709 1952 891 2033 ἐδοκει
849 1991 944 2042 ουτος
955 1991 995 2031 τα
984 1960 1115 2050 ψευδη

158 2059 231 2130 τότε
248 2065 469 2152 μαρτυρήσαι,
489 2059 627 2185 δήλου”
608 2091 657 2132 οτι
676 2056 885 2142 ἐκεῖνόςτ’”
865 2090 907 2130 αν
929 2058 1114 2148 άιτοφυγοδν

158 2158 219 2248 τήν
245 2166 487 2252 διαμαρτυρίαν
506 2159 652 2250 άκήλθε,
682 2164 737 2232 καί
760 2158 958 2251 κληρονόμος
981 2155 1023 2229 άυ
1046 2166 1114 2232 τῶν

158 2265 219 2330 τοῦ
234 2270 332 2331 θείου
349 2257 370 2348 6
389 2268 692 2353 διαμαρτυρηθεῑσα
709 2269 828 2349 γνησία
845 2257 995 2349 θυγάτηρ
1015 2260 1111 2348 εἶναι,

123 2357 233 2431 6άλλ’
256 2357 318 2431 οὐκ
339 2357 382 2431 άν
403 2357 424 2449 6
448 2356 588 2451 ἡμετέρα
611 2364 749 2448 κατέστη
770 2358 885 2450 μήτηρ.
921 2354 1058 2444 άλόντος
1078 2365 1114 2432 δὲ

153 2464 221 2533 ’τοῦ
242 2461 407 2553 μάρτυρος
430 2464 485 2531 καὶ
503 2458 688 2548 ἀποστάσης
705 2464 766 2531 του
782 2458 906 2550 κλήρου
932 2464 990 2550 τής
1014 2459 1113 2552 6666-

160 2561 346 2651 σβητοόσης
368 2569 507 2651 γνησίας
528 2559 694 2652 θυγατρός
711 2559 839 2654 Πύρρῳ
864 2561 966 2651 εἶναι,
990 2563 1113 2653 μεγάλη

158 2660 286 2751 άνάγκη
306 2661 376 2751 άμα
398 2665 453 2733 καὶ
476 2660 538 2751 τήν
559 2661 681 2733 τούτου
709 2671 895 2754 μαρτυρίαν
918 2666 1112 2734 ἑαλωκέναι·

150 2766 235 2849 »περὶ
258 2761 321 2853 γάρ
343 2760 449 2833 αὐτοῦ
475 2761 595 2832 τούτου
624 2758 641 2832 ό
666 2762 930 2854 διαμαρτυρήσας
958 2761 1020 2852 τήν
1046 2769 1114 2834 τῶν

160 2866 458 2952 ψευδομαρτυριῶν
476 2869 573 2952 δίκην
584 2859 773 2952 ἠγωνίζετο,
792 2863 930 2955 κότερον
949 2868 980 2947 ἐξ
999 2868 1114 2953 έγγυη-

157 2966 217 3050 τής
245 2958 265 3051 6
296 2965 327 3045 έξ
358 2965 489 3054 ἑταίρας
515 2959 536 3052 6
566 2961 817 3053 ἀμφισβητοῦσα
839 2967 900 3033 τοῦ
922 2963 1045 3054 κλήρου
1068 2968 1115 3057 τῷ

159 3071 244 3156 θείῳ
272 3060 428 3151 γυναικός
461 3074 520 3151 εἴη·
566 3064 739 3153 γνώσεσθε
768 3061 800 3134 δ’
831 3060 1030 3146 άκοόσαντες
1059 3067 1113 3134 καί

159 3159 255 3252 ὑμεῖς
271 3167 329 3250 τῆς
346 3191 382 3233 τε
399 3159 604 3255 άντωμοσίας
621 3170 678 3254 της
692 3160 847 3256 ήμετέρας
861 3167 915 3234 καί
927 3169 984 3253 τής
995 3163 1114 3235 τούτου

159 3271 342 3355 μαρτυρίας
364 3268 420 3335 καί
448 3270 505 3354 της
532 3261 675 3355 άλοόσης
705 3272 949 3356 διαμαρτυρίας.
989 3262 1116 3354 'Avast-

125 3385 142 3434 7
159 3386 289 3454 γνωσκε
306 3363 419 3452 λαβών
435 3369 532 3439 τασδὶ
551 3364 673 3448 αὐτοῖς.
888 3458 891 3468 Ι

267 3495 492 3548 ΔΝΤΩΜΟΣΙΑ.
527 3497 722 3547 ΜΑΡΤΤΡΙΑ.
758 3495 1014 3547 ΔΙΑΜΑΡΤΤΡΙΔ.
