<?xml version="1.0" encoding="UTF-8"?>
<!DOCTYPE html PUBLIC "-//W3C//DTD XHTML 1.0 Transitional//EN"
    "http://www.w3.org/TR/xhtml1/DTD/xhtml1-transitional.dtd">
<html xmlns="http://www.w3.org/1999/xhtml" xml:lang="en" lang="en">
 <head>
  <title>
</title>
<meta http-equiv="Content-Type" content="text/html;charset=utf-8" />
  <meta name='ocr-system' content='tesseract 3.04.00' />
  <meta name='ocr-capabilities' content='ocr_page ocr_carea ocr_par ocr_line ocrx_word'/>
</head>
<body>
  <div class='ocr_page' id='page_1' title='image "./orationescumali00isaegoog/orationescumali00isaegoog_0589.png"; bbox 0 0 2340 3916; ppageno 0'>
   <div class='ocr_carea' id='block_1_1' title="bbox 144 189 742 253">
    <p class='ocr_par' dir='ltr' id='par_1_1' title="bbox 144 189 742 253">
     <span class='ocr_line' id='line_1_1' title="bbox 144 189 742 253; baseline -0.012 0"><span class='ocrx_word' id='word_1_1' title='bbox 144 189 204 253; x_wconf 86' lang='grc'><strong><em>116</em></strong></span> <span class='ocrx_word' id='word_1_2' title='bbox 491 189 742 248; x_wconf 74' lang='grc' dir='ltr'><em>ΑΙΣΧΙΝΟΤ</em></span> 
     </span>
    </p>
   </div>
   <div class='ocr_carea' id='block_1_2' title="bbox 24 343 1153 3200">
    <p class='ocr_par' dir='ltr' id='par_1_2' title="bbox 143 343 1153 1026">
     <span class='ocr_line' id='line_1_2' title="bbox 143 343 1104 435; baseline -0.002 -17"><span class='ocrx_word' id='word_1_3' title='bbox 143 350 203 419; x_wconf 87' lang='grc' dir='ltr'><strong><em>τόν</em></strong></span> <span class='ocrx_word' id='word_1_4' title='bbox 215 359 281 418; x_wconf 90' lang='grc' dir='ltr'><strong><em>τῶν</em></strong></span> <span class='ocrx_word' id='word_1_5' title='bbox 293 356 518 434; x_wconf 80' lang='grc' dir='ltr'><strong><em>συκοφαντῶν</em></strong></span> <span class='ocrx_word' id='word_1_6' title='bbox 529 349 699 435; x_wconf 79' lang='grc' dir='ltr'><strong><em>θόρυβον,</em></strong></span> <span class='ocrx_word' id='word_1_7' title='bbox 712 343 752 415; x_wconf 80' lang='grc' dir='ltr'><strong><em>ὃν</em></strong></span> <span class='ocrx_word' id='word_1_8' title='bbox 762 347 825 434; x_wconf 83' lang='grc' dir='ltr'><strong><em>ήδη</em></strong></span> <span class='ocrx_word' id='word_1_9' title='bbox 837 353 953 416; x_wconf 82' lang='grc' dir='ltr'><strong><em>πολλοὶ</em></strong></span> <span class='ocrx_word' id='word_1_10' title='bbox 963 356 1031 415; x_wconf 92' lang='grc' dir='ltr'><strong><em>τῶν</em></strong></span> <span class='ocrx_word' id='word_1_11' title='bbox 1044 347 1104 429; x_wconf 83' lang='grc' dir='ltr'><strong><em>τάς</em></strong></span> 
     </span>
     <span class='ocr_line' id='line_1_3' title="bbox 144 443 1102 534; baseline -0.004 -18"><span class='ocrx_word' id='word_1_12' title='bbox 144 447 251 534; x_wconf 81' lang='grc' dir='ltr'><strong><em>ψυχάς</em></strong></span> <span class='ocrx_word' id='word_1_13' title='bbox 265 451 303 516; x_wconf 88' lang='grc' dir='ltr'><strong><em>έν</em></strong></span> <span class='ocrx_word' id='word_1_14' title='bbox 320 459 387 525; x_wconf 76' lang='grc' dir='ltr'><strong><em>τοῖς</em></strong></span> <span class='ocrx_word' id='word_1_15' title='bbox 404 449 557 532; x_wconf 79' lang='grc' dir='ltr'><strong><em>πολέμοις</em></strong></span> <span class='ocrx_word' id='word_1_16' title='bbox 574 452 734 530; x_wconf 77' lang='grc' dir='ltr'><strong><em>λαμπρῶν</em></strong></span> <span class='ocrx_word' id='word_1_17' title='bbox 751 443 812 530; x_wconf 88' lang='grc' dir='ltr'><strong><em>ούχ</em></strong></span> <span class='ocrx_word' id='word_1_18' title='bbox 829 443 1025 532; x_wconf 78' lang='grc' dir='ltr'><strong><em>ὑπέστησαν.</em></strong></span> <span class='ocrx_word' id='word_1_19' title='bbox 1060 444 1102 514; x_wconf 83' lang='grc' dir='ltr'><strong><em>οὐ</em></strong></span> 
     </span>
     <span class='ocr_line' id='line_1_4' title="bbox 144 540 1103 632; baseline -0.002 -18"><span class='ocrx_word' id='word_1_20' title='bbox 144 545 210 632; x_wconf 87' lang='grc' dir='ltr'><strong><em>γόιρ</em></strong></span> <span class='ocrx_word' id='word_1_21' title='bbox 223 543 240 612; x_wconf 85' lang='grc' dir='ltr'><strong>ὁ</strong></span> <span class='ocrx_word' id='word_1_22' title='bbox 252 546 399 624; x_wconf 81' lang='grc' dir='ltr'><strong><em>θάνατος</em></strong></span> <span class='ocrx_word' id='word_1_23' title='bbox 411 543 539 629; x_wconf 86' lang='grc' dir='ltr'><strong><em>δεινὸν,</em></strong></span> <span class='ocrx_word' id='word_1_24' title='bbox 563 540 631 612; x_wconf 76' lang='grc' dir='ltr'><strong><em>ἀλλ’</em></strong></span> <span class='ocrx_word' id='word_1_25' title='bbox 644 541 748 631; x_wconf 77' lang='grc' dir='ltr'><strong><em>ήπερδ</em></strong></span> <span class='ocrx_word' id='word_1_26' title='bbox 759 543 820 631; x_wconf 85' lang='grc' dir='ltr'><strong><em>τήν</em></strong></span> <span class='ocrx_word' id='word_1_27' title='bbox 836 545 994 632; x_wconf 85' lang='grc' dir='ltr'><strong><em>τελευτήν</em></strong></span> <span class='ocrx_word' id='word_1_28' title='bbox 1005 545 1103 632; x_wconf 76' lang='grc' dir='ltr'><strong><em>ὕβρις</em></strong></span> 
     </span>
     <span class='ocr_line' id='line_1_5' title="bbox 146 639 1153 731; baseline 0.001 -20"><span class='ocrx_word' id='word_1_29' title='bbox 146 645 284 731; x_wconf 88' lang='grc' dir='ltr'><strong><em>φοβερά.</em></strong></span> <span class='ocrx_word' id='word_1_30' title='bbox 320 650 390 722; x_wconf 85' lang='grc' dir='ltr'><strong><em>πῶς</em></strong></span> <span class='ocrx_word' id='word_1_31' title='bbox 407 642 443 710; x_wconf 72' lang='grc' dir='ltr'><strong><em>δὲ</em></strong></span> <span class='ocrx_word' id='word_1_32' title='bbox 462 639 524 710; x_wconf 89' lang='grc' dir='ltr'><strong><em>ούκ</em></strong></span> <span class='ocrx_word' id='word_1_33' title='bbox 543 642 676 724; x_wconf 86' lang='grc' dir='ltr'><strong><em>οίκτρόν</em></strong></span> <span class='ocrx_word' id='word_1_34' title='bbox 687 644 819 727; x_wconf 83' lang='grc' dir='ltr'><strong><em>βλέπειν</em></strong></span> <span class='ocrx_word' id='word_1_35' title='bbox 830 646 957 729; x_wconf 75' lang='grc' dir='ltr'><strong><em>ἐχθροῦ</em></strong></span> <span class='ocrx_word' id='word_1_36' title='bbox 967 645 1102 730; x_wconf 84' lang='grc' dir='ltr'><strong><em>πρόσω·</em></strong></span> <span class='ocrx_word' id='word_1_37' title='bbox 1120 667 1153 720; x_wconf 78' lang='grc'><strong><em>18</em></strong></span> 
     </span>
     <span class='ocr_line' id='line_1_6' title="bbox 145 738 1101 830; baseline -0.001 -20"><span class='ocrx_word' id='word_1_38' title='bbox 145 768 211 811; x_wconf 85' lang='grc' dir='ltr'><strong><em>πον</em></strong></span> <span class='ocrx_word' id='word_1_39' title='bbox 223 746 463 830; x_wconf 74' lang='grc' dir='ltr'><strong><em>ἐπεγγελῶντος</em></strong></span> <span class='ocrx_word' id='word_1_40' title='bbox 480 743 534 810; x_wconf 83' lang='grc' dir='ltr'><strong><em>καὶ</em></strong></span> <span class='ocrx_word' id='word_1_41' title='bbox 550 754 618 819; x_wconf 76' lang='grc' dir='ltr'><strong><em>τοῖς</em></strong></span> <span class='ocrx_word' id='word_1_42' title='bbox 634 738 694 809; x_wconf 84' lang='grc' dir='ltr'><strong><em>ω’σὶ</em></strong></span> <span class='ocrx_word' id='word_1_43' title='bbox 710 748 778 809; x_wconf 91' lang='grc' dir='ltr'><strong><em>τῶν</em></strong></span> <span class='ocrx_word' id='word_1_44' title='bbox 789 740 930 810; x_wconf 76' lang='grc' dir='ltr'><strong><em>ὀνειδῶν</em></strong></span> <span class='ocrx_word' id='word_1_45' title='bbox 942 741 1101 823; x_wconf 70' lang='grc' dir='ltr'><strong><em>ἀκούσαις</em></strong></span> 
     </span>
     <span class='ocr_line' id='line_1_7' title="bbox 146 837 1100 930; baseline -0.002 -20"><span class='ocrx_word' id='word_1_46' title='bbox 146 841 215 910; x_wconf 75' lang='grc' dir='ltr'><strong><em>ἀλλ’</em></strong></span> <span class='ocrx_word' id='word_1_47' title='bbox 233 840 322 928; x_wconf 83' lang='grc' dir='ltr'><strong><em>ὅμως</em></strong></span> <span class='ocrx_word' id='word_1_48' title='bbox 338 840 544 926; x_wconf 87' lang='grc' dir='ltr'><strong><em>τετόλμηται·</em></strong></span> <span class='ocrx_word' id='word_1_49' title='bbox 566 843 696 907; x_wconf 86' lang='grc' dir='ltr'><strong><em>δέδοται</em></strong></span> <span class='ocrx_word' id='word_1_50' title='bbox 714 837 750 908; x_wconf 85' lang='grc' dir='ltr'><strong><em>τό</em></strong></span> <span class='ocrx_word' id='word_1_51' title='bbox 771 849 866 926; x_wconf 89' lang='grc' dir='ltr'><strong><em>σῶμα</em></strong></span> <span class='ocrx_word' id='word_1_52' title='bbox 882 848 930 930; x_wconf 75' lang='grc' dir='ltr'><strong><em>τῷ</em></strong></span> <span class='ocrx_word' id='word_1_53' title='bbox 943 842 1100 930; x_wconf 75' lang='grc' dir='ltr'><strong><em>κινδύνῳ.</em></strong></span> 
     </span>
     <span class='ocr_line' id='line_1_8' title="bbox 145 936 1103 1026; baseline -0.003 -17"><span class='ocrx_word' id='word_1_54' title='bbox 145 939 220 1023; x_wconf 84' lang='grc' dir='ltr'><strong><em>παρ’</em></strong></span> <span class='ocrx_word' id='word_1_55' title='bbox 230 939 309 1026; x_wconf 77' lang='grc' dir='ltr'><strong><em>ὑμῖν</em></strong></span> <span class='ocrx_word' id='word_1_56' title='bbox 325 941 489 1026; x_wconf 89' lang='grc' dir='ltr'><strong><em>έτράφην,</em></strong></span> <span class='ocrx_word' id='word_1_57' title='bbox 514 941 551 1006; x_wconf 81' lang='grc' dir='ltr'><strong><em>ἐν</em></strong></span> <span class='ocrx_word' id='word_1_58' title='bbox 567 953 637 1017; x_wconf 83' lang='grc' dir='ltr'><strong><em>ταῖς</em></strong></span> <span class='ocrx_word' id='word_1_59' title='bbox 655 936 826 1025; x_wconf 79' lang='grc' dir='ltr'><strong><em>ὑμετέραις</em></strong></span> <span class='ocrx_word' id='word_1_60' title='bbox 843 943 1023 1026; x_wconf 75' lang='grc' dir='ltr'><strong><em>διατριβαῖς</em></strong></span> <span class='ocrx_word' id='word_1_61' title='bbox 1044 947 1103 1025; x_wconf 86' lang='grc' dir='ltr'><strong><em>βε-</em></strong></span> 
     </span>
    </p>

    <p class='ocr_par' dir='ltr' id='par_1_3' title="bbox 24 1033 1103 1223">
     <span class='ocr_line' id='line_1_9' title="bbox 24 1033 1101 1126; baseline 0.001 -21"><span class='ocrx_word' id='word_1_62' title='bbox 24 1100 27 1105; x_wconf 93' lang='grc'>.</span> <span class='ocrx_word' id='word_1_63' title='bbox 144 1047 259 1126; x_wconf 87' lang='grc' dir='ltr'><strong><em>βίωκα.</em></strong></span> <span class='ocrx_word' id='word_1_64' title='bbox 289 1037 398 1117; x_wconf 77' lang='grc' dir='ltr'><strong><em>οὐδεὶς</em></strong></span> <span class='ocrx_word' id='word_1_65' title='bbox 407 1036 503 1123; x_wconf 83' lang='grc' dir='ltr'><strong><em>ὑμῶν</em></strong></span> <span class='ocrx_word' id='word_1_66' title='bbox 520 1035 575 1104; x_wconf 83' lang='grc' dir='ltr'><strong><em>διά</em></strong></span> <span class='ocrx_word' id='word_1_67' title='bbox 585 1035 644 1116; x_wconf 84' lang='grc' dir='ltr'><strong><em>τάς</em></strong></span> <span class='ocrx_word' id='word_1_68' title='bbox 656 1038 734 1122; x_wconf 82' lang='grc' dir='ltr'><strong><em>ἐμάς</em></strong></span> <span class='ocrx_word' id='word_1_69' title='bbox 746 1033 869 1124; x_wconf 82' lang='grc' dir='ltr'><strong><em>ήδονάς</em></strong></span> <span class='ocrx_word' id='word_1_70' title='bbox 879 1038 997 1105; x_wconf 91' lang='grc' dir='ltr'><strong><em>κάκιον</em></strong></span> <span class='ocrx_word' id='word_1_71' title='bbox 1009 1045 1101 1123; x_wconf 82' lang='grc' dir='ltr'><strong><em>οίκεῐ,</em></strong></span> 
     </span>
     <span class='ocr_line' id='line_1_10' title="bbox 146 1134 1103 1223; baseline -0.001 -18"><span class='ocrx_word' id='word_1_72' title='bbox 146 1134 223 1205; x_wconf 74' lang='grc' dir='ltr'><strong><em>οὐδὲ</em></strong></span> <span class='ocrx_word' id='word_1_73' title='bbox 239 1140 406 1222; x_wconf 76' lang='grc' dir='ltr'><strong><em>ἐστέρηται</em></strong></span> <span class='ocrx_word' id='word_1_74' title='bbox 419 1144 478 1223; x_wconf 90' lang='grc' dir='ltr'><strong><em>τής</em></strong></span> <span class='ocrx_word' id='word_1_75' title='bbox 495 1141 651 1220; x_wconf 87' lang='grc' dir='ltr'><strong><em>πατρίδος</em></strong></span> <span class='ocrx_word' id='word_1_76' title='bbox 668 1136 856 1222; x_wconf 75' lang='grc' dir='ltr'><strong><em>κατηγόρου</em></strong></span> <span class='ocrx_word' id='word_1_77' title='bbox 867 1135 977 1221; x_wconf 87' lang='grc' dir='ltr'><strong><em>τυχῶν</em></strong></span> <span class='ocrx_word' id='word_1_78' title='bbox 988 1141 1024 1204; x_wconf 81' lang='grc' dir='ltr'><strong><em>ἐν</em></strong></span> <span class='ocrx_word' id='word_1_79' title='bbox 1035 1152 1103 1215; x_wconf 81' lang='grc' dir='ltr'><strong><em>τοῖς</em></strong></span> 
     </span>
    </p>

    <p class='ocr_par' dir='ltr' id='par_1_4' title="bbox 30 1229 1102 1421">
     <span class='ocr_line' id='line_1_11' title="bbox 30 1229 1102 1323; baseline -0.005 -16"><span class='ocrx_word' id='word_1_80' title='bbox 30 1300 33 1307; x_wconf 88' lang='grc'><strong><em>,</em></strong></span> <span class='ocrx_word' id='word_1_81' title='bbox 146 1237 277 1323; x_wconf 82' lang='grc' dir='ltr'><strong><em>δήμοις,</em></strong></span> <span class='ocrx_word' id='word_1_82' title='bbox 299 1235 344 1304; x_wconf 86' lang='grc' dir='ltr'><strong><em>ὅτ’</em></strong></span> <span class='ocrx_word' id='word_1_83' title='bbox 356 1229 444 1320; x_wconf 84' lang='grc' dir='ltr'><strong><em>ήσαν</em></strong></span> <span class='ocrx_word' id='word_1_84' title='bbox 461 1239 498 1301; x_wconf 86' lang='grc' dir='ltr'><strong><em>αί</em></strong></span> <span class='ocrx_word' id='word_1_85' title='bbox 512 1239 735 1321; x_wconf 81' lang='grc' dir='ltr'><strong><em>διαψηφίσεις,</em></strong></span> <span class='ocrx_word' id='word_1_86' title='bbox 759 1233 833 1303; x_wconf 84' lang='grc' dir='ltr'><strong><em>οὐδ’</em></strong></span> <span class='ocrx_word' id='word_1_87' title='bbox 848 1232 1042 1315; x_wconf 79' lang='grc' dir='ltr'><strong><em>ὑπεύθυνος</em></strong></span> <span class='ocrx_word' id='word_1_88' title='bbox 1054 1232 1102 1303; x_wconf 84' lang='grc' dir='ltr'><strong><em>ῶν</em></strong></span> 
     </span>
     <span class='ocr_line' id='line_1_12' title="bbox 145 1334 501 1421; baseline -0.008 -17"><span class='ocrx_word' id='word_1_89' title='bbox 145 1335 245 1421; x_wconf 84' lang='grc' dir='ltr'><strong><em>άρχής</em></strong></span> <span class='ocrx_word' id='word_1_90' title='bbox 257 1334 501 1402; x_wconf 81' lang='grc' dir='ltr'><strong><em>ἐκινδύνευσεν.</em></strong></span> 
     </span>
    </p>

    <p class='ocr_par' dir='ltr' id='par_1_5' title="bbox 144 1427 1153 1818">
     <span class='ocr_line' id='line_1_13' title="bbox 227 1427 1153 1521; baseline 0.003 -22"><span class='ocrx_word' id='word_1_91' title='bbox 227 1430 343 1517; x_wconf 82' lang='grc' dir='ltr'><strong><em>Μικρδι</em></strong></span> <span class='ocrx_word' id='word_1_92' title='bbox 357 1431 389 1499; x_wconf 91' lang='grc' dir='ltr'><strong><em>δ’</em></strong></span> <span class='ocrx_word' id='word_1_93' title='bbox 403 1431 577 1521; x_wconf 87' lang='grc' dir='ltr'><strong><em>είπῶνήδη</em></strong></span> <span class='ocrx_word' id='word_1_94' title='bbox 591 1438 787 1518; x_wconf 88' lang='grc' dir='ltr'><strong><em>καταβαίνω.</em></strong></span> <span class='ocrx_word' id='word_1_95' title='bbox 806 1430 870 1516; x_wconf 80' lang='grc' dir='ltr'><strong><em>ἐγῶ</em></strong></span> <span class='ocrx_word' id='word_1_96' title='bbox 882 1432 957 1521; x_wconf 82' lang='grc' dir='ltr'><strong><em>γάρ,</em></strong></span> <span class='ocrx_word' id='word_1_97' title='bbox 966 1427 992 1502; x_wconf 72' lang='grc' dir='ltr'><strong><em>ω’</em></strong></span> <span class='ocrx_word' id='word_1_98' title='bbox 1001 1431 1103 1520; x_wconf 79' lang='grc' dir='ltr'><strong><em>Ἀθη-</em></strong></span> <span class='ocrx_word' id='word_1_99' title='bbox 1122 1455 1153 1509; x_wconf 79' lang='lat'><strong><em>18</em></strong></span> 
     </span>
     <span class='ocr_line' id='line_1_14' title="bbox 144 1525 1103 1620; baseline 0.002 -20"><span class='ocrx_word' id='word_1_100' title='bbox 144 1546 248 1618; x_wconf 80' lang='grc' dir='ltr'><strong><em>ναῖοι,</em></strong></span> <span class='ocrx_word' id='word_1_101' title='bbox 271 1539 331 1599; x_wconf 85' lang='grc' dir='ltr'><strong><em>τοῦ</em></strong></span> <span class='ocrx_word' id='word_1_102' title='bbox 344 1530 657 1620; x_wconf 69' lang='grc' dir='ltr'><strong><em>μένμηδὲνάδικετν</em></strong></span> <span class='ocrx_word' id='word_1_103' title='bbox 668 1529 754 1617; x_wconf 83' lang='grc' dir='ltr'><strong><em>ὑμῶς</em></strong></span> <span class='ocrx_word' id='word_1_104' title='bbox 771 1531 886 1614; x_wconf 89' lang='grc' dir='ltr'><strong><em>κύριος</em></strong></span> <span class='ocrx_word' id='word_1_105' title='bbox 901 1525 961 1618; x_wconf 87' lang='grc' dir='ltr'><strong><em>ήν,</em></strong></span> <span class='ocrx_word' id='word_1_106' title='bbox 987 1542 1049 1601; x_wconf 80' lang='grc' dir='ltr'><strong><em>τοῦ</em></strong></span> <span class='ocrx_word' id='word_1_107' title='bbox 1067 1535 1103 1602; x_wconf 76' lang='grc' dir='ltr'><strong><em>δέ</em></strong></span> 
     </span>
     <span class='ocr_line' id='line_1_15' title="bbox 144 1627 1101 1720; baseline 0.002 -23"><span class='ocrx_word' id='word_1_108' title='bbox 144 1628 188 1717; x_wconf 86' lang='grc' dir='ltr'><strong><em>μή</em></strong></span> <span class='ocrx_word' id='word_1_109' title='bbox 206 1635 290 1717; x_wconf 76' lang='grc' dir='ltr'><strong><em>ἔχειν</em></strong></span> <span class='ocrx_word' id='word_1_110' title='bbox 312 1628 451 1717; x_wconf 82' lang='grc' dir='ltr'><strong><em>αίτίανή</em></strong></span> <span class='ocrx_word' id='word_1_111' title='bbox 468 1630 565 1717; x_wconf 85' lang='grc' dir='ltr'><strong><em>τύχη,</em></strong></span> <span class='ocrx_word' id='word_1_112' title='bbox 586 1627 608 1717; x_wconf 83' lang='grc' dir='ltr'><strong><em>ή</em></strong></span> <span class='ocrx_word' id='word_1_113' title='bbox 625 1629 859 1716; x_wconf 81' lang='grc' dir='ltr'><strong><em>συνεκλήρωσέ</em></strong></span> <span class='ocrx_word' id='word_1_114' title='bbox 875 1654 915 1715; x_wconf 85' lang='grc' dir='ltr'><strong><em>με</em></strong></span> <span class='ocrx_word' id='word_1_115' title='bbox 930 1629 1101 1720; x_wconf 79' lang='grc' dir='ltr'><strong><em>άνθρῶπφ</em></strong></span> 
     </span>
     <span class='ocr_line' id='line_1_16' title="bbox 145 1725 1102 1818; baseline 0.001 -22"><span class='ocrx_word' id='word_1_116' title='bbox 145 1729 340 1816; x_wconf 78' lang='grc' dir='ltr'><strong><em>συκοφάντῃ</em></strong></span> <span class='ocrx_word' id='word_1_117' title='bbox 360 1729 537 1818; x_wconf 80' lang='grc' dir='ltr'><strong><em>βαρβάρῳ,</em></strong></span> <span class='ocrx_word' id='word_1_118' title='bbox 565 1725 602 1807; x_wconf 85' lang='grc' dir='ltr'><strong><em>δς</em></strong></span> <span class='ocrx_word' id='word_1_119' title='bbox 623 1727 701 1797; x_wconf 87' lang='grc' dir='ltr'><strong><em>ούτε</em></strong></span> <span class='ocrx_word' id='word_1_120' title='bbox 723 1732 824 1812; x_wconf 82' lang='grc' dir='ltr'><strong><em>ίερῶν</em></strong></span> <span class='ocrx_word' id='word_1_121' title='bbox 845 1727 923 1797; x_wconf 86' lang='grc' dir='ltr'><strong><em>ούτε</em></strong></span> <span class='ocrx_word' id='word_1_122' title='bbox 945 1736 1102 1798; x_wconf 85' lang='grc' dir='ltr'><strong><em>σπονδῶν</em></strong></span> 
     </span>
    </p>

    <p class='ocr_par' dir='ltr' id='par_1_6' title="bbox 74 1824 1103 2406">
     <span class='ocr_line' id='line_1_17' title="bbox 74 1824 1102 1915; baseline -0.001 -18"><span class='ocrx_word' id='word_1_123' title='bbox 74 1828 127 1887; x_wconf 72' lang='lat'><strong><em>346</em></strong></span> <span class='ocrx_word' id='word_1_124' title='bbox 145 1829 221 1897; x_wconf 81' lang='grc' dir='ltr'><strong><em>οὔτε</em></strong></span> <span class='ocrx_word' id='word_1_125' title='bbox 232 1832 390 1915; x_wconf 81' lang='grc' dir='ltr'><strong><em>τραπέζης</em></strong></span> <span class='ocrx_word' id='word_1_126' title='bbox 402 1836 597 1915; x_wconf 85' lang='grc' dir='ltr'><strong><em>φροντίσας,</em></strong></span> <span class='ocrx_word' id='word_1_127' title='bbox 618 1826 702 1896; x_wconf 84' lang='grc' dir='ltr'><strong><em>άλλά</em></strong></span> <span class='ocrx_word' id='word_1_128' title='bbox 718 1827 797 1906; x_wconf 82' lang='grc' dir='ltr'><strong><em>τούς</em></strong></span> <span class='ocrx_word' id='word_1_129' title='bbox 811 1832 857 1907; x_wconf 85' lang='grc' dir='ltr'><strong><em>είς</em></strong></span> <span class='ocrx_word' id='word_1_130' title='bbox 867 1824 928 1895; x_wconf 86' lang='grc' dir='ltr'><strong><em>τὸν</em></strong></span> <span class='ocrx_word' id='word_1_131' title='bbox 940 1831 1102 1914; x_wconf 87' lang='grc' dir='ltr'><strong><em>μέλλοντα</em></strong></span> 
     </span>
     <span class='ocr_line' id='line_1_18' title="bbox 144 1923 1103 2016; baseline -0.003 -21"><span class='ocrx_word' id='word_1_132' title='bbox 144 1925 235 2016; x_wconf 77' lang='grc' dir='ltr'><strong><em>αὑτῶι</em></strong></span> <span class='ocrx_word' id='word_1_133' title='bbox 244 1925 366 2013; x_wconf 91' lang='grc' dir='ltr'><strong><em>χρόνον</em></strong></span> <span class='ocrx_word' id='word_1_134' title='bbox 376 1925 597 2010; x_wconf 77' lang='grc' dir='ltr'><strong><em>ἀντεροῦντας</em></strong></span> <span class='ocrx_word' id='word_1_135' title='bbox 608 1929 763 2014; x_wconf 81' lang='grc' dir='ltr'><strong><em>ἐκφοβῶν</em></strong></span> <span class='ocrx_word' id='word_1_136' title='bbox 773 1923 847 2013; x_wconf 85' lang='grc' dir='ltr'><strong><em>ήκει</em></strong></span> <span class='ocrx_word' id='word_1_137' title='bbox 859 1931 966 2013; x_wconf 78' lang='grc' dir='ltr'><strong><em>ψευδῆ</em></strong></span> <span class='ocrx_word' id='word_1_138' title='bbox 977 1928 1103 1994; x_wconf 90' lang='grc' dir='ltr'><strong><em>συντά-</em></strong></span> 
     </span>
     <span class='ocr_line' id='line_1_19' title="bbox 145 2017 1102 2112; baseline -0.001 -20"><span class='ocrx_word' id='word_1_139' title='bbox 145 2030 200 2105; x_wconf 84' lang='grc' dir='ltr'><strong><em>ξας</em></strong></span> <span class='ocrx_word' id='word_1_140' title='bbox 211 2022 286 2092; x_wconf 78' lang='grc' dir='ltr'><strong><em>καθ’</em></strong></span> <span class='ocrx_word' id='word_1_141' title='bbox 299 2022 394 2111; x_wconf 85' lang='grc' dir='ltr'><strong><em>ήμῶν</em></strong></span> <span class='ocrx_word' id='word_1_142' title='bbox 405 2031 615 2111; x_wconf 91' lang='grc' dir='ltr'><strong><em>κατηγορίαν.</em></strong></span> <span class='ocrx_word' id='word_1_143' title='bbox 647 2023 707 2092; x_wconf 85' lang='grc' dir='ltr'><strong><em>ε’άν</em></strong></span> <span class='ocrx_word' id='word_1_144' title='bbox 717 2017 782 2092; x_wconf 83' lang='grc' dir='ltr'><strong><em>οὖν</em></strong></span> <span class='ocrx_word' id='word_1_145' title='bbox 793 2024 971 2112; x_wconf 79' lang='grc' dir='ltr'><strong><em>ἐθελήσητε</em></strong></span> <span class='ocrx_word' id='word_1_146' title='bbox 985 2025 1102 2105; x_wconf 78' lang='grc' dir='ltr'><strong><em>σωζειν</em></strong></span> 
     </span>
     <span class='ocr_line' id='line_1_20' title="bbox 144 2118 1103 2208; baseline 0.002 -19"><span class='ocrx_word' id='word_1_147' title='bbox 144 2120 222 2198; x_wconf 83' lang='grc' dir='ltr'><strong><em>τούς</em></strong></span> <span class='ocrx_word' id='word_1_148' title='bbox 244 2128 299 2204; x_wconf 83' lang='grc' dir='ltr'><strong><em>τής</em></strong></span> <span class='ocrx_word' id='word_1_149' title='bbox 317 2120 449 2207; x_wconf 87' lang='grc' dir='ltr'><strong><em>είρήνης</em></strong></span> <span class='ocrx_word' id='word_1_150' title='bbox 465 2122 520 2188; x_wconf 77' lang='grc' dir='ltr'><strong><em>καὶ</em></strong></span> <span class='ocrx_word' id='word_1_151' title='bbox 541 2130 598 2207; x_wconf 80' lang='grc' dir='ltr'><strong><em>τῆς</em></strong></span> <span class='ocrx_word' id='word_1_152' title='bbox 608 2118 766 2206; x_wconf 83' lang='grc' dir='ltr'><strong><em>ὑμετέρας</em></strong></span> <span class='ocrx_word' id='word_1_153' title='bbox 783 2121 894 2200; x_wconf 82' lang='grc' dir='ltr'><strong><em>άδειάς</em></strong></span> <span class='ocrx_word' id='word_1_154' title='bbox 914 2144 1103 2208; x_wconf 91' lang='grc' dir='ltr'><strong><em>συναγωνι-</em></strong></span> 
     </span>
     <span class='ocr_line' id='line_1_21' title="bbox 146 2217 1103 2308; baseline 0.004 -23"><span class='ocrx_word' id='word_1_155' title='bbox 146 2219 240 2304; x_wconf 83' lang='grc' dir='ltr'><strong><em>στάς,</em></strong></span> <span class='ocrx_word' id='word_1_156' title='bbox 262 2218 407 2298; x_wconf 84' lang='grc' dir='ltr'><strong><em>πολλούς</em></strong></span> <span class='ocrx_word' id='word_1_157' title='bbox 422 2217 574 2307; x_wconf 77' lang='grc' dir='ltr'><strong><em>βοηθούς</em></strong></span> <span class='ocrx_word' id='word_1_158' title='bbox 590 2221 728 2307; x_wconf 82' lang='grc' dir='ltr'><strong><em>λήψεται</em></strong></span> <span class='ocrx_word' id='word_1_159' title='bbox 744 2221 782 2287; x_wconf 87' lang='grc' dir='ltr'><strong><em>τὸ</em></strong></span> <span class='ocrx_word' id='word_1_160' title='bbox 806 2229 863 2307; x_wconf 81' lang='grc' dir='ltr'><strong><em>τῆς</em></strong></span> <span class='ocrx_word' id='word_1_161' title='bbox 875 2222 1001 2299; x_wconf 88' lang='grc' dir='ltr'><strong><em>πόλεως</em></strong></span> <span class='ocrx_word' id='word_1_162' title='bbox 1016 2241 1103 2308; x_wconf 89' lang='grc' dir='ltr'><strong><em>συμ-</em></strong></span> 
     </span>
     <span class='ocr_line' id='line_1_22' title="bbox 145 2316 907 2406; baseline 0.001 -20"><span class='ocrx_word' id='word_1_163' title='bbox 145 2323 251 2404; x_wconf 88' lang='grc' dir='ltr'><strong><em>φέρον</em></strong></span> <span class='ocrx_word' id='word_1_164' title='bbox 263 2321 316 2385; x_wconf 80' lang='grc' dir='ltr'><strong><em>καδ</em></strong></span> <span class='ocrx_word' id='word_1_165' title='bbox 328 2319 538 2387; x_wconf 83' lang='grc' dir='ltr'><strong><em>κινδυνεύειν</em></strong></span> <span class='ocrx_word' id='word_1_166' title='bbox 549 2316 632 2404; x_wconf 72' lang='grc' dir='ltr'><strong><em>ὑπὲρ</em></strong></span> <span class='ocrx_word' id='word_1_167' title='bbox 644 2316 739 2406; x_wconf 84' lang='grc' dir='ltr'><strong><em>ὑμῶν</em></strong></span> <span class='ocrx_word' id='word_1_168' title='bbox 750 2323 907 2405; x_wconf 86' lang='grc' dir='ltr'><strong><em>ἑτοίμους.</em></strong></span> 
     </span>
    </p>

    <p class='ocr_par' dir='ltr' id='par_1_7' title="bbox 143 2417 1153 3200">
     <span class='ocr_line' id='line_1_23' title="bbox 228 2417 1153 2505; baseline 0.004 -22"><span class='ocrx_word' id='word_1_169' title='bbox 228 2424 419 2500; x_wconf 88' lang='grc' dir='ltr'><strong><em>Παρακαλῶ</em></strong></span> <span class='ocrx_word' id='word_1_170' title='bbox 442 2417 478 2485; x_wconf 79' lang='grc' dir='ltr'><strong><em>δὲ</em></strong></span> <span class='ocrx_word' id='word_1_171' title='bbox 492 2417 672 2505; x_wconf 79' lang='grc' dir='ltr'><strong><em>Εὔβουλον</em></strong></span> <span class='ocrx_word' id='word_1_172' title='bbox 694 2418 755 2504; x_wconf 74' lang='grc' dir='ltr'><strong><em>μὲν</em></strong></span> <span class='ocrx_word' id='word_1_173' title='bbox 775 2422 811 2487; x_wconf 87' lang='grc' dir='ltr'><strong><em>έκ</em></strong></span> <span class='ocrx_word' id='word_1_174' title='bbox 832 2426 900 2486; x_wconf 91' lang='grc' dir='ltr'><strong><em>τῶν</em></strong></span> <span class='ocrx_word' id='word_1_175' title='bbox 922 2427 1102 2487; x_wconf 91' lang='grc' dir='ltr'><strong><em>πολιτικῶν</em></strong></span> <span class='ocrx_word' id='word_1_176' title='bbox 1120 2425 1153 2480; x_wconf 83' lang='grc'><strong><em>18</em></strong></span> 
     </span>
     <span class='ocr_line' id='line_1_24' title="bbox 144 2513 1100 2605; baseline 0.005 -22"><span class='ocrx_word' id='word_1_177' title='bbox 144 2518 197 2583; x_wconf 84' lang='grc' dir='ltr'><strong><em>καὶ</em></strong></span> <span class='ocrx_word' id='word_1_178' title='bbox 221 2516 410 2600; x_wconf 90' lang='grc' dir='ltr'><strong><em>σωφρόνων</em></strong></span> <span class='ocrx_word' id='word_1_179' title='bbox 432 2513 566 2600; x_wconf 90' lang='grc' dir='ltr'><strong><em>άνδρῶν</em></strong></span> <span class='ocrx_word' id='word_1_180' title='bbox 587 2518 793 2605; x_wconf 88' lang='grc' dir='ltr'><strong><em>συνήγορον,</em></strong></span> <span class='ocrx_word' id='word_1_181' title='bbox 823 2526 987 2588; x_wconf 90' lang='grc' dir='ltr'><strong><em>Φωκίωνα</em></strong></span> <span class='ocrx_word' id='word_1_182' title='bbox 1009 2518 1041 2587; x_wconf 88' lang='grc' dir='ltr'><strong><em>δ’</em></strong></span> <span class='ocrx_word' id='word_1_183' title='bbox 1065 2524 1100 2588; x_wconf 85' lang='grc' dir='ltr'><strong><em>ἐκ</em></strong></span> 
     </span>
     <span class='ocr_line' id='line_1_25' title="bbox 143 2613 1101 2705; baseline 0.006 -26"><span class='ocrx_word' id='word_1_184' title='bbox 143 2622 212 2680; x_wconf 87' lang='grc' dir='ltr'><strong><em>τῶν</em></strong></span> <span class='ocrx_word' id='word_1_185' title='bbox 229 2623 437 2700; x_wconf 88' lang='grc' dir='ltr'><strong><em>στρατηγῶν,</em></strong></span> <span class='ocrx_word' id='word_1_186' title='bbox 460 2613 528 2701; x_wconf 82' lang='grc' dir='ltr'><strong><em>άμα</em></strong></span> <span class='ocrx_word' id='word_1_187' title='bbox 549 2617 656 2684; x_wconf 76' lang='grc' dir='ltr'><strong><em>δὲκαὶ</em></strong></span> <span class='ocrx_word' id='word_1_188' title='bbox 673 2615 870 2705; x_wconf 85' lang='grc' dir='ltr'><strong><em>δικαιοσύνη</em></strong></span> <span class='ocrx_word' id='word_1_189' title='bbox 887 2618 1101 2704; x_wconf 86' lang='grc' dir='ltr'><strong><em>διενηνοχότα</em></strong></span> 
     </span>
     <span class='ocr_line' id='line_1_26' title="bbox 144 2710 1103 2803; baseline 0.006 -27"><span class='ocrx_word' id='word_1_190' title='bbox 144 2710 288 2796; x_wconf 84' lang='grc' dir='ltr'><strong><em>πόντων,</em></strong></span> <span class='ocrx_word' id='word_1_191' title='bbox 297 2714 333 2779; x_wconf 86' lang='grc' dir='ltr'><strong><em>έκ</em></strong></span> <span class='ocrx_word' id='word_1_192' title='bbox 345 2712 381 2780; x_wconf 73' lang='grc' dir='ltr'><strong><em>δὲ</em></strong></span> <span class='ocrx_word' id='word_1_193' title='bbox 390 2719 459 2779; x_wconf 90' lang='grc' dir='ltr'><strong><em>τῶν</em></strong></span> <span class='ocrx_word' id='word_1_194' title='bbox 471 2719 578 2798; x_wconf 88' lang='grc' dir='ltr'><strong><em>φίλων</em></strong></span> <span class='ocrx_word' id='word_1_195' title='bbox 588 2719 642 2782; x_wconf 78' lang='grc' dir='ltr'><strong><em>καὶ</em></strong></span> <span class='ocrx_word' id='word_1_196' title='bbox 653 2722 720 2783; x_wconf 90' lang='grc' dir='ltr'><strong><em>τῶν</em></strong></span> <span class='ocrx_word' id='word_1_197' title='bbox 729 2713 913 2803; x_wconf 81' lang='grc' dir='ltr'><strong><em>ἡλικιωτῶν</em></strong></span> <span class='ocrx_word' id='word_1_198' title='bbox 921 2723 989 2783; x_wconf 88' lang='grc' dir='ltr'><strong><em>τῶν</em></strong></span> <span class='ocrx_word' id='word_1_199' title='bbox 999 2719 1103 2802; x_wconf 79' lang='grc' dir='ltr'><strong><em>ἐμαυ-</em></strong></span> 
     </span>
     <span class='ocr_line' id='line_1_27' title="bbox 143 2809 1101 2901; baseline 0.008 -27"><span class='ocrx_word' id='word_1_200' title='bbox 143 2817 204 2874; x_wconf 86' lang='grc' dir='ltr'><strong><em>τοῦ</em></strong></span> <span class='ocrx_word' id='word_1_201' title='bbox 212 2813 404 2877; x_wconf 88' lang='grc' dir='ltr'><strong><em>Ναυσικλέα</em></strong></span> <span class='ocrx_word' id='word_1_202' title='bbox 415 2812 469 2878; x_wconf 86' lang='grc' dir='ltr'><strong><em>καὶ</em></strong></span> <span class='ocrx_word' id='word_1_203' title='bbox 481 2809 560 2889; x_wconf 85' lang='grc' dir='ltr'><strong><em>τούς</em></strong></span> <span class='ocrx_word' id='word_1_204' title='bbox 572 2812 694 2893; x_wconf 77' lang='grc' dir='ltr'><strong><em>ἄλλους</em></strong></span> <span class='ocrx_word' id='word_1_205' title='bbox 705 2812 867 2898; x_wconf 79' lang='grc' dir='ltr'><strong><em>ἅπαντας,</em></strong></span> <span class='ocrx_word' id='word_1_206' title='bbox 886 2809 1025 2882; x_wconf 80' lang='grc' dir='ltr'><strong><em>οἷστισιν</em></strong></span> <span class='ocrx_word' id='word_1_207' title='bbox 1036 2815 1101 2901; x_wconf 82' lang='grc' dir='ltr'><strong><em>έγῶ</em></strong></span> 
     </span>
     <span class='ocr_line' id='line_1_28' title="bbox 143 2908 1101 3000; baseline 0.013 -30"><span class='ocrx_word' id='word_1_208' title='bbox 143 2909 300 2990; x_wconf 83' lang='grc' dir='ltr'><strong><em>κέχρημαι</em></strong></span> <span class='ocrx_word' id='word_1_209' title='bbox 313 2909 368 2974; x_wconf 81' lang='grc' dir='ltr'><strong><em>καὶ</em></strong></span> <span class='ocrx_word' id='word_1_210' title='bbox 384 2917 453 2974; x_wconf 85' lang='grc' dir='ltr'><strong><em>τῶν</em></strong></span> <span class='ocrx_word' id='word_1_211' title='bbox 468 2908 580 2978; x_wconf 88' lang='grc' dir='ltr'><strong><em>αύτῶν</em></strong></span> <span class='ocrx_word' id='word_1_212' title='bbox 592 2913 858 3000; x_wconf 78' lang='grc' dir='ltr'><strong><em>ἐπιτηδευμάτων</em></strong></span> <span class='ocrx_word' id='word_1_213' title='bbox 870 2918 1059 3000; x_wconf 87' lang='grc' dir='ltr'><strong><em>μετέσχηκα.</em></strong></span> <span class='ocrx_word' id='word_1_214' title='bbox 1084 2912 1101 2981; x_wconf 87' lang='grc' dir='ltr'>ὁ</span> 
     </span>
     <span class='ocr_line' id='line_1_29' title="bbox 143 2999 1103 3101; baseline 0.007 -28"><span class='ocrx_word' id='word_1_215' title='bbox 143 3005 205 3090; x_wconf 73' lang='grc' dir='ltr'><strong><em>μὲν</em></strong></span> <span class='ocrx_word' id='word_1_216' title='bbox 222 2999 286 3073; x_wconf 77' lang='grc' dir='ltr'><strong><em>οὖν</em></strong></span> <span class='ocrx_word' id='word_1_217' title='bbox 304 3005 381 3091; x_wconf 84' lang='grc' dir='ltr'><strong><em>ἐμός</em></strong></span> <span class='ocrx_word' id='word_1_218' title='bbox 396 3009 495 3093; x_wconf 87' lang='grc' dir='ltr'><strong><em>λόγος</em></strong></span> <span class='ocrx_word' id='word_1_219' title='bbox 513 3021 654 3098; x_wconf 74' lang='grc' dir='ltr'><strong><em>εἴρηται,</em></strong></span> <span class='ocrx_word' id='word_1_220' title='bbox 675 3011 712 3082; x_wconf 84' lang='grc' dir='ltr'><strong><em>τό</em></strong></span> <span class='ocrx_word' id='word_1_221' title='bbox 732 3015 768 3083; x_wconf 73' lang='grc' dir='ltr'><strong><em>δὲ</em></strong></span> <span class='ocrx_word' id='word_1_222' title='bbox 789 3021 884 3101; x_wconf 87' lang='grc' dir='ltr'><strong><em>σῶμα</em></strong></span> <span class='ocrx_word' id='word_1_223' title='bbox 899 3012 1103 3101; x_wconf 86' lang='grc' dir='ltr'><strong><em>τούμόνήδν</em></strong></span> 
     </span>
     <span class='ocr_line' id='line_1_30' title="bbox 145 3105 819 3200; baseline 0.015 -30"><span class='ocrx_word' id='word_1_224' title='bbox 145 3110 372 3190; x_wconf 88' lang='grc' dir='ltr'><strong><em>παραδίδωσιν</em></strong></span> <span class='ocrx_word' id='word_1_225' title='bbox 384 3105 464 3194; x_wconf 82' lang='grc' dir='ltr'><strong><em>ύμῖν</em></strong></span> <span class='ocrx_word' id='word_1_226' title='bbox 475 3112 529 3177; x_wconf 80' lang='grc' dir='ltr'><strong><em>καὶ</em></strong></span> <span class='ocrx_word' id='word_1_227' title='bbox 541 3113 604 3196; x_wconf 84' lang='grc' dir='ltr'><strong><em>έγῶ</em></strong></span> <span class='ocrx_word' id='word_1_228' title='bbox 616 3116 668 3180; x_wconf 74' lang='grc' dir='ltr'><strong><em>καὶ</em></strong></span> <span class='ocrx_word' id='word_1_229' title='bbox 682 3110 819 3200; x_wconf 82' lang='grc' dir='ltr'><strong><em>ὁνόμος.</em></strong></span> 
     </span>
    </p>
   </div>
   <div class='ocr_carea' id='block_1_3' title="bbox 0 0 1177 3916">
    <p class='ocr_par' dir='ltr' id='par_1_8' title="bbox 0 0 1177 3916">
     <span class='ocr_line' id='line_1_31' title="bbox 0 0 1177 3916; baseline 0 0"><span class='ocrx_word' id='word_1_230' title='bbox 0 0 1177 3916; x_wconf 95' lang='lat' dir='ltr'><strong><em> </em></strong></span> 
     </span>
    </p>
   </div>
  </div>
 </body>
</html>
