2340 3916
265 245 385 302 ΠΕΡΙ
408 244 840 302 ΠΑΡΑΠΡΕΣΒΕΙΑΣ.
994 241 1035 307 79

434 408 677 469 MAPTYPIA.

21 515 57 571 5⁶
166 497 236 586 Τήν
251 499 313 586 μὲν
323 507 441 567 τοίνυν
457 505 637 567 κοινωνίαν
655 507 721 568 τῶν
739 504 814 587 περὶ
832 511 889 587 τῆς
902 501 1034 590 είρήνης
1048 515 1101 571 235

79 598 230 687 πράξεων
242 595 303 666 οὐκ
322 596 404 684 ἐμήν
421 601 476 666 καὶ
489 598 731 684 Φιλοκράτους,
755 597 838 668 άλλά
850 603 1033 687 Δημοσθέ-

80 725 163 776 νους
176 700 231 766 καὶ
243 698 473 785 Φιλοκράτους
486 695 669 783 εὑρίσκετε,
690 697 814 777 καὶτὰς
832 705 954 778 πίστεις
964 707 1032 766 τῶν

80 802 262 884 εἰρημένων
279 795 397 875 ἱκανάς
413 794 493 882 ὑμῖν
512 795 602 883 οἶμαι
618 805 862 884 παρεσχῆσθαι·
885 805 953 865 τῶν
971 798 1031 882 μέν

78 898 142 982 γάρ
154 895 412 983 ἀπηγγελμένων
422 894 515 980 ὑμεῖς
527 898 598 962 ἐστε
609 921 664 981 μοι
676 895 856 982 μάρτυρες,
868 904 938 963 τῶν
949 893 980 963 δ’
995 899 1032 963 ἐν

78 1000 276 1084 Μακεδονίᾳ
288 997 463 1082 ῥηθέντων
480 995 616 1060 καὶτῶν
627 990 709 1059 κατά
727 992 789 1078 τήν
805 989 1032 1079 πορείανήμῐν

78 1096 279 1182 συμβάντων
296 1091 375 1170 τούς
394 1094 614 1178 συμπρέσβεις
637 1088 718 1176 ύμῖν
734 1092 906 1177 μάρτυρας
928 1116 1031 1175 παρε-

79 1193 214 1279 σχόμην.
235 1199 293 1278 τής
315 1193 351 1260 δέ
372 1190 439 1258 ύπδ
455 1193 698 1275 Δημοσθένους
720 1187 838 1276 άρτίως
859 1193 1031 1277 εἰρημένης

78 1299 275 1377 κατηγορίας
297 1287 462 1375 η’κούσατε
485 1291 541 1355 καὶ
561 1291 749 1374 μέμνησθε,
783 1282 823 1374 ής
844 1290 905 1375 τήν
927 1289 1032 1376 άρχήν
1047 1306 1100 1361 236

79 1389 254 1475 ἐποιήσατο
269 1385 334 1455 άπδ
349 1395 407 1472 τῆς
419 1392 635 1473 δημηγορίας,
653 1385 697 1472 ἣν
708 1384 802 1455 είπον
812 1386 875 1472 ἐγιδ
888 1391 962 1472 περὶ
973 1397 1030 1476 τῆς

23 1502 57 1558 57
80 1486 219 1572 είρήνης.
253 1485 361 1551 πάντα
380 1483 415 1551 δέ
432 1488 468 1551 ἐν
485 1491 534 1572 τῷ
544 1488 635 1569 μέρει
645 1483 752 1572 τούτῳ
764 1493 821 1570 τῆς
832 1493 1029 1572 κατηγορίας

78 1585 278 1670 ἐψευσμένος
301 1586 352 1651 ἐπὶ
374 1590 421 1670 τῷ
443 1588 547 1670 καιρῷ
566 1583 672 1671 τούτῳ
698 1586 813 1661 δεινάς
835 1586 1028 1668 ἐσχετλίασε.

78 1682 156 1762 τούς
173 1681 238 1768 γάρ
255 1684 376 1769 λόγους
394 1684 535 1761 τούτους
552 1685 705 1750 ἐναντίον
717 1687 797 1769 φησί
808 1693 877 1752 ταῖν
888 1691 1028 1773 πρέσβε-

80 1809 126 1851 ων
136 1784 308 1868 λέγεσθαι,
332 1779 391 1859 ούς
403 1788 555 1866 ἔπεμψαν
571 1780 655 1864 πρὸς
664 1780 749 1867 ἡμᾶς
761 1786 795 1848 οί
806 1781 961 1868 Ἕλληνες
971 1810 1031 1869 με-

78 1886 327 1968 ταπεμφθέντες
340 1879 405 1948 ὑπὸ
418 1890 478 1947 τοῦ
491 1882 620 1966 δήμου,
633 1885 689 1947 ἵνα
700 1888 796 1968 κοινῇ
808 1885 862 1950 καὶ
874 1892 1029 1968 πολεμολ-
1044 1900 1096 1958 237

79 2007 132 2064 εν,
145 1985 175 2047 εί
185 1982 267 2064 δέοι,
281 1985 432 2067 Φιλίππω
444 1977 524 2064 μετά
533 1977 734 2064 Ἀθηναίων,
747 1983 801 2047 καί
812 1988 868 2067 τῆς
885 1982 1028 2067 είρήνης,

78 2085 110 2146 εί
118 2085 217 2146 τοῦτο
230 2077 314 2145 εἶναι
326 2082 440 2162 δοκοίη
452 2084 636 2164 συμφέρον,
648 2081 822 2163 μετέχοιεν.
857 2083 1028 2158 σκέψασθε

79 2175 120 2263 δή
139 2176 329 2261 πράγματος
347 2176 493 2261 μεγάλου
513 2175 706 2262 κλοπήνκαὶ
724 2178 836 2262 δεινήν
848 2176 1043 2263 άναισχυυ-’

21 2289 57 2344 58
75 2282 150 2341 τίαν
161 2273 356 2358 άνθρύπου.
389 2283 457 2342 των
468 2273 532 2360 γάρ
549 2278 737 2361 πρέσβεων,
760 2273 818 2355 ούς
830 2280 1026 2361 ἐξεπέμψατε

31 2400 33 2408 ’
78 2378 124 2450 είς
140 2371 201 2458 τήν
217 2371 358 2441 Ἐλλάδα
371 2378 417 2441 ἐτι
433 2380 494 2440 τοῦ
513 2375 658 2458 πολέμου
675 2372 758 2459 πρὸς
770 2382 936 2442 Φίλιππον
947 2375 1028 2462 ύμῖν

78 2470 305 2556 ἐνεστηκότος,
324 2475 358 2538 os
365 2471 427 2556 μέν
443 2470 559 2556 χρόνοι
569 2479 627 2556 τής
638 2476 808 2557 αἱρέσεως,
829 2471 1028 2559 ὅτεέξεπέμ-

79 2581 234 2657 φδησαν,
257 2572 312 2637 καὶ
329 2568 369 2637 τά
382 2577 450 2637 τῶν
462 2569 740 2655 πρεσβευσάντων
757 2567 903 2654 ὀνόματα
914 2574 951 2638 ἐν
962 2585 1029 2650 τοῖς
1045 2592 1097 2648 233

79 2673 247 2753 δημοσίοις
258 2665 502 2754 ἀναγέγραπται
514 2667 700 2756 γράμμασι,
717 2667 758 2734 τά
770 2671 806 2735 δὲ
817 2668 951 2753 στύματα
964 2667 1027 2736 αύ-

78 2776 146 2834 των
157 2770 246 2834 ἐστιν
264 2765 326 2833 ούκ
343 2771 379 2834 ἐν
390 2773 602 2855 Μακεδονία,
628 2763 696 2836 ἀλλ’
713 2764 887 2854 Ἀθήνησι·
910 2784 980 2848 ταῖς
992 2772 1027 2836 δὲ

78 2872 218 2946 ξενικαῖς
230 2873 417 2953 πρεσβείαις
428 2865 449 2952 ή
462 2867 567 2954 βουλή
585 2865 644 2946 τάς
656 2874 701 2945 είς
711 2865 771 2934 τὸν
783 2872 889 2953 δήμον
900 2868 1027 2953 προσό-

78 2970 158 3044 δους
170 2965 405 3051 προβουλεύει·
427 2959 524 3044 οὗτος
536 2972 573 3034 δέ
584 2987 686 3053 φησιν
698 2967 876 3052 ἐφεστάναι
888 2969 945 3046 τάς
959 2966 1025 3035 άπὸ

17 3075 55 3133 59
77 3073 145 3131 των
162 3060 328 3149 Ἑλλήνων
344 3069 527 3150 πρεσβείας.
560 3066 740 3148 παρελθών
754 3070 887 3150 τοίνυν,
909 3063 1027 3149 Δημύ-

79 3176 214 3247 σθενες,
238 3165 290 3230 ἐπὶ
308 3161 345 3230 τδ
364 3170 453 3249 βήμα
470 3170 568 3231 τούτο
588 3167 624 3230 ἐν
641 3172 689 3251 τῷ
699 3167 766 3252 ἐμῷ
779 3163 866 3250 λόγῳ
881 3162 950 3229 είπὲ
964 3160 1028 3229 πό·
1069 3158 1078 3163 ’

79 3273 161 3341 λεως
171 3254 304 3348 ἧστινος
315 3263 432 3350 βούλει
448 3261 633 3347 Ἑλληνίδος
652 3259 816 3346 τοῦνομα,
840 3263 872 3340 ἐξ
890 3254 929 3345 ής
948 3258 1028 3346 άφί-

78 3372 158 3448 χθαι
176 3361 249 3429 τότε
267 3361 331 3446 φὴς
342 3360 419 3439 τούς
436 3364 603 3448 πρέσβεις·
624 3361 680 3429 καὶ
696 3357 735 3426 τά
754 3355 1029 3445 προβουλεύματα
1043 3370 1096 3426 23⁹

81 3457 194 3526 αύτων
213 3463 249 3528 ἐκ
259 3468 321 3526 τοῦ
337 3466 577 3546 βουλευτηρίου
589 3455 645 3536 δδς
657 3456 866 3539 άναγνύναι,
886 3455 1034 3530 καὶτοὺς
