2340 3916
75 201 191 252 XLVIII
362 186 569 238 PRAEFATIO
588 186 742 239 carmon.

76 381 138 419 sam
152 379 209 418 rein
225 360 367 416 curaverit.
382 359 453 414 Idem
467 359 507 413 vir
520 358 615 414 doctus
631 358 790 433 Calydonern
810 368 921 416 nostrae
935 361 1040 417 oratio·

79 450 123 502 nis
146 463 201 501 non
221 445 355 500 diversum
378 459 438 498 esse
458 442 559 499 iudicat
580 442 674 506 abeo,
695 444 822 500 adversus
839 460 918 517 quem
934 446 1040 501 oratio·

79 547 143 587 nem
155 515 229 601 πρὸς
245 522 410 582 Καλυδῶ-να
428 518 586 598 ἐπιτροπῆς
600 527 740 600 scripserit
752 528 858 585 Isaeus:
878 529 905 583 in
921 534 1039 601 utraque

81 622 170 671 autem
184 628 264 668 causa
278 611 466 684 Hagnotheum
481 609 565 666 fuisse
581 609 722 684 Calydonis
736 611 926 674 adversarium,
942 628 1040 685 quarn·

78 700 120 754 vis
140 697 228 771 prImo
255 696 363 768 quidem
386 700 497 767 aspectu
521 710 608 767 prope
632 696 806 752 temerarium
830 712 889 752 esse
916 695 1041 752 videatur

79 789 203 839 statuere
225 778 329 836 Isaeum
348 778 429 834 modo
453 777 496 832 his
515 778 596 833 modo
617 776 671 833 illis
691 780 814 852 partibus
832 795 943 853 operam
962 796 1039 835 suam

80 866 219 922 tribuisse.
242 861 320 928 Quod
338 868 427 917 tamen
441 861 529 916 rninus
543 861 641 916 mirum
656 861 715 918 fore
727 864 786 936 ipsa
800 863 944 936 fragmenti
957 863 1041 920 verba

81 947 244 1023 inspIoienti.
275 946 320 1002 Eis
341 945 412 1001 enim
432 952 551 1000 actorem
573 943 716 1017 aliquando
735 947 820 1002 fuisse
834 947 979 1003 adversarii
995 954 1042 1002 tu·

81 1042 171 1090 torem
182 1028 321 1091 declarari,
333 1029 452 1085 uoniam
463 1045 531 1084 esse.
546 1029 630 1084 Actor
640 1030 710 1085 enim
721 1029 836 1104 pupillo,
851 1038 946 1104 postea
958 1047 1042 1104 quam

82 1119 106 1172 is
125 1115 167 1171 sui
182 1113 249 1170 iuris
265 1113 352 1169 Iactus
368 1119 439 1174 erat,
455 1112 526 1167 hona
540 1112 702 1169 tradiderat:
725 1114 823 1187 quibus
838 1116 942 1171 interea
960 1115 1042 1171 dissi·

81 1200 153 1274 patis
177 1195 298 1271 pupillus
318 1197 389 1252 hona
421 1195 506 1270 ipsius
528 1197 627 1253 tutoris
653 1198 736 1269 petit.
759 1215 845 1271 eaque
868 1216 913 1254 res
936 1199 1042 1272 optime

81 1281 208 1340 convenit
231 1297 328 1336 causae
347 1268 483 1352 ἐξούλης,
513 1296 592 1353 quam
620 1281 727 1353 quidem
759 1281 824 1338 alias
847 1299 956 1356 quoque
977 1285 1051 1352 cum'

83 1383 165 1423 causa
187 1358 344 1435 ἐπιτροπῆς
369 1364 540 1421 corriuuctam
559 1381 620 1422 esse
637 1373 752 1421 constat.
778 1365 832 1423 Iam
846 1368 917 1425 inter
931 1383 1042 1422 causam

83 1450 116 1507 ab
131 1448 290 1521 Hagnotheo
307 1454 393 1504 actam
406 1434 479 1520 πρός
495 1443 661 1505 Καλυδῶνα
673 1441 832 1522 ἐπιτροπῆς
847 1458 875 1506 et
885 1467 993 1507 causam
1006 1449 1043 1506 ab

84 1533 217 1606 Calydone
233 1539 319 1587 actam
334 1519 407 1605 πρὸς
419 1519 582 1606 Ἁγνόθεον
597 1523 716 1604 ἐξούλης
730 1532 835 1607 aliquot
854 1551 938 1590 annos
956 1534 1043 1589 inter·

82 1619 169 1674 ieetos
187 1633 247 1671 esse
268 1614 411 1671 verisimile
432 1623 487 1678 est,
509 1624 541 1672 ut
562 1615 664 1672 nullam
683 1618 736 1674 iam
750 1618 925 1674 oIIensionem
940 1617 1043 1673 hahere

82 1702 206 1757 videatur
230 1699 303 1770 quod
327 1699 359 1755 ab
381 1717 435 1755 una
454 1698 619 1772 litiganuum
631 1709 708 1774 parte
724 1702 756 1758 ad
774 1701 887 1759 alteram
900 1701 1043 1757 transierit

83 1786 184 1842 Isaeus.
214 1781 338 1839 Ceterum
353 1782 468 1839 alterum
484 1779 533 1845 Fr.
549 1779 588 1840 23
605 1785 639 1840 ad
656 1785 726 1843 hanc
739 1787 888 1842 orationem
902 1785 1042 1858 pertInere

84 1875 159 1924 recte
171 1867 224 1922 iam
239 1866 339 1924 dudum
355 1868 509 1941 suspicatus
527 1875 569 1923 est
589 1869 659 1924 idern
674 1869 906 1926 Westermannus.
939 1857 1043 1924 Ῥοτό-

84 1950 212 2016 osona.
241 1937 299 2006 όπό
320 1967 373 2005 τον
395 1946 455 2007 τῶν
474 1968 526 2023 ego
546 1951 579 2008 de
598 1969 659 2008 meo
674 1954 786 2009 correxi.
814 1953 878 2010 Erat
894 1937 953 2008 όκό
973 1949 1043 2007 τῶν.

84 2034 115 2090 V.
131 2034 150 2107 S
166 2041 190 2092 l.
206 2039 231 2090 λ.
249 2039 274 2093 4.
290 2044 315 2093 5.
331 2029 345 2112 ΙΙ
357 2031 418 2089 τῶν
441 2021 621 2110 dictatoriae]
647 2034 724 2093 Bodl.
746 2046 774 2093 et
795 2044 874 2093 vetus
894 2035 1042 2093 Schaeferi.

85 2118 151 2175 Erat
167 2112 406 2189 ίδίων,(1οοιιὶκι
422 2117 546 2176 lectionis
562 2120 667 2193 origine
685 2138 709 2174 v.
725 2119 869 2195 Sauppius.
1026 2126 1032 2137 ‘

170 2195 248 2276 31.
271 2190 431 2276 Ἁγνόθεον
448 2203 557 2276 egregia
576 2210 619 2259 est
640 2202 733 2260 Cohoti
753 2203 814 2260 Var.
836 2203 921 2261 Lectt.
941 2221 970 2277 p.
990 2208 1042 2262 271

84 2286 236 2343 emendatio
257 2285 319 2343 coll.
337 2286 466 2360 Harpocr.
483 2304 508 2340 v.
529 2279 774 2359 ἐπισημαίνεσθαι
794 2287 831 2362 (p.
845 2293 880 2348 82
897 2284 965 2360 nn).
978 2286 1045 2342 Erat

83 2356 280 2445 ἀγνοηθέντα.
306 2370 381 2427 Viam
404 2371 564 2427 monstravit
583 2371 719 2431 liobraeus
739 2388 838 2428 nomen
859 2370 944 2428 latere
967 2370 1044 2428 ooni-

83 2455 160 2511 ciens
186 2451 265 2527 quale
286 2442 486 2529 Ἀγλαοοθένη
506 2448 520 2533 ΙΙ
540 2441 605 2511 ἀλλ’
623 2442 696 2511 όντα
716 2472 749 2529 γε
767 2441 948 2527 ιἰδελφιδοῦν
972 2439 1045 2527 ἐμόν

85 2532 136 2595 καὶ
157 2529 262 2613 κόριον
287 2555 320 2596 ex
340 2539 453 2596 Dobraei
478 2539 665 2597 emendatione
686 2540 796 2613 scripsi:
819 2527 884 2595 ἀλλ’
902 2529 939 2594 οὗ
958 2530 990 2594 τό
1009 2555 1045 2612 γε

84 2608 187 2692 όιλελφ.
216 2611 286 2696 ἐμὸν
309 2616 360 2677 καί
381 2613 486 2718 κόριον
507 2623 645 2680 Schaeferi
661 2630 754 2686 vetus,
775 2625 846 2681 unde
868 2623 1005 2697 Sauppius
1019 2618 1048 2677 εί

87 2701 135 2776 δέ,
150 2692 213 2760 ἀλλ’
237 2723 291 2761 ooo
305 2697 402 2782 τόνγε
416 2701 594 2778 αδελφιὸοὖν
613 2693 682 2781 ἐμόν
697 2694 785 2777 όντα,
801 2699 922 2780 κόριοντ
940 2704 1044 2764 Bodlei.

86 2791 168 2846 habet
180 2778 244 2844 ἄλλ’
261 2777 340 2847 νότοι
353 2808 386 2864 γε
403 2771 457 2846 οὖν
474 2779 576 2862 ἆόελφ.
597 2779 667 2864 ἐμόν
689 2809 716 2846 κ.
732 2810 760 2846 κ.
775 2784 790 2871 ΙΙ
804 2787 828 2868 3
842 2786 872 2849 2.
889 2783 1046 2865 ἑταιρείαις

86 2873 222 2947 Sauppius
240 2872 303 2930 coll.
319 2875 425 2931 Baitero
448 2875 480 2931 ad
503 2875 585 2932 isocr.
608 2874 707 2950 Paneg.
729 2867 1044 2969 ρ.51ιη.Ιιίίιολὲται-

88 2955 166 3028 ρίαις
181 2951 194 3033 ΙΙ
208 2943 247 3024 ὦς
262 2943 300 3011 όν
315 2936 700 3034 οὖν]ι,,ηοοοοοάοοοιοηιιο“.
711 2976 766 3015 ουν
775 2959 884 3018 inclusit
896 2958 1045 3019 Bekkerus.

86 3044 122 3097 At
140 3059 165 3094 v.
187 3041 273 3100 Leott.
295 3041 357 3117 Iys.
381 3059 408 3116 p.
429 3049 463 3103 32
476 3040 549 3116 (326)
565 3051 593 3100 et
608 3042 755 3101 Comment.
768 3045 827 3101 crit.
845 3051 928 3118 p.1l.
944 3035 957 3121 ΙΙ
974 3038 997 3118 3
1014 3039 1044 3099 3.

87 3120 200 3181 ἐκτῶν
223 3123 407 3201 μαρτνριῶνς
433 3128 539 3201 egode
558 3143 628 3184 meo.
651 3127 718 3184 Cett.
740 3121 852 3184 ἐκτῶν
877 3118 1045 3201 μαρτύρων.

86 3208 155 3267 lIIud
179 3217 207 3267 et
222 3211 390 3268 concinnitas
410 3211 535 3285 postulat
553 3219 582 3269 et
604 3228 644 3268 or.
667 3205 815 3291 832811
835 3208 859 3288 3
876 3209 905 3266 4.
926 3202 1046 3266 διώκων

86 3287 192 3370 ταῦτα]
210 3293 344 3369 Sauppius
360 3296 476 3353 coniecit
489 3290 588 3351 δίκαια
601 3290 696 3350 ποιῶν
711 3286 808 3352 πάντα
817 3297 859 3353 vel
876 3295 963 3367 simile
979 3295 1046 3368 quid

87 3379 218 3452 scriptum
238 3378 331 3436 fuisse.
360 3374 373 3456 Η
399 3372 450 3434 καί
468 3367 585 3456 λόγους]
608 3371 660 3433 καί
684 3377 858 3455 κακολογίας
877 3379 947 3439 coni.
967 3377 996 3432 G.
1011 3379 1044 3433 A.

87 3461 256 3536 urrscargtus
277 3462 374 3519 rarior.
404 3462 469 3538 Vp.
492 3471 550 3524 aaa.
585 3463 644 3520 non
667 3480 745 3538 opus.
771 3463 824 3520 cn.
847 3481 887 3520 or.
910 3471 924 3521 1
947 3462 965 3534 s
986 3468 1012 3522 o.
1028 3453 1044 3540 Η
