2340 3916
122 99 125 111 Ι
161 165 226 228 104
577 155 707 221 ῙΣΑΙΟΤ
882 189 885 200 ·
1024 160 1076 211 On.
1096 160 1123 212 Β.

161 327 224 418 τὴν
260 327 342 420 ίμῆν
373 328 483 418 τήθην
517 319 622 400 οὖσαν
644 325 802 416 άνευιάν,
839 332 870 412 ἐξ
894 326 1041 418 άδελφῆς
1065 334 1125 418 τῆς

163 426 270 500 αὐτου
291 428 413 521 μητρὸς
437 427 541 517 αὐτὴν
568 431 800 518 γεγενημένην.
842 433 951 517 ἐκείνη
975 431 1037 518 μὲν
1059 423 1125 503 οὖν

163 529 389 619 συνοικήσασα
416 527 457 601 οὐ
484 528 591 600 πολύν
611 528 748 621 χρόνον,
778 532 919 599 τεκοῦσα
947 526 1040 623 αὐτῷ
1061 529 1125 620 τὴν

164 629 247 720 ἐμὴν
263 633 402 722 μητέρα,
425 627 506 720 μετά
524 627 694 711 ἐνιαυτοάς
716 632 869 721 τέτταρας
886 628 945 700 τὸν
962 637 1039 718 βίον
1058 635 1122 702 ἐτε-

163 730 338 819 λεύτησεν·
362 727 380 802 ὁ
405 732 443 801 δὲ
464 729 596 812 πάππος
618 733 694 819 μιάς
710 728 812 819 μόνης
833 728 935 818 αι’ίσης
952 727 1044 824 αὐτῷ
1060 744 1123 802 δυ-

163 829 282 921 γατρός
306 831 468 921 λαμβάνει
491 829 591 900 πάλιν
613 828 674 920 τὴν
697 833 878 912 Διοκλέους
900 827 1064 920 άδελφήν,
1091 837 1122 916 ἐξ

163 922 202 1020 ἧς
220 929 311 1024 αὐτῷ
329 934 622 1019 ἐγιγνίσδηνυίεῐς
641 929 711 1000 δύο.
741 934 797 1002 καλ
816 935 945 1018 ἐκείνην
957 959 994 1001 τε
1005 938 1122 1023 ἔτρεφε

163 1030 253 1121 παρά
273 1036 315 1121 τῇ
336 1034 471 1119 γυναικὶ
493 1034 550 1101 καὶ
577 1028 659 1122 μετά
680 1035 749 1103 των
772 1035 804 1116 ἐξ
828 1035 955 1119 ἐκείνης
978 1037 1122 1121 παίδων,

128 1140 147 1191 8
165 1135 301 1202 ἐκείνων
318 1160 354 1202 τε
372 1139 418 1202 ἔτι
436 1131 577 1221 ζώντων,
597 1135 668 1203 ἐπεὶ
686 1149 855 1202 συνοικεῖν
873 1131 961 1220 εἶχέν
977 1127 1122 1222 ἡλικίαν,

114 1245 116 1247 ’
167 1235 344 1303 ἐκδίδωσιν
361 1229 466 1322 αὐτὴν
483 1236 689 1323 Ναυσιμένει
700 1242 881 1323 Χολαργεῑ,
901 1230 966 1301 σάν
983 1235 1124 1321 ἱματίοις

165 1336 221 1408 καὶ
239 1342 386 1423 χρυσίοις
409 1336 507 1405 πέντε
528 1337 585 1404 καὶ
608 1344 711 1404 είτωσι
728 1336 813 1424 μνᾶς
832 1331 974 1412 ἐπιδούς.
1012 1329 1124 1404 κάκεῑ-

164 1462 223 1514 νος
240 1435 303 1522 μὲν
319 1437 427 1524 τρισὶν
444 1430 465 1523 ἢ
483 1436 653 1526 τέτταρσιν
671 1441 756 1504 ἔτεσι
773 1431 854 1524 μετά
870 1437 974 1503 ταῦτα
987 1431 1125 1525 κάμνων

164 1529 385 1623 ἀποθνήσκει,
404 1538 485 1625 πρὶν
502 1532 594 1628 αὐτῷ
608 1537 766 1622 γενέσθαι
778 1542 899 1614 παῖδας
917 1536 953 1602 ἐκ
970 1536 1029 1622 τῆς
1046 1530 1122 1624 ἡμε-

163 1638 259 1725 τέρας
282 1634 417 1726 μητρός·
442 1631 460 1705 ὁ
484 1637 521 1705 δὲ
538 1634 669 1717 πάππος
686 1633 903 1723 κομισάμενος
920 1629 1043 1723 αὐτήν,
1068 1638 1123 1705 καὶ

162 1732 225 1824 τὴν
241 1751 362 1826 προῖκα
378 1732 440 1806 οὐκ
457 1731 635 1824 άπολαβοδν
656 1732 739 1856 ὅσηη
756 1740 859 1805 ἔδωκε
878 1733 934 1806 διά
949 1731 1011 1821 την
1028 1744 1124 1806 Nav-

145 1833 360 1952 ’σιμίνους’
341 1843 443 1927 απορί
441 1866 484 1907 αν
505 1864 573 1906 των
596 1833 812 1958 πραγμάτων,
842 1835 943 1906 πάλιν
967 1838 1123 1906 ἐκδίδωσι

162 1964 209 2027 τῳ
196 1939 300 2028 ἐμῷ
321 1938 420 2058 πατρί
445 1939 500 2006 καλ
517 1944 623 2026 χιλίας
642 1934 787 2028 δραχμάς
804 1953 904 2027 προῑκ
908 1931 1122 2006 ’ἐπιδίδωσι

127 2048 147 2100 9
169 2038 271 2104 Ταυτὶ
296 2033 337 2123 δη
360 2034 468 2108 πάντα
485 2035 566 2126 πρὸς
583 2035 641 2118 τάς
664 2034 831 2126 αἰτίας,
810 2031 848 2117 άς
870 2065 936 2106 νυν
952 2024 1046 2105 οὗτοι
1071 2040 1123 2107 λε’-

161 2156 276 2223 γουσι,
301 2161 369 2216 πως
386 2133 428 2205 άν
444 2165 493 2216 τις
512 2140 628 2219 δείξειε
643 2140 848 2259 γεγενημένα
864 2139 1034 2226 φανεροῖςς
1059 2135 1123 2224 ἐγω

163 2238 268 2322 ζητων
291 2239 432 2356 ἐξευρον.
474 2233 602 2324 άνάγκη
625 2267 687 2325 την
710 2235 791 2326 ἐμην
812 2240 952 2328 μητέρα,
977 2246 1043 2305 είτε
1059 2249 1123 2308 θυ-

162 2333 266 2426 γάτηρ
289 2325 332 2423 ἦν
348 2344 500 2427 Κίρωυος
523 2347 590 2408 είτε
605 2335 667 2426 μή,
690 2340 796 2408 καλε
811 2365 878 2428 παρ
882 2334 1033 2456 ’ίκείηιμ
1052 2343 1123 2468 διη-

162 2439 239 2505 τάτο
260 2429 294 2525 [η
309 2433 381 2525 ου],
399 2435 515 2506 ταδ’
472 2466 597 2527 γαμους
617 2438 669 2528 [εί]
691 2436 819 2518 διττους
836 2434 922 2528 ὑπὲρ
938 2435 1060 2524 ταύτης
1079 2443 1123 2507 εί-

163 2545 298 2606 στίασεν
319 2566 340 2627 η
357 2565 419 2627 μη,
443 2541 499 2607 καὶ
516 2555 637 2630 προῖκα
659 2567 777 2626 ηντινα
794 2537 946 2643 εκάτερος
965 2533 1017 2607 ἐπ’
1037 2533 1124 2628 αὐτῇ

162 2664 230 2707 των
251 2636 429 2726 γημάντων
450 2645 566 2729 ἔλαβε,
589 2638 697 2709 πάντα
718 2643 823 2710 ταυτα
840 2641 964 2709 εἰδέναι
980 2635 1059 2718 τούς
1076 2645 1123 2708 oi·

112 2750 147 2802 10
163 2739 259 2817 κε’τας
276 2736 385 2807 καὶ
349 2767 406 2818 τας
423 2749 632 2831 θεραπαίνας
648 2733 687 2821 άς
706 2743 863 2821 ἐκεῖνοςί
863 2742 1007 2827 κε’κτητο.
1043 2745 1124 2826 βου·

163 2835 300 2925 λόμενος
318 2866 381 2908 ουν
402 2837 483 2927 πρδς
505 2857 573 2921 τοῖς
594 2837 778 2930 ὑπάρχουσι
801 2838 964 2932 μάρτυσιν
987 2845 1124 2928 ἔλεγχον

164 2941 201 3006 ἐκ
223 2936 380 3024 βασάνων
409 2938 611 3062 ποιησάσθω
644 2943 720 3032 περὶ
754 2937 884 3030 αὐτων,
919 2946 976 3010 ἵνα
996 2943 1124 3028 μάλλον

37 3040 43 3053 ”
164 3034 277 3118 αὐτοις
301 3037 476 3127 πιστεύητε
498 3069 542 3130 μη
565 3045 720 3131 μέλλουσι
744 3039 865 3111 δαίσειν
888 3047 1023 3129 ἔλεγχον
1045 3037 1121 3109 ἄλλ’

162 3135 228 3226 ηδη
248 3137 408 3209 δεδωκόσι
430 3131 559 3230 περὶ
531 3170 580 3212 ων
602 3144 821 3234 μαρτυροῦσι,
845 3139 982 3221 τούτους
1005 3137 1124 3227 ηξίουν

163 3241 319 3309 ἐκδοῦναι
346 3237 404 3321 τάς
427 3251 576 3332 θεραπαί
574 3272 633 3322 νας
657 3243 712 3311 καὶ
734 3269 813 3321 τους
837 3243 963 3321 οἰκέτας
987 3249 1067 3328 περί
1087 3269 1124 3310 τε

161 3337 290 3410 τουτων
302 3343 356 3409 καλ
374 3345 517 3464 περὶ
469 3371 537 3414 των
554 3339 665 3413 ἄλλων
680 3337 838 3412 άπάντων
848 3339 909 3412 ὅσα
920 3350 1123 3431 τυγχάνουσι

111 3456 143 3509 11
161 3439 359 3523 συνειδότες.
395 3433 584 3525 οὖτοςδ
568 3471 667 3513 ονυν
689 3437 774 3531 υμᾶς
796 3438 945 3526 άξιοίσων
968 3458 1038 3524 τοῖς
1062 3437 1123 3514 αὖ·
