2340 3916
74 238 77 243 .
163 211 224 272 112
292 174 318 193 ”
534 198 705 252 mmor
863 224 866 239 .
1025 197 1115 250 οπο

163 377 228 465 μὲν
247 378 387 464 Φλυῆσι,
405 375 461 443 καὶ
477 370 640 443 ταλάντου
655 367 894 464 Ιρλριδίωςάξιον,
913 377 1019 449 οίκίας
1033 366 1065 439 δ’
1087 374 1124 439 ἐν
1163 394 1166 409 ¹

162 473 254 546 άστει
275 474 352 563 δύο,
380 502 441 562 την
469 475 531 564 μὲν
552 478 633 563 μίαν
654 476 946 595 μισθοφορρύσαν,
974 468 1063 561 παρά
1086 469 1124 541 τὸ

165 580 203 646 ἐν
226 583 367 666 Λίμναις
390 573 588 662 Διονύσιον,
608 580 774 696 δισχιλίας
797 569 1037 665 εύρίσκουσαν,
1061 600 1124 659 την

165 673 198 746 δ’
219 679 394 768 ἑτέραν,’
377 704 451 765 ενη
475 672 574 755 αὐτὸς
597 701 692 768 φκει,
716 677 819 764 τριῶν
842 676 899 745 καὶ
918 677 998 744 δέκα
1014 676 1124 762 μνῶν

163 784 212 848 ἔτι
231 779 270 848 δὲ
286 775 481 868 άνδράποδα
503 778 777 865 μισθοφορουντα
799 777 854 845 καὶ
880 773 940 845 δύο
961 782 1125 865 θεραπαί-

164 908 225 959 νας
249 881 304 948 καὶ
322 883 517 966 παιδίσκην,
543 878 597 946 καὶ
620 881 742 944 ἔπιπλα
760 871 832 945 δι”
832 865 881 946 οἶν
905 903 982 970 φκει
999 870 1062 963 τὴν
1078 881 1126 944 ol·

165 986 242 1049 κίαν
250 975 398 1067 ,σχεδὸν
415 973 480 1048 συν
496 993 564 1058 τοῖς
581 972 804 1067 ἀνδραπόδοις
821 975 896 1060 άξια
913 981 1126 1067 τρισκαίδεκα

165 1099 274 1168 μνων
297 1077 472 1196 σύμπαντα
494 1073 567 1148 <W
547 1097 610 1148 οσα
627 1075 756 1200 φανερά
772 1068 832 1167 ἦν,
857 1072 996 1148 πλέον”
974 1105 996 1165 η
1014 1075 1127 1200 ἐφενά-

166 1208 267 1250 κοντα
283 1199 389 1268 μνων
408 1181 507 1268 χωρὶς
526 1179 564 1248 δὲ
580 1176 708 1248 τούτων
721 1174 978 1267 δανείσματα’
939 1206 1002 1247 ουκ
1017 1173 1126 1266 ὀλίγα,

114 1297 149 1352 36
166 1275 227 1369 ἀφ’
252 1308 299 1350 ων
324 1277 507 1360 ἐκεινος’
470 1307 587 1360 τοκους
616 1277 787 1368 ἐλάμβανε.
830 1277 958 1359 τούτοις
980 1281 1128 1400 Λιοκλης

167 1378 248 1470 μετά
270 1383 328 1468 τῆς
350 1376 496 1470 άδελφης
520 1381 524 1467 Ι
547 1378 648 1450 πάλαι
672 1378 914 1469 ἐπεβούλευεν,
939 1375 1113 1466 ἐπειδὴ’
1072 1407 1128 1448 τα-

76 1543 79 1550 .
167 1503 262 1571 χιστα
291 1510 323 1551 οι
315 1486 463 1560 ’παῖδες
491 1485 526 1550 oi
545 1488 697 1570 Κίρωνος
728 1478 953 1569 ἐτελεύτησαν.
995 1482 1129 1569 ἐκείνην

56 1620 64 1643 ι
167 1579 285 1681 μὲν
246 1611 309 1672 γαρ
326 1578 388 1651 ούκ
402 1585 549 1664 ἐξεδίδου
569 1581 760 1669 δυναμένην
772 1588 819 1652 ἔτι
836 1597 947 1651 τεκεῖν
959 1586 1082 1662 παῖδας
1096 1583 1128 1664 ἐξ

169 1684 282 1773 ετέρου
304 1679 482 1771 άνδρύς,’
468 1711 523 1750 ινα
540 1710 585 1769 μη
574 1678 823 1770 χωρισδείσης
845 1684 921 1773 περὶ
938 1708 1006 1751 των
1024 1676 1131 1751 αύτου

168 1782 385 1904 βουλεύσαιτο
413 1781 565 1872 καθάπερ
593 1785 777 1871 προσῆκεν,
807 1789 922 1852 ἔπειθε
951 1783 988 1851 δὲ
1015 1784 1130 1910 μέμειν

145 1944 148 1950 .
168 1882 364 1972 φάσκουσαν
383 1886 415 1964 ἐξ
433 1879 539 1951 αὐτου
554 1898 651 1953 κυεῖν
666 1892 816 1971 οἴεσθαι,
840 1884 1131 1972 προσποιουμένην

171 1985 209 2052 δὲ
226 1989 438 2073 διαφθείρειν
455 1979 619 2071 άκουσαν,
637 1979 684 2052 ἵν’
705 1987 844 2067 ἐλπίζων
855 1980 906 2052 ιἰεὶ
924 1981 1131 2071 γενήσεσθαι

63 2116 67 2125 ·
167 2088 291 2162 παῖδας
308 2077 399 2175 αύτῷ
415 2085 595 2171 μηδέτερον
611 2078 706 2171 ἡμῶν
725 2082 946 2172 εἰσποιήσαιτο
964 2080 1054 2154 υἱόν·
1073 2085 1131 2152 καὶ

168 2180 227 2253 τάν
250 2186 376 2272 πατέρα
400 2185 572 2269 διέβαλλεν
601 2179 670 2271 άεί,
699 2182 838 2272 φάσκων
864 2181 967 2254 αύτδν
997 2187 1131 2271 ἐπιβου-

118 2306 152 2357 37
170 2282 282 2352 λεύειν
299 2299 367 2362 τοῖς
386 2286 524 2353 ἐκείνου.
548 2281 589 2352 τά
605 2311 641 2352 τε
658 2272 721 2353 ούν
737 2287 816 2374 χρέα
826 2283 934 2355 πάντα
950 2281 1012 2353 ὅσα
1030 2280 1131 2373 άφεί·

171 2394 244 2454 λετο
263 2379 370 2477 αύτῷ,
389 2385 445 2453 καὶ
462 2382 579 2464 τόκους
597 2391 727 2473 ἔπειθε,
745 2383 786 2454 τά
802 2413 839 2455 τε
855 2381 985 2474 φανερά
1003 2382 1053 2453 δι’
1071 2380 1132 2454 αύ-

171 2488 232 2555 τού
253 2495 440 2574 ποιεῖσθαι,
469 2483 629 2576 παράγων
652 2481 759 2575 άνδρα
781 2484 1008 2576 πρεσβύτερον
1029 2497 1132 2575 δερα-

172 2593 281 2666 πείαις
321 2587 377 2654 καὶ
417 2594 618 2674 κολακείαις,
657 2589 722 2665 ’ἕως
757 2582 888 2656 ἅπαντα
925 2585 966 2656 τά
1001 2589 1132 2656 ἐκείνου

173 2689 378 2776 περιέλαβεν.
415 2684 512 2766 εἰδώς
531 2688 569 2756 δὲ
585 2683 635 2757 ὅτι
653 2684 787 2757 πάντων
811 2685 874 2775 ἐγώ
897 2687 1026 2757 τούτων
1049 2685 1134 2756 κατά

173 2783 210 2855 τὰ
231 2788 398 2875 προσῆκον
426 2785 510 2855 εἶναι
539 2786 652 2876 κύριος
681 2785 821 2877 ζητήσω,
844 2783 943 2858 ὁπότε
963 2783 982 2858 ὁ
1000 2785 1134 2868 πάππος

175 2884 403 2973 ἐτελεύτησεν,
424 2888 560 2956 εἰσιέναι
577 2890 638 2976 μέν
654 2915 695 2976 με
712 2891 769 2958 καὶ
785 2886 989 2979 θεραπεύειν
1002 2892 1134 2959 ἐκεῖνον

174 2988 230 3055 καὶ
252 2984 586 3075 συνδιατρίβεινούκ
611 2986 751 3078 ἐκώλυε,
782 2986 900 3069 δεδιως
924 2988 968 3079 μη
991 2981 1133 3080 τραηυν·

174 3088 248 3167 θεὶς
268 3093 315 3166 είς
331 3082 435 3175 ὀργην
452 3097 652 3177 κατασταίην
669 3086 750 3177 πρὸς
769 3085 887 3178 αάτόν,
910 3089 1134 3180 παρεσκεύαζε

176 3188 217 3256 δέ
230 3215 285 3277 μοι
302 3184 360 3257 τὰν
376 3184 668 3279 ἀμφισβητήσοντα
681 3194 738 3277 τῆς
755 3186 887 3279 ούσίας,
906 3193 1003 3282 μέρος
1015 3200 1133 3262 πολλο

176 3284 254 3371 στὸν
281 3287 386 3382 τούτῳ
415 3288 612 3377 μεταδιδούς
635 3297 666 3359 εί
692 3290 952 3380 κατορθώσειεν,
981 3287 1075 3385 αύτῷ
1097 3291 1133 3359 δὲ

176 3393 280 3463 ταῦτα
302 3387 410 3460 πάντα
427 3395 622 3481 περιποιῶυ,
647 3393 702 3459 καὶ
719 3388 801 3460 ούδδ
823 3390 905 3482 πρὸς
922 3397 1041 3463 τούτου
1057 3387 1132 3480 ὁμο-

176 3494 285 3578 λογεῖν
308 3487 366 3561 τόν
388 3486 523 3562 πάππον
545 3490 693 3582 χρήματα
716 3501 925 3583 καταλιπεῖν,
949 3489 1021 3564 ἄλλ’
1047 3492 1131 3563 εἶναι
