2340 3916
352 210 476 267 ΚΑΤΑ
502 206 763 264 TIMAPXOY.
995 195 1034 260 13

80 373 159 453 τοὺς
177 374 359 456 προέδρους
377 369 451 451 περὶ
467 369 567 448 ίερων
583 392 651 431 των
673 371 821 480 πατρίων
842 391 896 431 και
885 360 1036 447 κήρυξι

81 501 135 541 και
125 475 340 557 πρεσβείαις
357 467 411 533 καί
429 463 547 547 ὁσίων,
572 465 626 530 καὶ
642 460 722 547 μετά
739 469 842 529 ταῦτα
854 452 1034 578 έπερωτᾷὸ

80 575 184 657 κηρυξ
203 578 273 653 ,,τίς
291 565 466 652 ἀγορεύειν
482 561 637 648 βούλεται
653 559 815 642 τῶνύπὲρ
828 557 1034 671 6666660666
1052 559 1088 613 49

82 677 136 755 ειη
147 667 375 754 γεγονότων;“
387 659 523 729 ε’πειδάν
536 651 626 726 δὲ
584 685 676 726 ουτοι
687 658 808 735 πάντες
819 664 946 737 εἴπωσι,
968 647 1030 718 τότ’

81 767 143 851 666
156 765 285 833 κελεύει
304 765 412 846 λέγειν
430 766 497 825 των
515 755 626 825 άλλων
641 751 900 872 Ἀθηναίωντὸν
912 748 1035 838 βουλό·
1053 762 1088 815 50

27 880 61 932 24
78 891 196 951 μενον,
220 857 268 940 οἷς
281 865 413 940 ἔξεστιν.
438 859 607 937 σκέψασθε
620 853 723 941 δὴ,
702 881 745 934 ως
756 860 879 939 κάλως,
899 878 924 918 ω
915 849 1035 933 Ἀθη-

82 977 178 1029 ναῖοι
192 955 255 1026 ούκ
270 957 401 1077 ύγηόει,
414 954 518 1041 οἶμαι,
533 982 551 1021 ο
541 952 793 1041 ’νομοθέτης,
780 952 860 1021 ότιο
863 948 1034 1035 ίπρεσβύ-

81 1085 209 1146 τεροι
178 1083 223 1122 τω
233 1056 297 1176 μὲν
310 1047 349 1121 εύ
361 1069 500 1139 φρονεῖν
517 1050 779 1139 άκμάζουσιν,’
763 1081 783 1140 η
803 1054 838 1121 66
855 1051 957 1137 τόλμα
970 1048 1033 1167 666
1053 1063 1086 1116 51

80 1155 201 1234 αὐτούς
228 1154 361 1238 άρχεται
390 1156 567 1219 ἐπιλείπειν
596 1151 650 1217 διά
678 1151 740 1238 την
767 1155 939 1237 ἐμπειρίαν
968 1174 1035 1214 των

82 1254 293 1339 πραγμάτων.
323 1251 529 1336 βουλόμενος
557 1248 597 1337 66
621 1256 798 1318 συνεθίσαι
819 1249 897 1328 τούς
918 1248 1035 1331 ἄριστα

82 1359 309 1437 φρονοῦντας,
321 1349 462 1427 τούτους
473 1349 656 1433 ἐπάναγκες
667 1353 742 1435 περὶ
754 1358 821 1418 των
833 1350 1036 1436 πραγμάτων

80 1457 203 1538 λέγειν,
232 1449 345 1535 ἐπειδὴ
372 1448 511 1535 ὀνόματι
534 1447 647 1517 αὐτῶν
674 1454 733 1518 ἕνα
754 1453 894 1518 ἕκαστον
919 1450 1037 1534 άπορεῖ

81 1564 288 1634 προσειπεῖν,
312 1548 374 1635 την
391 1554 583 1634 ἐπωνυμίαν
599 1557 656 1634 τῆς
674 1549 753 1636 ὅλης
769 1547 895 1636 ἡλικίας
907 1548 1036 1616 ὑπολα-

81 1651 152 1738 βιδν
165 1658 350 1732 παρακαλεῖ
357 1651 409 1716 ε’πὶ
420 1648 455 1714 τδ
467 1656 557 1735 βῆμα
568 1651 622 1716 καὶ
638 1654 812 1734 προτρέπει
825 1655 1034 1736 δημηγορεῖν.

83 1749 151 1834 άμα
174 1750 209 1814 δὲ
237 1745 315 1824 τούς
343 1750 525 1831 νεωτέρους
548 1746 695 1814 διδάσκει
718 1747 936 1833 αἰσχύνεσθαι
957 1745 1035 1825 τούς

83 1849 327 1933 πρεσβυτέρους
338 1849 392 1912 καὶ.
405 1844 512 1912 πάνθ’
531 1842 691 1928 ὑστέρους
703 1846 859 1930 πράττειν
871 1847 926 1911 καὶ
936 1852 1036 1928 τιμάν

82 1944 118 2012 τό
131 1954 251 2031 γῆρας,
277 1952 321 2024 εἰς
333 1942 351 2011 6
368 1946 489 2023 πάντες
502 1942 707 2031 ἀφιξόμεθα,
729 1944 788 2013 ἐάν
799 1945 864 2029 άρα
876 1943 1037 2029 διαγενώ-

29 2059 64 2110 25
83 2054 179 2128 μεθα.
209 2044 263 2109 καὶ
287 2041 392 2120 οὕτως
413 2036 500 2128 ἦσαν
521 2045 696 2133 σώφρονες
718 2048 752 2111 οί
770 2042 898 2170 άργαῖοι
919 2049 1037 2111 ἐκεῖνοι
1055 2057 1089 2111 52

81 2141 256 2258 ρητορες,
247 2168 263 2204 ο
252 2138 439 2225 ’Περικλῆς
449 2167 503 2207 και
493 2143 736 2228 Θεμιστοκλῆς
747 2145 802 2210 καὶ
813 2170 830 2210 ο
819 2140 1037 2228 Ἀριστείδης

81 2266 96 2299 ο
116 2236 176 2323 την
193 2235 355 2322 άνόμοιου
369 2241 562 2358 επωυυμίαγ
585 2245 669 2325 ἔχων
694 2240 847 2369 Τιμάρχμ
871 2239 1033 2331 τουτφὶ,’
1018 2267 1035 2306 ο

83 2344 207 2417 δίκαιος
225 2339 499 2425 επικαλούμενος,
524 2338 623 2423 οἷστε,
646 2338 666 2406 6
683 2343 760 2407 νυνί
777 2342 899 2417 πάντες
916 2343 953 2407 ἐν
966 2346 1037 2407 ἔθει

80 2437 275 2522 πράττομεν,
289 2436 324 2504 τδ
336 2436 398 2523 τὴν
409 2455 500 2524 χεῖρα
509 2445 570 2518 ἔξω
583 2446 710 2524 ἔχοντες
721 2444 838 2525 λέγειν,
850 2441 925 2507 τότε
937 2450 1035 2507 τοῦτο

80 2537 192 2618 θρασύ
211 2564 241 2602 τι
259 2537 365 2604 ἐδόκει
385 2537 536 2605 εἶναικαὶ
555 2536 759 2625 εὐλαβοῦντο
771 2536 853 2605 αύτδ
869 2540 1034 2622 πράττειν.

81 2639 162 2718 μέγα
181 2635 216 2701 66
235 2635 325 2699 πάνυ
342 2633 464 2701 τούτου
476 2650 612 2720 σημεῖον
624 2642 709 2725 ἔργφ
722 2634 802 2723 ὑμῖν
813 2636 902 2724 οἶμαι
913 2642 1035 2706 ἐπιδεί-

80 2742 162 2813 ξειν·
184 2729 222 2801 εὗ
239 2733 304 2818 γάρ
322 2733 385 2802 066’
405 2734 456 2802 ότι
473 2737 594 2815 πάντες
611 2737 853 2805 ἐκπεπλεύκατε
865 2742 1036 2817 είςΣαλα-

80 2850 158 2917 μῖνα
181 2838 235 2902 καί
257 2838 420 2902 τεθέασθε
441 2834 503 2920 την
525 2837 683 2915 Σόλωνος
705 2837 835 2920 είκόνα,
864 2839 919 2903 καὶ
941 2834 1036 2904 αύτοί

79 2931 316 3018 μαρτυρήσαιτ’
330 2929 383 3015 άυ,
396 2932 447 3001 δ’τι
458 2938 544 3021 ε’ντη
559 2934 663 3024 άγορᾷ
675 2945 715 3024 τῇ
725 2944 940 3022 Σαλαμινίων
952 2934 1036 3004 666-

79 3029 210 3098 κειταιό
224 3034 344 3100 Σόλων
355 3031 448 3112 ἐντός
465 3032 528 3118 τὴν
544 3050 636 3121 χεῖρα
653 3042 745 3121 ἔχων.
768 3032 859 3103 τοῦτ’
879 3041 985 3120 ἔστιν,
1008 3027 1036 3101 6
1055 3051 1089 3103 53

77 3140 254 3215 Αθηναῖοι,
268 3128 446 3218 ὑπόμνημα
459 3136 512 3200 καὶ
523 3141 649 3219 μίμημα
666 3142 726 3201 τοῦ
736 3136 896 3211 Σόλωνος
908 3134 1035 3219 σχήμα-

78 3257 148 3312 τος,
172 3227 212 3296 ὃν
230 3230 357 3314 τρόπον
373 3238 457 3317 έχων
475 3231 575 3310 αύτδς
592 3237 754 3318 διελέγετο
777 3241 825 3320 τῷ
849 3233 942 3320 δήμῳ
966 3238 1034 3297 των

23 3349 57 3400 26
73 3326 269 3412 Ἀθηναίων.
293 3335 462 3411 σκέψασθε
475 3332 527 3417 δὲ,
552 3325 772 3416 ύἈθηυαῖοι,
791 3330 873 3398 ὅσον
885 3331 1034 3411 διαφέρει

77 3424 94 3492 ὁ
113 3427 234 3494 Σόλων
256 3431 424 3513 Τιμάρχου
447 3433 502 3496 καὶ
524 3435 559 3496 οί
578 3429 699 3515 άνδρες
720 3433 839 3497 ἐκεῖνοι
863 3421 912 3496 οἷν
934 3424 1033 3514 ὀλίγφ
