2340 3916
321 187 552 243 ARGUMENTA
569 185 797 238 ORATIONUM.
960 206 963 211 ·
980 184 1048 237 xix

78 344 221 429 quinque
244 342 285 405 ab
300 337 467 404 Dinarcho
482 337 683 403 orationibus
706 339 928 401 accusatorum
950 335 1047 400 alicui

76 426 265 511 compositis
297 423 480 510 impugnati
513 426 603 487 sunt:
642 420 804 486 Philocles
836 418 1047 507 Hagnonides

78 512 283 578 Aristonicus
321 508 557 574 Demosthenes
592 506 812 592 Aristogiton,
850 507 935 571 inter
968 527 1047 590 quas

81 597 244 663 orationes
271 599 336 659 tres
364 593 426 659 hae
453 597 592 658 aetatem
619 590 773 656 tulerunt.
816 589 1047 657 Demosthenis

79 704 175 748 causa
201 681 306 765 prima
333 680 368 744 in
394 678 549 742 iudicium
577 677 682 741 venit:
714 674 777 740 XX
804 675 963 741 talentum
990 696 1048 740 no·

78 760 1047 930 titatttttttttttttittttttltttffiti

78 945 130 1002 ter
158 957 240 1020 quos
262 932 436 1000 Stratocles
462 932 568 1016 primo
597 931 669 996 loco
698 932 796 996 verba
822 931 916 1015 feeit,
945 931 1047 996 altero

80 1023 107 1086 is
138 1021 190 1085 cni
218 1018 401 1084 Dinarchus
434 1016 519 1082 hanc
552 1016 732 1081 orationem
764 1017 958 1101 composuit,
991 1017 1048 1100 qui

79 1108 229 1190 quisnam
251 1104 350 1168 fuerit
371 1104 549 1189 ignoratur.
587 1104 821 1166 Accusatorum
843 1124 927 1167 unus
950 1102 1048 1167 etiam

80 1191 260 1275 Hyperides
282 1189 360 1272 fuit,
388 1189 478 1253 euius
501 1189 629 1252 exstant
654 1186 838 1271 fragmenta
864 1187 921 1251 illa
942 1187 1048 1252 lacera

80 1278 115 1340 in
136 1277 288 1360 Aegypto
310 1278 452 1357 reperta,
482 1271 521 1337 de
543 1270 668 1355 Pythea
695 1292 824 1356 quoqne
850 1270 936 1337 idem
963 1294 1048 1338 com·

80 1364 208 1445 partum
242 1358 406 1424 habemus.
450 1356 537 1422 Reus
570 1377 643 1420 cum
675 1355 796 1425 frustra
828 1356 1048 1423 defensionem

80 1445 271 1510 tentavisset
298 1443 324 1507 L
346 1443 505 1508 talentum
532 1440 635 1506 multa
662 1439 831 1507 damnatus
859 1447 923 1526 est,
951 1465 1048 1527 qnam

80 1531 145 1594 nisi
167 1529 276 1594 statim
298 1528 463 1611 solvisset,
489 1527 525 1591 in
547 1525 677 1590 vincula
698 1531 735 1591 ut
756 1527 955 1593 coniceretur
976 1550 1048 1593 sen·

81 1614 202 1680 tentiae
225 1612 377 1678 additum.
423 1616 531 1696 Atque
553 1613 600 1676 ita
620 1611 742 1676 factum
764 1619 826 1696 est,
856 1612 911 1677 sed
937 1613 1048 1696 paucis

81 1700 193 1764 diebus
225 1702 301 1782 post
327 1696 563 1762 Demosthenes
593 1718 632 1761 ex
663 1717 789 1762 carcere
822 1698 924 1762 erasit
951 1703 984 1763 et
1013 1699 1048 1763 in

80 1784 212 1849 exilium
234 1783 322 1847 abiit.

172 1884 227 1949 Or.
261 1883 294 1948 Π
326 1884 366 1947 in
398 1882 733 1966 Aristogitonem.
783 1882 932 1948 Perditus
969 1885 1048 1949 ciris

81 1970 287 2055 Aristogiton
309 1972 342 2032 et
363 1967 538 2033 identidem
562 1965 705 2031 iudicum
727 1969 896 2034 sententiis
918 1968 1048 2034 damna-

81 2059 133 2120 tus
147 2053 340 2137 Harpalicae
362 2074 490 2138 quoque
512 2073 625 2116 causae
640 2051 823 2136 implicatus
843 2057 907 2118 est:
930 2055 1048 2141 viginti

81 2140 179 2204 minis
207 2139 247 2203 ab
273 2137 418 2222 Harpalo
446 2159 520 2203 eum
547 2140 734 2221 corruptum
762 2160 830 2203 esse
857 2141 1048 2239 Areopagus

82 2224 247 2374 titii·
262 2221 1049 2394 ,htrhinhttitttttlttttt

85 2415 237 2479 magnam
258 2395 383 2476 partem
406 2394 547 2477 expleta,
572 2414 635 2477 qno
658 2393 780 2457 factum
802 2397 850 2458 est
872 2398 909 2459 ut
928 2395 1047 2461 iudicio

83 2477 350 2564 absolveretur*).
396 2477 523 2561 Oratio,
574 2499 649 2541 nam
675 2477 822 2541 mutilam
849 2499 909 2543 nos
931 2479 1049 2544 habere

84 2563 203 2626 dudum
231 2566 433 2645 perspectum
456 2567 517 2645 est,
581 2565 730 2626 aetznero
753 2566 785 2627 et
806 2562 876 2646 ipsa
897 2563 1050 2647 δευτερο-

85 2649 183 2728 λογία
210 2645 308 2710 fuisse
339 2646 480 2732 videtur,
513 2646 595 2710 mihi
625 2646 772 2730 principe
803 2646 875 2712 loco
905 2648 1049 2715 habitam

83 2753 152 2795 esse
179 2731 282 2816 magis
309 2733 474 2816 probatur.
517 2730 649 2796 Etenim
675 2753 741 2796 una
770 2736 838 2797 erat
865 2754 961 2798 causa
982 2756 1049 2800 om-

85 2817 174 2880 nium
202 2837 314 2881 eorum
335 2838 473 2901 quorum
499 2817 634 2880 nomina
654 2817 844 2902 Areopagus
874 2817 1047 2905 detulerat,

82 2902 191 2985 itaque
219 2901 338 2984 quiex
364 2901 415 2966 his
442 2922 511 2966 non
538 2901 644 2985 primo
672 2901 744 2967 loco
767 2903 802 2966 in
824 2902 978 2970 iudicium
1000 2928 1049 2971 cr·

81 2986 190 3050 cessiti
212 2989 301 3071 sunt,
330 2986 365 3051 in
392 3008 447 3052 eos
475 2985 588 3052 eodem
615 2986 681 3052 fere
709 2988 805 3052 modo
832 2990 1049 3072 perorandum

83 3073 153 3166 erat
181 3091 276 3153 quem
303 3071 339 3135 in
373 3072 645 3153 δευτερολογίαις
676 3071 829 3138 videmus.
873 3073 922 3139 Ea
949 3075 1050 3161 igitur

83 3154 179 3218 hurus
213 3176 341 3240 quoque
375 3156 531 3222 orationis
563 3156 668 3221 forma
700 3161 763 3242 est3
795 3157 852 3223 sed
883 3164 1049 3244 praeterea

149 3443 176 3512 ¹¹²)
200 3445 231 3497 Si
249 3445 359 3514 quidem
376 3446 444 3500 fides
466 3447 636 3514 praestanda
654 3449 681 3499 ei
699 3448 746 3515 qui
769 3448 918 3516 epistulam
936 3452 1048 3505 tertiam

82 3529 154 3578 quse
174 3514 371 3567 Demosthenis
390 3516 493 3568 dicitur
511 3516 666 3583 composuit
684 3515 710 3583 (ἕ
728 3518 769 3570 37.
787 3518 841 3581 41).
