2340 3916
140 198 173 259 X
521 208 731 263 PRAEFATIO.

21 444 24 451 Ι
137 368 306 448 Tegeatioa
328 369 430 448 quarti
452 368 582 428 fortasse
605 387 633 429 a.
658 366 731 428 Ohr'.
754 365 907 446 saeculi*)
933 369 1042 430 eadem
1062 391 1110 430 ra-

136 455 222 514 tione
245 453 415 514 adhibitam
442 454 542 533 ipsam
568 453 654 512 illam
681 451 899 529 παραγραφὴν
928 473 995 514 esse
1023 463 1109 534 puto,

138 558 232 618 quam
253 547 468 599 commemorat
489 536 740 617 Aristoteles.**)
778 538 925 598 Notabile.
948 540 1110 618 interpun-

140 625 251 684 ctionis
275 624 449 703 exemplum
464 631 510 684 est
526 625 560 682 in
577 624 717 684 oratione
734 630 843 683 contra
857 624 1110 684 Demosthenem:

137 704 169 770 οἱ
197 704 226 769 δ’
253 703 323 771 ἀντὶ
350 709 408 770 τοῦ
436 703 618 770 ἀποδόντες
646 704 666 768 ἃ
694 704 813 785 ἔλαβον
841 703 1044 785 ἀπηλλάχθαι
1070 742 1109 752 -

136 790 287 871 τιμωρίας
314 790 390 854 καθ’
417 789 526 856 αὑτῶν
554 791 606 855 καὶ
633 790 774 869 ζητήεειε
801 790 964 870 ἔγραφονε
994 795 1113 854 scilieet

136 879 238 939 noluit
264 878 406 938 librarius
440 873 593 956 τιμωρία(
631 887 788 958 tamquam
829 880 1007 957 genetivum
1041 900 1112 939 oum

136 959 340 1040 ἀπηλλάχθαι
362 964 518 1043 coniungi.
558 961 693 1023 Omnino
716 965 948 1043 interpunotum
962 985 1027 1025 non
1041 965 1111 1024 sine

138 1048 301 1128 diligentia
324 1057 355 1109 et
376 1050 410 1108 in
425 1049 610 1128 quibusdam
623 1048 699 1108 locis
719 1050 927 1127 interpunctio
947 1068 1011 1109 non
1026 1057 1112 1109 recte

136 1135 238 1211 posita
254 1134 398 1201 cancellis
412 1135 639 1213 circumscripta
652 1142 707 1194 est.
724 1131 767 1177 -'-
782 1131 969 1194 Correotoris
985 1154 1112 1194 manum

135 1218 215 1278 liber
235 1217 351 1297 ubique
374 1239 442 1278 cum
463 1238 575 1298 magno
604 1219 706 1278 fructu
736 1226 783 1279 est
810 1228 965 1298 expertus.
1011 1218 1111 1298 Signa

136 1302 214 1362 haec
235 1312 322 1363 sunt:
348 1302 483 1363 delenda
504 1304 608 1364 littera
629 1304 680 1363 vel
707 1304 899 1382 transfigitur
919 1303 971 1363 vel
993 1313 1111 1383 puncto

135 1388 329 1466 superposito
352 1396 492 1463 notatur;
517 1389 628 1447 omissa
651 1407 744 1466 supra
766 1407 889 1448 versum
910 1388 979 1449 loco
1004 1388 1111 1448 debito

136 1473 316 1551 apponitur3
346 1473 380 1531 in
407 1473 563 1533 mutandis
586 1480 749 1552 utrumque
776 1473 819 1534 fit.
864 1473 967 1533 Semel
989 1475 1023 1532 in
1045 1474 1111 1532 Eu-

134 1558 292 1636 xenippea
312 1576 420 1617 versus
443 1565 526 1617 totus
549 1558 677 1618 omissus
701 1565 731 1617 et
751 1577 845 1636 supra
860 1558 1033 1618 columnam
1055 1559 1111 1618 ad-

137 1641 231 1702 ditus:
254 1641 309 1701 ubi
332 1641 428 1714 deest,
453 1650 527 1702 ante
549 1643 722 1703 columnam
746 1642 855 1702 ductus
877 1642 980 1703 brevis
1003 1650 1111 1703 rotun·

137 1776 203 1850 dus,
227 1786 297 1856 post
319 1798 387 1838 eam
409 1736 438 1852 d,
462 1777 521 1838 hoc
544 1786 590 1838 est
612 1773 681 1839 ἄνω
706 1773 792 1854 (vide
813 1775 919 1857 supra)
942 1779 1109 1858 appictum,

961 1873 979 1909 ῒ

135 1921 209 1972 ante
236 1932 359 1973 versum
386 1914 488 1992 ipsum
509 1912 593 1973 idem
614 1913 668 1973 ille
691 1912 816 1986 ductus,
846 1921 917 1992 post
939 1929 993 1984 κα,
1026 1914 1112 1992 quod

135 1992 222 2057 κάτω
246 1994 337 2074 (vide
363 1995 464 2076 infra)
492 1997 760 2077 interpretandum
791 2005 846 2058 est.
897 1997 1001 2058 Semel
1027 2007 1112 2059 totus

135 2101 242 2141 versus
263 2082 344 2142 male
366 2083 509 2155 iteratus,
533 2083 630 2142 semel
653 2083 746 2142 etiam
766 2082 835 2162 plue
857 2101 948 2161 quam
964 2090 1113 2161 quattuor

135 2185 257 2226 versus:
281 2167 335 2225 ille
357 2167 444 2225 uncis
459 2166 601 2226 rotundis
616 2167 762 2239 inclusus,
785 2166 863 2227 haec
878 2169 1000 2247 punctis
1015 2187 1112 2247 supra

135 2250 271 2328 singulas
293 2250 412 2311 litteras
435 2251 542 2330 positis
565 2258 673 2311 notata
698 2259 780 2310 sunt.

220 2350 404 2412 Accedimus
427 2351 469 2412 ad
491 2351 743 2431 orthographiam
764 2352 889 2426 codicis,
914 2372 975 2434 quo
997 2355 1031 2412 in
1055 2375 1109 2433 ge-

136 2457 211 2496 nere
233 2437 391 2517 eomplura
413 2437 552 2499 notanda
573 2436 678 2498 habet.
713 2437 851 2497 Primum
865 2439 929 2498 iota
943 2438 1028 2518 quod
1042 2459 1110 2499 mu·

135 2530 200 2581 tum
223 2521 333 2582 dicitur
355 2522 500 2602 quodque
522 2522 577 2583 illa
600 2529 701 2583 aetate
723 2539 837 2586 revera
854 2541 978 2602 prorsus
1002 2522 1109 2584 obmu-

135 2614 245 2680 tuerat,
270 2626 388 2667 summa
408 2605 541 2667 libidine
562 2607 615 2667 vel
637 2607 787 2667 omittitur
808 2607 861 2667 ubi
883 2609 958 2687 poni
974 2605 1111 2670 debebat

135 2692 186 2750 vel
208 2690 261 2751 ubi
282 2692 385 2751 looum
405 2692 525 2752 nullum
546 2691 642 2752 habet
664 2692 804 2771 ponitur:
828 2693 934 2772 itaque
956 2689 1110 2769 περιήρη-

135 2791 205 2855 μαι,
233 2773 288 2854 τῆ,
316 2772 467 2857 πολέμω,
496 2795 664 2858 rursusque
691 2771 820 2857 πλείωι,
848 2773 998 2857 ἐπιεικῆι,
1025 2774 1111 2859 ἤληι,

136 2855 246 2939 illidi,
276 2858 484 2940 δικαετήριαι,
514 2857 606 2941 ἐγών,
639 2856 899 2942 ἠτήεωιραιὶρλπ
926 2864 1110 2942 reperimus.

136 2943 254 3005 Scimus
277 2964 368 3025 porro
391 2947 425 3004 in
446 2944 613 3025 Aegyptiis
641 2947 771 3026 aliisque
798 2949 1006 3027 proximorum
1032 2958 1110 3009 ante

139 3161 235 3283 ΜΨ)
263 3160 414 3281 λέὲὸΒοτςΙι
437 3160 500 3216 Iud.
522 3162 609 3215 schol.
630 3162 695 3215 Hal.
720 3163 827 3228 recoli,
856 3163 1003 3216 Michaelis
1025 3165 1053 3216 J.
1081 3166 1110 3220 J.

223 3247 250 3296 ρ.
322 3268 329 3283 .

204 3313 243 3379 **)
262 3314 378 3366 Aristot.
397 3315 478 3368 Rhet.
497 3317 556 3381 111,
573 3317 604 3368 8:
623 3316 665 3370 δεῖ
683 3315 775 3382 δήλην
793 3314 867 3369 εῖναι
885 3317 940 3382 τὴν
957 3317 1109 3384 τελευτήν,

137 3382 174 3446 μὴ
194 3380 238 3434 διὰ
255 3380 308 3434 τὸν
325 3382 437 3449 γραφέα
455 3384 515 3450 (qui
533 3401 652 3436 vacuum
666 3388 786 3451 spatium
800 3385 961 3452 relinquat),
981 3385 1051 3451 μηδὲ
1063 3386 1111 3440 διὰ

136 3448 192 3513 τήν
209 3451 413 3518 παραγραφὴν,
437 3449 509 3504 ἀλλὰ
532 3449 577 3504 διὰ
595 3452 649 3506 τὸν
666 3451 782 3519 ῥυθμόν.
813 3454 952 3507 stetten
969 3455 1110 3520 Harpoer.

125 3535 149 3576 s.
174 3536 197 3571 ν,
219 3519 395 3591 παραγραφή
415 3525 445 3575 et
463 3521 528 3576 Ath.
544 3522 581 3589 X,
599 3523 650 3575 453
667 3522 738 3577 αλλ’.
