2340 3916
158 179 219 243 154
504 182 760 241 ΑΙΣΧΙΝΟΥ

155 341 356 424 ραπεόοντες
373 340 451 421 τοὺς
463 347 629 428 Θηβαίους
647 342 820 425 εἰσέφερον
838 342 945 428 δόγμα
956 369 1038 410 κατα
1050 351 1105 430 τῆς

154 436 312 524 ὑμετέρας
322 438 466 524 πόλεως,
479 438 685 524 πεντήκοντα
695 440 868 518 ταλάντοις
879 446 1035 526 ζημιῶσαι
1046 469 1106 510 τον

83 556 138 613 εοε
153 541 260 623 δῆμον
270 544 338 605 τόν
346 533 550 623 Ἀθηναίων,
575 535 626 605 ότι
640 546 765 622 χρυσοῖς
784 536 925 619 ἀσπίδας
941 540 1108 627 ἀνέθηκεν

154 634 305 722 πρδςτδν
316 633 539 718 καινδννεοδν
549 637 629 718 πρὶν
640 637 881 725 έξαράσασθαι,
899 641 954 707 καὶ
965 640 1108 726 ἐπεγρό-

154 751 262 823 φαμεν
273 738 309 804 τδ
322 744 493 822 προσῆκον
503 739 690 823 ἐπίγραμμα
703 733 892 823 ,Ἀθηναῖοι
902 736 966 806 ἀπδ
974 739 1107 825 Μήδων

153 840 208 904 καὶ
221 841 393 922 Θηβαίων,
418 834 473 903 ὅτε
491 832 649 904 τάναντία
661 849 729 914 τοῖς
741 833 896 922 Ἕλλησιν
914 837 1106 922 έμάχοντο.“

153 932 1108 1029 μεταπεμψόμενοςδέμεὸἱερομνήμωνἠξίονείσελθεῖνείς

154 1032 191 1102 τδ
211 1035 390 1118 συνέδριον
412 1034 468 1100 καὶ
494 1039 598 1100 εἰπεῖν
614 1059 646 1100 τι
663 1030 746 1115 πρός
767 1031 845 1111 τοδς
864 1032 1107 1120 Ἀμφικτύονας

86 1139 140 1196 509
158 1130 242 1216 ὑπὲρ
253 1142 311 1220 τῆς
324 1133 467 1219 πόλεως,
486 1134 540 1200 καὶ
551 1129 657 1200 αότδν
672 1131 760 1200 οὕτω
778 1135 1019 1221 προῃρημένον.
1046 1133 1110 1217 ἀρ·
1128 1157 1168 1212 11:

155 1234 298 1319 χομένου
310 1236 348 1299 δέ
363 1258 429 1317 μου
441 1236 549 1316 λέγειν
564 1235 619 1300 καὶ
631 1230 888 1319 προθυμότερον
899 1257 968 1312 πως
979 1239 1107 1319 είσελη-

155 1332 300 1410 λυθότος
312 1337 357 1409 είς
370 1330 406 1399 τδ
420 1334 614 1418 συνέδριον,
631 1340 699 1399 τάν
710 1331 822 1400 ἀλλων
833 1332 1035 1419 πυλαγόρων
1048 1358 1107 1418 με-

153 1432 384 1517 θεστηκότων,
395 1427 585 1518 ἀναβοήσας
594 1458 644 1510 τις
655 1439 724 1498 τῶν
732 1427 956 1517 Ἀμφισσέων,
969 1431 1107 1517 ἀνθρω-

116 1617 117 1620 Ὶ
155 1556 216 1609 πος
237 1528 469 1615 ἀσελγέστατος
490 1533 562 1617 καλ,
597 1529 641 1609 ὡς
660 1532 731 1616 ἐμοὶ
752 1535 922 1618 ἐφαίνετο,
952 1529 1107 1617 οὐδεμιᾶς

156 1634 302 1708 παιδείας
312 1627 534 1716 μετεσχηκώς,
558 1639 636 1707 ίσως
648 1629 683 1698 δέ
695 1630 749 1697 καὶ
768 1634 942 1716 δαιμονίου
952 1628 1042 1709 τινδς
1053 1633 1107 1710 έξ-

156 1731 359 1816 αμαρτάνειν
371 1727 474 1799 αὐτὸν
487 1731 736 1815 προαγομένου,
758 1780 780 1815 ,,
788 1727 894 1816 ἀρχὴν
911 1732 949 1797 δέ
957 1736 1024 1815 γε“
1043 1735 1106 1815 ἔφη

154 1823 207 1915 ,μί
220 1828 340 1915 ἀνδρες
351 1827 523 1915 Ἕλληνες,
536 1835 567 1897 εί
575 1832 811 1915 ἐσωφρονεῖτε,
830 1826 903 1896 οὐδ’
918 1824 961 1896 ἀν
973 1826 1107 1914 ἀνομοί-

156 1931 225 2006 ζετο
236 1924 384 2011 τοῦνομα
395 1935 458 1993 τοῦ
468 1927 577 2014 δήμου
587 1935 656 1994 τοῖν
668 1924 857 2013 Ἀθηναίων
867 1930 904 1995 ἐν
915 1931 1028 1995 ταῖσδε
1038 1941 1108 2004 ταῖς

155 2021 308 2112 ἡμέραις,
331 2020 399 2093 ἀλλ’
414 2023 457 2103 ὡς
475 2029 601 2111 ἐναγεῖς
618 2025 746 2111 έξήγετε
757 2029 794 2094 ἐκ
804 2032 864 2094 τοῦ
876 2031 979 2112 ίεροό.
988 2033 1009 2068 “
1040 2024 1107 2112 ἅμα
1127 2056 1168 2110 ll!

156 2125 191 2192 δὲ
203 2127 362 2210 ἐμέμνητο
380 2119 438 2209 τῆς
453 2131 521 2191 τῶν
540 2128 685 2193 Φωκέων
702 2131 903 2212 συμμαχίας,
923 2121 967 2211 ἢν
979 2122 996 2194 ὁ
1009 2132 1108 2207 Κρω-

86 2230 140 2286 610
156 2223 257 2310 βόλος
279 2226 404 2302 ἐκεῖνος
426 2228 562 2309 ἔγραψε,
587 2226 641 2292 καὶ
661 2223 745 2291 ἀλλα
766 2222 872 2292 πολλά
889 2227 945 2292 καλ
964 2227 1108 2309 δυσχερῆ

156 2321 239 2392 κατά
250 2329 307 2409 της
318 2321 445 2401 πόλεως
457 2322 576 2410 διεξῄει
588 2324 711 2408 λέγων,
734 2320 829 2407 ἀέγοδ
842 2320 918 2390 οὔτε
929 2319 992 2391 τότ’
1006 2325 1105 2405 ἐκαρ-

154 2424 275 2509 τέρουν
301 2419 438 2490 ἀκούων
463 2421 541 2489 οότε
569 2430 635 2489 νῦν
656 2419 762 2508 ἡδέως
790 2425 956 2508 μέμνημαι
982 2418 1105 2488 αὐτων.

155 2521 302 2601 ἀκοόσας
314 2522 350 2590 δὲ
366 2520 453 2589 οὕτω
466 2521 711 2608 παρωξύνθην,
735 2517 779 2599 ἀς
797 2517 1000 2588 οὐδεπώποτ’
1013 2522 1108 2610 ἐντῷ

154 2625 301 2708 ἐμαυτοῦ
310 2629 381 2709 βίφ.
414 2623 469 2689 καὶ
481 2619 560 2699 τοὺς
571 2620 633 2706 μὲν
650 2619 772 2698 ἀλλους
783 2619 905 2704 λόγους
916 2616 1108 2706 ὑπερβήσο-

152 2746 227 2806 μαι·
251 2723 376 2806 ἐπῆλθε
394 2723 432 2785 δέ
447 2746 503 2805 μοι
517 2722 570 2787 έπλ
589 2716 651 2804 τὴν
673 2719 812 2804 γνώμην
835 2723 1028 2804 μνησθῆναι
1049 2724 1106 2802 της

154 2825 221 2885 τῶν
229 2816 434 2903 Ἀμφισσέων
446 2820 520 2900 περὶ
531 2814 593 2903 τὴν
609 2825 673 2903 γῆν
683 2814 746 2903 τὴν
757 2815 850 2903 ίεράν
862 2815 1028 2902 ἀσεβείας,
1052 2820 1106 2884 καὶ

153 2913 302 2984 αὐτόθεν
319 2915 462 3002 έστηκοδς
479 2919 651 2984 ἐδείκνυον
667 2930 735 2995 τοῖς
750 2913 1000 3001 Ἀμφικτύοσιν·
1021 2912 1108 2984 ὑπό-

153 3012 328 3101 κειταιγάρ
336 3013 372 3082 τδ
380 3022 542 3100 Κιρραῖον
553 3020 721 3104 πεδίοντῷ
730 3020 807 3104 ἱερῷ
819 3016 874 3081 καλ
885 3011 1107 3081 έστινεόσόν-

156 3138 269 3182 οπτον.
301 3111 448 3200 ,,ὁράτ’,“
466 3120 551 3200 ἔφην
563 3114 645 3201 ἐγώ,
671 3107 724 3200 „02⁹
733 3113 852 3200 ἀνδρες
860 3111 1108 3200 Ἀμφικτύονες,
1126 3129 1168 3184 1ιέ

154 3216 406 3299 ἐξειργασμένον
417 3220 516 3282 τοῦτο
535 3211 571 3282 τό
593 3219 709 3282 πεδίον
730 3210 795 3282 ὑπὸ
814 3219 883 3280 τόν
898 3212 1106 3298 Ἀμφισσέων

154 3314 209 3378 καὶ
229 3324 386 3397 κεραμεῖα
406 3314 681 3400 ἐνῳκοδομημένα
703 3311 757 3378 καὶ
775 3306 889 3376 αὔλια·
918 3306 1017 3392 ὁρᾶτε
1039 3325 1107 3388 τοῖς

153 3404 342 3491 ὀφθαλμοῖς
354 3404 414 3475 τὸν
436 3407 607 3493 έξάγιστον
624 3409 679 3475 καὶ
696 3407 863 3494 έπάρατον
875 3408 991 3492 λιμένα
1001 3432 1106 3474 τετει-
