2340 3916
261 203 382 260 IIEPI
401 203 831 262 ΠΑΡΑΠΡΕΣΒΕΙΑΣ.
978 201 1020 264 69

18 377 52 431 10
66 389 145 442 τους
163 370 366 449 κατηγορῶν.
390 359 479 427 οὕτω
497 359 529 428 δ’
549 354 592 448 ἦν
608 362 786 448 πρόθυμος
803 361 899 442 είςτά
911 365 1019 448 πράγ-

69 488 166 548 ματα,
180 460 264 528 ὥστε
276 465 313 529 έν
322 468 364 548 vy}
374 468 482 546 βουλῇ
492 462 631 547 γράφει,
652 466 708 529 ἵνα
726 460 861 548 ἀζήμιος
879 459 928 529 οἷν
940 461 1019 548 ἡμῖν

70 559 305 645 συμπρεσβεύῃ
328 557 345 625 ὁ
363 556 614 644 Ἀριστόδημος,
636 561 771 627 ἑλέσθαι
791 563 944 646 πρέσβεις
966 564 1019 629 ἐπὶ

69 657 127 738 τάς
138 657 265 739 πόλεις,
283 661 319 725 ἐν
330 653 381 736 αἷς
392 663 458 726 ἔδει
469 657 529 725 τόυ
541 657 776 745 Ἀριστόδημον
786 656 1017 743 ἀγωνίζεσθαι,

70 764 187 836 οἵτινες
198 755 281 841 ὑπὲρ
301 755 406 825 αὐτού
421 758 682 844 παραιτήσονται
692 756 750 836 τάς
761 764 881 843 ζημίας.
904 760 958 826 καὶ
969 757 1020 825 ὅτι
1036 776 1089 830 20³

69 855 163 928 ταῦτ’
175 861 264 925 ἐστὶν
280 856 404 943 άληθῆ,
430 861 512 943 λαβέ
524 883 580 943 μοι
597 856 637 924 τά
653 865 863 943 ψηφίσματα,
885 859 941 924 καὶ
957 858 1020 943 την

55 951 292 1042 ’ἐκμαρτυρίαν
309 955 485 1041 ἀνάγνωθι
500 955 563 1042 τὴν
578 955 832 1042 Ἀριστοδήμου,
854 958 910 1023 καὶ
927 958 1020 1024 κάλει

70 1054 152 1139 πρὸς
163 1055 222 1134 οὓς
233 1056 509 1142 ἐξεμαρτύρησεν,
531 1055 578 1123 ἵν’
597 1062 730 1124 εἰδῶσιν
742 1061 776 1124 οέ
785 1058 950 1139 δικασταὶ,
972 1062 1020 1133 τίς

68 1148 112 1238 ἦν
124 1155 349 1238 Φιλοκράτους
362 1158 487 1238 ἑταῖρος
503 1156 558 1221 καὶ
569 1161 617 1232 τίς
625 1148 650 1222 ’ὁ
662 1153 722 1234 τὰς
733 1154 858 1239 δωρεάς
871 1153 1019 1238 Ἀριστο-

71 1252 162 1342 δήμῳ
175 1253 315 1338 φάσκων
325 1261 450 1322 πείσειν
461 1258 579 1320 δοῦναι
589 1253 650 1322 τδν
659 1260 773 1340 δῆμον.

73 1417 366 1479 ΨΗΦΙΣΜΑΤΑ.
410 1420 712 1481 EKMAPTYPIA.
757 1421 1018 1483 MAPTYPIAI.
1036 1426 1089 1481 204

20 1553 57 1604 20
149 1539 191 1608 ‘H
207 1542 267 1626 μὲν
282 1549 399 1608 τοίνυν
415 1546 448 1622 ἐξ
460 1541 560 1629 άρχῆς
571 1549 720 1622 ἔνστασις
730 1552 800 1610 τοῖν
811 1542 901 1611 ὅλων
912 1570 1020 1627 πραγ-

70 1640 184 1724 μάτων
193 1643 321 1723 ἐγένετο
333 1639 375 1707 ού
387 1640 430 1707 δι’
444 1645 536 1725 ἐμοῦ,
549 1641 633 1709 ἀλλὰ
645 1642 700 1708 διὰ
709 1645 953 1728 Δημοσθένους
965 1647 1019 1709 καὶ

70 1740 311 1823 Φιλοκράτους·
324 1745 360 1806 ἐν
369 1740 405 1806 δὲ
414 1746 454 1826 vy}
464 1747 621 1827 πρεσβείᾳ
631 1754 799 1807 συσσιτεῖν
806 1738 887 1827 ἡμῖν
898 1741 1019 1808 ἐσπού-

71 1845 188 1917 δασεν,
209 1839 271 1908 ούκ
283 1842 338 1926 έμὲ
349 1848 477 1926 πείσας,
497 1839 580 1910 ἀλλὰ
591 1834 670 1919 τούς
680 1839 750 1927 μετ’
764 1845 863 1928 ἐμοῦ,
884 1843 1021 1926 Ἀγλαο-

70 1944 209 2024 κρέοντα
227 1938 288 2007 τὸν
309 1945 482 2023 Τενέδιον,
506 1937 546 2007 δν
557 1945 592 2007 ἐκ
606 1950 674 2007 τῶν
685 1941 867 2027 συμμάχων
878 1946 1018 2023 εἵλεσθε,

71 2042 127 2107 καὶ
143 2038 335 2122 Ἰατροκλέα.
357 2043 394 2106 ἐν
414 2039 449 2106 δὲ
465 2047 505 2126 vy}
529 2045 645 2127 πορείᾳ
668 2039 960 2124 παρακελεύεσθαί
979 2066 1020 2126 με

72 2140 174 2223 φησὶν
190 2137 296 2227 αὑτῷ,
320 2136 409 2216 ὅπως
425 2137 462 2206 τό
481 2145 712 2226 θηρίονκοινη
729 2140 936 2226 φυλάξομεν,
960 2138 1032 2206 τὸν·

72 2234 291 2320 Φιλοκράτην,
304 2242 437 2319 πρᾶγμα
448 2237 554 2319 λέγων
565 2243 809 2321 πεπλασμένον·
821 2247 891 2315 πῶς
900 2235 965 2320 γάρ
977 2231 1021 2301 άν

72 2331 134 2415 ε’γάι
157 2335 383 2418 Δημοσθένην
411 2335 463 2401 ἐπὶ
487 2335 698 2420 Φιλοκράτην
726 2336 954 2416 παρεκάλουν,
981 2330 1021 2399 δν

70 2431 163 2518 ᾔδειν
174 2430 375 2498 συνειπόντα
387 2431 447 2516 μέν
459 2432 671 2516 Φιλοκράτει,
684 2431 734 2499 ὅτ’
745 2427 820 2518 ἦνὴ
833 2439 901 2499 τῶν
912 2456 1021 2512 παρα-

71 2529 184 2614 νόμων
197 2528 325 2615 γραφη,
342 2535 576 2615 προβληθέντα
590 2529 621 2597 δ’
635 2537 680 2608 είς
690 2529 752 2617 την
764 2536 943 2616 πρεσβείαν
953 2528 1018 2597 ύπὸ

20 2642 54 2694 21
73 2629 315 2712 Φιλοκράτους;
338 2627 421 2713 πρὸς
438 2631 474 2695 δὲ
493 2628 624 2705 τούτοις
640 2626 703 2694 ούκ
718 2633 756 2693 έν
767 2628 930 2707 τοιούτοις
938 2621 1022 2714 ἦμεν
1038 2651 1090 2706 205

72 2727 182 2813 λόγοις
194 2732 228 2794 οί
237 2731 473 2812 συμπρέσβεις,
495 2724 569 2794 ἀλλ’
589 2726 672 2812 ὅλην
689 2724 752 2812 την
768 2733 907 2807 πορείαν
916 2725 1021 2813 ἠναγ-

71 2829 239 2913 καζύμεθα
252 2826 429 2911 ὑπομένειν
439 2830 666 2913 Δημοσθένην
681 2824 853 2912 άφύρητον
869 2825 951 2895 ὅντα
966 2829 1022 2895 καὶ

73 2925 181 3010 βαρύν
198 2925 397 3007 ἄνθρωπον·
421 2923 458 3003 δς
469 2926 743 2994 διασκοπούντων
752 2923 863 3011 ἡμῶν,
889 2924 909 2992 ὅ
918 2953 950 2994 τι
960 2924 1021 3012 χρὴ

73 3027 191 3111 λέγειν,
204 3027 259 3092 καὶ
269 3032 424 3110 Κίμωνος
435 3025 595 3107 εἰπόντος,
608 3023 658 3091 ὅτι
669 3031 823 3110 φοβοῖτο,
837 3021 881 3110 μη
895 3028 1022 3091 δικαιο-

73 3124 276 3209 λογούμενος
293 3127 497 3208 περιγένοιτο
515 3123 610 3208 ἡμῶν
627 3121 644 3189 ὁ
666 3130 839 3214 Φίλιππος,
851 3122 958 3219 πηγάς
981 3121 1020 3206 δὴ
1039 3138 1092 3193 λοῦ

72 3222 182 3305 λόγων
200 3222 376 3307 άφθόνους
393 3229 478 3309 ἒχειν
494 3226 725 3308 ἐπηγγέλλετο,
742 3225 797 3289 καὶ
809 3222 883 3305 περὶ
893 3227 962 3287 τῶν
972 3224 1024 3285 δι-

72 3329 176 3389 καίων
184 3321 340 3407 τῶνὺπὲρ
350 3319 1025 3408 Ἀμφιπόλεωςκαλτηςάρχηςτούπολέμου

72 3431 207 3488 τοιαῦτα
220 3426 307 3505 ἐρεῖν
318 3430 392 3508 ἔφη,
406 3422 489 3491 ὥστε
500 3423 707 3506 ἀπορράψειν
718 3421 754 3489 τὸ
767 3428 936 3490 Φιλίππου
947 3421 1025 3487 στύ-
