2340 3916
445 735 778 814 FRAGMENTA.

127 943 185 993 IIS.
398 943 420 991 Ι.
456 940 817 992 ΣΤΜΒΟΤΑΕΤΤΙΚΟΣ.

213 1044 344 1104 Eandem
367 1046 535 1105 orationem
557 1051 587 1105 οι
609 1044 665 1104 hac
687 1045 883 1124 inscriptione
907 1051 936 1105 et
959 1064 993 1106 ea
1017 1063 1096 1125 quae

129 1154 173 1207 est
186 1132 360 1223 notisnotis
374 1135 530 1223 ἑταίρους
542 1145 692 1225 designari
704 1145 903 1206 Kirchhnfflus
911 1145 1024 1222 (Herm.
1033 1145 1054 1218 1,
1062 1144 1093 1225 6)

127 1256 210 1309 recte
232 1249 359 1309 fortasse
381 1249 520 1309 coniecit.

93 1357 109 1406 ι
215 1346 243 1409 1.
264 1335 441 1424 εὐωχεῖν
466 1335 543 1406 άντὶ
561 1341 624 1406 τοά
648 1335 851 1422 εὐωχεῖσθαι
871 1335 960 1406 Ἀνδ.
994 1347 1095 1426 Σομ-

127 1441 345 1531 βονλευτικῷ.
381 1453 529 1513 Αοιίειιίο.
553 1451 588 1512 B.
611 1452 644 1512 Α.
667 1447 722 1521 94,
745 1447 797 1511 21.

93 1576 110 1624 3
211 1550 242 1614 2.
264 1551 304 1611 Ν
308 1547 542 1630 ανιιρατίαν
558 1540 647 1610 Ἀνδ.
669 1544 969 1632 Συμβουλευτικῷ.
1005 1553 1091 1614 Phot.

149 1651 255 1724 ‚288,
279 1652 330 1716 2.

126 1673 168 1806 fn
300 1653 914 1810 311.nponsomnnm1nomn.·
1012 1778 1016 1783 -

214 1861 244 1917 V.
269 1877 343 1937 quae
366 1857 501 1919 adnotata
525 1857 645 1919 suntad
662 1876 706 1918 or.
725 1859 745 1918 Ι.
761 1857 924 1935 Epistulam
941 1857 1091 1929 Quadrin-

126 1966 285 2036 gentorum
301 1966 436 2036 tempore
446 1958 483 2020 nd
495 1959 670 2020 Pisandrum
683 1946 811 2039 ¹eiusque
827 1959 924 2021 socios
940 1960 1094 2039 conscrip-

127 2068 187 2120 tam
218 2058 394 2136 intellegunt
421 2059 615 2122 Ruhnkenins
649 2071 679 2121 et
706 2061 868 2140 Sauppius;
903 2060 975 2123 mihi
1010 2069 1094 2123 recte

126 2159 327 2222 Kirchhniflns
349 2161 386 2221 ad
408 2179 434 2221 a.
456 2158 637 2224 420-418
659 2162 808 2223 rettulisse
828 2162 953 2224 videtur.
989 2162 1027 2223 ni.
1057 2162 1093 2224 ad

126 2258 310 2324 m4m5

90 2386 108 2434 4
210 2362 239 2426 3.
262 2355 330 2422 Καὶ
348 2353 459 2441 τάφον
477 2354 539 2442 μὲν
557 2353 670 2424 αάτοῦ
689 2364 916 2444 (Themistoclis)
936 2353 1093 2443 λαμπρὸν

127 2458 165 2524 ἐν
188 2458 230 2544 τῇ
249 2453 359 2546 άνορᾷ
385 2455 566 2545 Μάγνητες
592 2461 721 2543 ἔχουσι·
759 2455 836 2544 περὶ
862 2453 900 2525 δὲ
926 2458 996 2524 τῶν
1021 2463 1091 2526 λει-

125 2548 246 2636 ψάνων
264 2555 339 2626 οὔτ’
354 2556 538 2646 Ἀνδοκίδῃ
557 2560 732 2647 προσέχειν
755 2554 849 2636 άξιον
875 2559 912 2627 ἐν
937 2562 985 2649 τῷ
1005 2559 1092 2646 πρὸς

124 2657 204 2737 τοὺς
242 2660 398 2748 ἑταίρους
436 2661 569 2746 λέγοντι
606 2658 832 2748 φωράσαντας
866 2658 907 2727 τά
943 2667 1090 2740 λείψανα

125 2761 300 2847 διαρρῖψαι
321 2758 403 2840 τοδς
424 2760 645 2850 Ἀθηναίους·
670 2760 830 2842 ψεύδεται
855 2761 922 2849 γάρ
954 2760 1010 2829 ἐπὶ
1027 2759 1091 2828 τὸν

124 2861 231 2947 δῆμον
249 2861 450 2950 παροξύνων
467 2861 548 2944 τοδς
562 2860 804 2953 ὀλιγαρχικούς.
847 2875 923 2936 Plut.
945 2872 1089 2934 Themist.

125 2990 151 3032 c.
173 2969 223 3036 32.

191 3092 237 3143 Or.
256 3093 269 3143 I
288 3092 314 3145 S.
332 3096 398 3160 περι
416 3094 467 3162 τῆς
484 3087 636 3159 ἐνδείξεως
653 3095 751 3162 (Harp.
770 3111 792 3146 ε.
809 3111 835 3147 v.
854 3092 986 3162 ζητηταί,
1004 3093 1091 3146 Pseu·

123 3157 228 3223 doplut.
246 3162 261 3222 5
280 3162 321 3226 14)
340 3164 407 3214 mihi
432 3179 493 3215 cum
516 3164 637 3228 Tayloro
663 3162 840 3229 (quamquam
863 3163 947 3213 aliter
963 3161 1091 3225 valesio,

124 3226 258 3291 Sinitem,
286 3230 409 3296 Sauppio
430 3233 521 3283 visum
543 3231 597 3295 εει)
623 3246 678 3282 non
700 3231 811 3283 diversa
834 3247 852 3282 a
878 3231 967 3298 prims
993 3234 1090 3281 nostra

124 3293 209 3346 fuisse
228 3296 345 3348 videtur.
369 3299 412 3354 Of.
431 3299 467 3351 ad
484 3300 540 3350 vit.
557 3298 576 3350 1.
596 3314 631 3365 α,
650 3299 698 3350 ubi
717 3298 795 3351 etde
815 3302 885 3350 orni.
903 3297 966 3353 adv.
979 3297 1090 3350 Phaea-

124 3366 1011 3502 ⁰⁰⁰⁰tq¹ii⁰iiimiiiiii'issgiiiissitssiiiiii?iiim
1046 3431 1089 3486 s·
