2340 3916
63 178 91 230 ρ.
108 162 151 214 το.
268 165 359 215 nm
376 162 454 215 νον
471 162 634 214 muoz
651 162 816 216 umor.
958 170 1019 231 105

60 336 123 405 τοῦ
145 331 290 424 μάρτυσι
312 330 483 404 πιστεύειν
505 340 609 424 ἔφυγε
631 332 693 422 την
715 332 870 421 βάσανον.
913 341 1020 406 καίτοι

10 484 12 503 .
62 442 92 506 εί
116 433 304 524 φανήσεται
328 436 433 506 ταῦτα
458 439 591 523 ποιησαι
616 432 661 525 μὴ
689 433 850 524 θελήσας,
875 444 911 505 τί
938 431 1020 507 διτο-

25 552 29 563 ’
58 542 210 606 λείπεται
226 553 294 616 τοῖς
303 538 435 606 ἐκείνου
452 533 614 625 μάρτυσιν
630 531 654 625 ἢ
671 541 783 607 δοκεῖν
793 538 872 607 νυνὶ
887 533 928 606 τὰ
939 553 1019 620 ψευ·

61 639 106 724 δῆ
120 653 319 727 μαρτυρεῖν,
342 633 462 706 τούτου
485 639 678 723 τηλικοῦτον
700 643 835 724 ἔλεγχον
857 637 1020 726 πεφευγό-

57 765 133 824 τοςς
153 734 217 825 έγώ
233 737 295 826 μὲν
305 736 396 826 οἶμαι
407 731 517 807 οὐδέν.
540 733 636 807 Ἀλλά
648 735 715 827 μὴν
732 732 776 816 ἀς
793 731 905 824 ἀληθῆ
921 741 1018 825 λέγω,

58 839 147 926 λαβέ
167 864 222 926 μοι
244 839 374 928 πρῶτον
397 837 402 925 Ι
424 835 550 924 ταύτην
572 835 634 926 τὴν
656 843 841 928 μαρτυρίαν
863 840 919 907 καὶ
941 835 1020 908 ἀνά-

58 949 181 1027 γνωθι.

313 1086 315 1095 “
444 1084 655 1135 ΜΑΡΤΤΡῙΑ.·

134 1233 240 1327 ’Τμεῖς
261 1239 322 1327 μέν
343 1246 459 1308 τοίνυν
476 1242 532 1308 καί
550 1245 620 1331 ίδίᾳ
642 1243 698 1310 καὶ
716 1246 857 1332 δημοσίᾳ
874 1238 1022 1328 βάσανον
1040 1271 1072 1323 12

57 1335 298 1429 ἀκριβέστατον
329 1345 462 1427 ἔλεγχον
490 1348 651 1429 νομίζετε·
681 1343 737 1411 καὶ
759 1336 883 1412 ὁπόταν
907 1346 1020 1412 δοῦλοι
1114 1364 1122 1383 ·

57 1442 118 1509 καὶ
145 1437 315 1529 ἐλεύθεροι
342 1441 593 1530 παραγένωνται
616 1443 671 1510 καί
695 1444 753 1531 δέη
784 1437 969 1531 εὑρεθῆναί
987 1472 1020 1512 τι

57 1543 130 1610 τῶν
143 1541 364 1662 ζητουμένων,
382 1535 423 1660 ρά
441 1545 567 1631 χρησθε
579 1558 650 1622 ταῖς
660 1545 728 1612 τω”ν
741 1544 928 1632 ἐλευθέρων
939 1573 1020 1632 μαρ-

56 1647 208 1730 τυρίαις,
232 1636 315 1709 ἀλλά
337 1637 414 1721 τούς
442 1641 583 1722 δούλους
601 1649 739 1729 βασανίζ
738 1669 846 1731 οντες,
864 1640 951 1713 οὕτω
969 1653 1020 1730 ζη-

57 1757 150 1810 τεῖτε
172 1736 295 1861 εὑρεῖν.
305 1768 367 1828 την
388 1737 550 1829 ἀληθειαν
571 1770 639 1813 των
661 1746 900 1831 γεγενημένων.
937 1741 1021 1812 είκύ-

57 1866 145 1929 τως,
168 1869 195 1909 ω
219 1838 351 1933 ἀνδρες
376 1839 510 1912 σύνιστε
531 1840 595 1933 γάρ
616 1839 666 1912 ὅτι
688 1847 756 1913 των
778 1843 840 1932 μεν
856 1872 1021 1962 μαρτυρη·

58 1939 195 2012 σάντων
211 1938 275 2029 ἤδη
292 1942 413 2022 τινὲςὲ
398 1939 568 2025 ἕ’δοξαν
528 1971 568 2012 ου
585 1938 715 2031 τάληθῆ
724 1947 942 2034 μαρτυρῆσαι,
954 1972 1022 2014 των

60 2043 393 2129 δὲβασανισθέντων
410 2039 546 2125 οὐδένες
565 2041 697 2113 πύποτε
715 2040 1001 2133 ἐξηλέγχθησαν
977 2073 1021 2125 ως

58 2139 128 2213 ούιι
161 2138 271 2230 ἀληθῆ
299 2146 335 2212 ἐκ
357 2147 424 2213 των
447 2143 604 2232 βασάνων
629 2143 783 2224 εἰπόντες,
825 2134 922 2225 οὗτος
947 2141 978 2214 δ’
1003 2140 1072 2216 δ13

57 2241 200 2314 πάντων
227 2239 521 2334 ἀναισχυντότατος
544 2241 735 2334 ἀνθρώπων
762 2242 870 2332 λόγοις
898 2255 1021 2315 πεπλα-

58 2347 196 2434 σμένοις
208 2346 263 2413 καὶ
275 2342 439 2435 μάρτυσιυ
450 2342 491 2415 ού
508 2341 639 2433 τάληθῆ
654 2347 880 2435 μαρτυροῦσιυ
891 2342 1022 2428 ἀξιώσει

57 2442 234 2515 πιστεύειν
256 2440 358 2535 ὑμᾶς,
388 2445 526 2534 φεύγων
548 2443 655 2526 οὕτως
678 2442 826 2536 ἀκριβεῖς
855 2447 1021 2533 έλέγχους;

57 2540 139 2615 ἀλλ’
158 2541 218 2633 ούχ
234 2540 348 2634 ἡμεῖς,
373 2541 456 2615 ἀλλά
473 2545 636 2637 πρότερον
658 2541 746 2635 ὑπὲρ
768 2547 836 2614 τοῖν
858 2573 1021 2633 μαρτνρη-
1151 2546 1157 2557 ’

56 2643 231 2734 θήσεσθαι
247 2643 436 2733 μελλόντων
451 2642 649 2729 ἀξιώσαντες
662 2653 708 2725 είς
720 2643 885 2733 βασάνους
898 2647 1021 2733 ἐλθεῖν,

57 2742 202 2825 τούτους
227 2745 264 2814 δὲ
287 2744 551 2835 φεύγοντας...
572 2800 600 2835 .,
622 2742 728 2826 οὕτως
750 2743 933 2834 οίησόμεθα
951 2751 1023 2815 δεῖν

57 2841 151 2936 ὑμᾶς
174 2862 241 2926 τοῖς
264 2841 433 2937 ἡμετέροις
456 2845 598 2938 μάρτυσι
626 2845 804 2917 πιστεύειν.
845 2847 937 2934 Λαβὲ
959 2836 1023 2916 οὖν

59 2943 179 3026 αὐτοῖς
197 2949 336 3017 ταυτασί
352 2943 410 3028 τάς
427 2955 610 3040 μαρτυρίας
628 2950 684 3017 καί
701 2944 883 3036 ἀνάγνωθι.

438 3112 649 3163 ΜΑΡΤΤΡΙΑΙ.

144 3259 244 3333 Τίνας
267 3249 355 3332 είιιός
378 3255 502 3322 είδέναι
524 3249 565 3321 τά
588 3250 725 3338 παλαιάς
752 3247 893 3340 δηλον”
874 3280 924 3322 οτι
947 3247 1024 3330 τούς
1043 3275 1074 3323 14

59 3352 301 3475 χρωμένους
270 3381 316 3421 τω
334 3351 465 3422 πάππω.
502 3351 770 3443 μεμαρτυρηκασι
787 3347 940 3423 τοίνυυ’
920 3378 1024 3437 ακοην
1135 3442 1139 3449 ,

58 3479 163 3523 ουτοι.
198 3460 340 3534 τίναςί
310 3480 325 3521 ε
327 3455 434 3523 ίδέναι
452 3481 492 3522 τα
480 3449 638 3544 περὶ
601 3481 663 3539 την
680 3460 812 3523 ἔκδοσιν
829 3480 887 3539 της
903 3448 1024 3587 μητρὸς
