2340 3916
176 185 216 250 12
551 184 767 237 AmNAPXOT

174 344 211 415 τὸ
238 352 406 434 Θηβαίων.
443 347 516 431 λέγε
541 343 599 425 τάς
623 349 814 435 μαρτυρίας.
852 341 1060 431 ἀναγίνωσκε
1083 343 1144 426 τὰς

176 452 359 533 ἐπιστολάς.

315 586 501 637 ΨΗΦΙΣΜΑ.
537 584 748 636 ΜΑΡΤΤΡΙΑῙ.
783 584 1001 636 ΕΠΙΣΤΟΛΑΙ.

18 852 21 857 Ι
124 781 157 831 28
256 761 443 843 Μισθωτὸς
461 752 574 847 οὗτος,
598 751 831 847 όἏθηναῖοι,
854 758 1025 848 μισθωτὸς
1044 752 1144 842 οὗτός

175 870 244 935 ε’στι
266 868 415 949 παλαιός.
453 858 551 948 οὗτος
573 859 617 954 ήν
641 863 658 934 6
677 865 740 954 τήν
763 872 943 956 πρεσβείαν
966 865 1028 955 τήν
1051 866 1145 965 παράΙ

25 966 35 1053 ,’
84 1000 111 1071 ρ
176 980 346 1043 Φιλίππου
370 975 601 1064 πορευομένην
621 968 665 1054 ὡς
687 970 773 1062 ἡμᾶς
792 976 827 1042 ἐκ
847 976 972 1060 Θηβῶν
990 975 1144 1060 καλέσας,

174 1082 230 1148 καὶ
253 1083 315 1148 τού
336 1083 484 1167 λυθῆναι
505 1078 564 1148 τὸν
587 1083 721 1171 πρῶτον
743 1079 889 1167 πόλεμον
912 1088 1016 1161 αίτιος
1044 1081 1142 1166 γενό-

135 1206 291 1305 μενος·
334 1177 431 1267 οὗτος
464 1186 660 1278 Φιλοκράτει
692 1194 950 1315 συναπελργεῑτο
983 1189 1028 1278 τῷ
1060 1186 1143 1276 γρά-

175 1306 277 1372 υαντι
300 1291 383 1382 πρὸς
402 1298 570 1362 Φίλιππον
589 1292 742 1383 εἰρήνην,
766 1289 845 1360 δι’
832 1292 876 1379 ήν
895 1289 989 1380 ύμεις
1013 1296 1145 1362 ἐκείνου

177 1397 353 1486 ἐξεβάλετε,
372 1402 428 1469 καὶ
447 1399 544 1489 ζεύγη
563 1415 632 1481 τοις
650 1401 829 1489 πρέσβεσιν
844 1397 1054 1486 ἐμισθώσατο
1073 1415 1144 1480 τοις

176 1502 257 1591 μετὰ
273 1500 489 1596 Ἀντιπάτρου
509 1503 601 1595 δεῦρ’
623 1508 796 1592 ἐλθοῦσιν,
815 1497 1063 1594 ἀναλαμβάνων
1083 1502 1145 1575 αύ-

129 1617 132 1623 ’
176 1609 255 1738 τρύς
278 1611 388 1681 καὶ
357 1640 387 1683 τ(
413 1612 606 1683 κολακευειν
617 1639 709 1741 τους
727 1612 934 1742 Μακεδόνας
947 1616 1145 1715 πρῷτοςς
1095 1617 1145 1694 είς

90 1158 104 1209 λ

177 1821 284 1913 άφήτε
307 1823 367 1894 τδν
391 1829 444 1896 ἐπὶ
462 1841 532 1907 τοῖς
554 1828 612 1913 τής
630 1826 757 1906 πόλεως
780 1828 899 1895 καὶ
854 1853 922 1894 των
946 1824 1057 1895 άλλων
1072 1822 1144 1894 Ἐλ-

24 1900 40 2041 .'
137 1961 163 2000 ει
176 1932 288 2020 λήνων
322 1934 327 2021 Ι
361 1930 567 2022 ἀτυχήμασιν
604 1934 887 2023 ἐπιγεγραμμένον
924 1930 1145 2021 άτιμεόρητου,

26 2054 32 2069 ’“
177 2042 375 2127 εἰλημμένον
403 2037 454 2109 ἐπ’
484 2036 672 2130 αὐτοφώρω
701 2041 793 2127 δῶρα
822 2044 939 2126 ἔχοντα
971 2037 1053 2108 κατὰ
1084 2043 1147 2126 τής

32 2170 56 2187 ’·
79 2112 113 2245 (ἶ
176 2145 313 2232 πόλεως,
331 2146 415 2234 μηδὲ
434 2149 491 2235 τής
510 2143 642 2235 άγαθής
659 2145 760 2232 τύχης
778 2141 864 2232 ὑμᾶς
883 2147 936 2213 ἐπὶ
954 2145 991 2215 τὸ
1011 2148 1145 2233 βέλτιον

177 2248 336 2340 ἀγούσης,
355 2256 411 2323 καὶ
429 2251 489 2322 τὸν
507 2252 569 2340 μὲν
588 2255 702 2342 ἕτερον
719 2253 787 2318 τόν
805 2249 868 2338 τήν
886 2257 1031 2341 πατρίδα
1049 2261 1143 2322 λελυ-

176 2361 355 2446 μασμένων
383 2363 419 2428 ἐκ
446 2361 503 2448 τῆς
530 2358 657 2439 πόλεως
684 2360 934 2446 ἐκβεβληκυίας,
962 2362 1084 2427 τοῦτον
1108 2356 1141 2428 δ’

177 2461 258 2553 ὑμῖν
282 2463 474 2535 άποκτεῑναι
497 2463 729 2555 παραδούσης,
752 2460 850 2533 αύτοὶ
873 2479 943 2546 τοῖς
960 2468 1041 2534 πᾶσι
1060 2486 1143 2552 συμ-

177 2574 343 2661 φέρουσιν
362 2573 603 2660 ἐναντιωθήτε,
627 2567 710 2639 άλλά
728 2577 992 2659 μετοιωνίσασθε
1010 2570 1068 2652 τὰς
1086 2574 1146 2659 τής

176 2677 302 2759 πόλεως
320 2677 464 2768 πράξεις,
483 2683 530 2759 είς
548 2676 690 2758 τούτους
707 2676 788 2760 τοὺς
806 2674 971 2766 ἡγεμόνας
988 2676 1046 2759 τάς
1064 2675 1143 2746 άτυ·

24 2854 33 2865 ,
125 2799 159 2848 30
177 2790 250 2870 χίας
273 2786 460 2873 τρέψαντες.
497 2789 543 2865 είς
566 2799 666 2853 ποῖον
689 2783 753 2875 γάρ
781 2782 900 2874 καιρόν
927 2782 1144 2871 ἀποθήσεσθε

34 2900 38 2909 ’
177 2892 300 2958 τούτου
323 2887 549 2978 ὑπολαβόντες
572 2889 736 2981 χρήσιμον
754 2888 836 2979 ύμῖν
856 2888 971 2972 αὐτοῖς
990 2896 1143 2973 ἔσεσθαι,

247 3097 291 3147 28.
321 3095 468 3148 Φιλίππου
491 3099 516 3150 N
539 3096 577 3148 Ad
599 3098 666 3148 Bk:
690 3096 741 3150 τοῦ
763 3097 910 3149 Φιλίππου
932 3099 961 3148 Μ
985 3102 1057 3149 etv.
1076 3103 1143 3148 ante

179 3163 231 3213 Bk.
262 3163 298 3213 cf.
314 3167 356 3215 74.
374 3167 466 3217 80.-
487 3156 646 3225 ἐκκαλέσας
663 3166 688 3217 Α
709 3181 806 3232 pn-
827 3166 1053 3233 συναπελογειτο
1070 3167 1142 3219 Wm

178 3231 230 3285 Mr.
250 3231 313 3282 coll.
332 3233 432 3288 Aesch
450 3236 474 3296 3,
493 3235 539 3298 62;
558 3235 584 3298 2,
605 3235 649 3286 14:
670 3234 827 3299 ουνανελογ
830 3235 890 3285 ειτο
908 3232 999 3295 οοδᾱη
1023 3249 1143 3285 συνανε-

178 3299 576 3366 κοινολ.Δ1δ.(ουυεκοινολ
596 3317 657 3350 cum
675 3301 709 3353 R.
726 3301 787 3360 Bk..
807 3302 944 3366 ουνωμολ.
962 3300 1063 3365 Turn).

245 3369 286 3419 29
323 3361 428 3432 ἄνδρες
450 3369 476 3420 N
497 3369 562 3420 Mn:
591 3387 612 3421 ω
600 3355 692 3420 avo
693 3385 747 3436 ρ.ες
776 3369 812 3422 cf.
836 3370 980 3449 5182-
1008 3372 1070 3428 τοῖς
1094 3367 1145 3433 τῆς

176 3433 226 3486 ΝΑ
243 3435 291 3486 R..-
310 3435 362 3518 τῆς
380 3435 451 3502 (τοις
470 3437 593 3503 ΖΜ).-
615 3386 736 3503 ύμᾶςρθ.
753 3437 845 3487 Turr..
839 3428 999 3505 .ήμάς.-
1023 3430 1146 3502 ἀτυχίας

164 3504 204 3553 Ν
201 3504 230 3552 U
240 3503 311 3558 Μαι
301 3496 501 3575 α’ποτυχίας.

20 3506 204 3664 'a
