2340 3916
291 222 422 278 ΚΑΤΑ
444 220 822 279 ΚΤΗΣΙΦΩΝΤΟΣ.
968 215 1030 279 189

78 409 138 449 ταν
157 379 267 465 ῶσπερ
286 388 353 447 τῶν
371 377 484 446 αὐλῶν
504 378 561 446 ἐάν
578 404 626 455 τις
644 376 767 465 ἀφίλη,
790 377 825 446 τδ
839 377 1026 449 λοιπόνοά-

79 481 244 546 δι’νέστιν.

34 589 60 642 λθ
165 574 328 662 (θαυμάζω
340 573 371 641 δ’
385 578 486 660 ἔγωγε
498 571 610 659 ὑμῶν,
630 566 657 640 ά
672 571 856 659 Ἀθηναῖοι,
868 578 922 644 καί
935 583 1028 663 ζητῶ,

79 675 163 760 πρὸς
176 684 209 742 τί
217 670 261 742 ἀν
272 674 515 761 ἀποβλέποντες
526 671 798 758 ἀποψηφίσαισθε
810 673 872 760 την
883 676 1026 761 γραφήν.

79 774 221 848 πότερον
239 769 283 851 ῶς
300 769 336 840 τό
355 770 510 857 ψήφισμά
521 773 610 837 ἐστιν
621 774 780 856 ἔννομον;
805 769 878 839 ἀλλ’
893 771 1029 860 οὐδεμία

79 872 210 941 πῶποτε
227 871 343 958 γνῶμη
364 872 623 956 παρανομωτέρα
644 874 822 955 γεγένηται.
847 867 920 938 ἀλλ’
946 869 989 950 ῶς
1011 868 1028 939 ὁ

80 970 115 1038 τό
129 971 283 1056 ψήφισμα
293 970 424 1055 γράψας
434 966 496 1036 οὐκ
514 967 695 1054 ἐπιτήδειός
706 970 774 1035 ἐστι
785 973 880 1055 δίκην
892 973 1029 1049 δοῦναι;

80 1067 142 1136 οὐκ
159 1068 214 1152 ἀρ’
235 1071 295 1136 είσῖ
312 1065 392 1152 παρ’
408 1065 488 1154 ὑμῖν
499 1064 644 1136 εὔθυναι
654 1074 747 1154 βίον,
772 1074 803 1136 εί
811 1077 932 1137 τοῦτον
942 1067 1032 1156 ἀφή-

80 1189 161 1234 σετε.
186 1171 291 1236 ἐκεῖνο
310 1166 341 1235 δ’
363 1166 404 1236 οὐ
421 1165 590 1253 λυπηρὸν,
614 1173 643 1235 εί
652 1168 816 1253 πρότερον
827 1169 887 1254 μὲν
898 1172 1032 1255 ἐνεπίμ-

80 1277 182 1335 πλατο
194 1265 214 1354 ἡ
227 1265 391 1354 ὀρχήστρα
400 1275 534 1352 χρυσῶν
544 1265 729 1352 στεφάνων,
742 1263 817 1346 οἷςδ
829 1273 932 1354 δῆμος
941 1270 1032 1335 ἐστε-

80 1375 229 1452 φανοῦτο
242 1362 307 1434 ὑπδ
320 1375 366 1433 τῶ
370 1363 572 1450 νἘλληυων,
585 1365 638 1432 διά
653 1363 689 1433 τό
704 1370 842 1444 ξενικοῖς
855 1367 1030 1451 στεφάνοις

80 1465 205 1551 ταύτην
215 1464 440 1532 ἀποδεδόσθαι
451 1462 513 1550 την
523 1460 658 1550 ἡμέραν,
674 1468 710 1532 ἐκ
724 1465 759 1532 δὲ
770 1473 837 1532 τῶν
850 1468 1031 1551 Λημοσθέ-

80 1593 160 1645 νους
178 1564 425 1650 πολιτευμάτων
443 1561 536 1649 ὑμεῖς
552 1567 613 1649 μὲν
632 1563 858 1650 ἀστεφάνωτοι
877 1567 931 1632 καλ
948 1563 1032 1650 ἀκη-

34 1681 57 1734 31
81 1691 195 1747 ρνκτοι
211 1669 384 1748 γίγνεσθε,
406 1653 504 1739 οὗτος
523 1661 558 1728 δὲ
574 1661 834 1747 κηρυχθήσεται;
859 1663 913 1729 καὶ
931 1666 962 1729 εί
969 1666 1030 1746 μέν
1049 1672 1100 1725 624

79 1790 127 1840 τις
138 1769 205 1828 τῶν
216 1768 383 1845 τραγικῶν
395 1767 541 1844 ποιητῶν
552 1767 619 1827 τῶν
630 1760 710 1845 μετά
722 1769 825 1827 ταῦτα
836 1761 1029 1846 ἐπεισαγόν-

79 1886 145 1925 των
167 1859 333 1944 ποιησειεν
361 1862 398 1923 ἐν
422 1862 587 1945 τραγῳδίᾳ
608 1856 669 1925 τὸν
692 1865 852 1945 Θερσίτην
875 1856 940 1926 ὑπό
963 1867 1030 1927 τῶν

73 1953 241 2045 Ἑλλήνων
263 1958 551 2043 στεφανούμενον,
581 1955 689 2035 οὐδεὶς
710 1953 752 2025 ἀν
774 1956 870 2044 ὑμῶν
894 1956 1032 2044 ὑπομεί-

80 2084 184 2142 νειεν,
207 2055 258 2124 ότι
273 2057 376 2142 φησὶν
389 2054 533 2141 ’Όμηρος
553 2054 724 2140 ἀνανδρον
744 2053 848 2124 αὐτόν
870 2055 954 2124 εἶναι
975 2061 1031 2125 καὶ

82 2156 311 2241 συκοφάντην·
336 2153 431 2224 αὐτοὶ
450 2153 481 2221 δ’
501 2154 583 2222 ὅταν
600 2154 661 2222 τὸν
676 2163 829 2223 τοιοῦτον
846 2154 1031 2241 ἀνθρωπον

81 2260 285 2338 στεφανῶτε,
310 2250 372 2320 οὐκ
389 2263 502 2321 οίεσθε
519 2257 556 2321 ἐν
573 2268 642 2332 ταῖς
657 2261 725 2321 τῶν
739 2251 904 2341 Ἑλλήνων
922 2253 1031 2332 δόξαις

80 2361 308 2436 σνρίττεσθαι;
331 2356 364 2420 oc
378 2353 440 2440 μὲν
456 2352 520 2438 γάρ
539 2358 674 2439 πατέρες
689 2353 785 2440 ὑμῶν
796 2351 835 2420 τά
848 2356 964 2432 ἔνδοξα
975 2357 1029 2419 καῖ

79 2449 211 2537 λαμπρά
233 2458 299 2518 τῶν
316 2453 519 2537 πραγμάτων
535 2448 734 2519 ἀνετίθεσαν
750 2458 796 2537 τῶ
808 2452 918 2538 δήμω,
942 2449 981 2517 τά
995 2451 1030 2517 δὲ

78 2548 215 2616 ταπεινά
232 2551 286 2617 καὶ
302 2552 539 2633 καταδεέστερα
551 2555 597 2628 είς
610 2547 688 2627 τούς
699 2549 840 2636 ῥήτορας
850 2546 929 2626 τούς
940 2548 1030 2633 φαύ-

79 2657 158 2726 λους
170 2653 321 2729 ἔτρεπον·
345 2653 529 2732 Κτησιφῶν
540 2645 572 2713 δ’
590 2644 676 2731 ὑμῶς
689 2656 791 2715 ολέται
802 2652 872 2715 δεῖν
883 2644 1030 2732 ἀφελόν-

79 2774 136 2825 τας
153 2745 214 2833 τὴν
232 2744 367 2825 ἀδοξίαν
383 2745 448 2815 άπδ
460 2749 703 2833 Λημοσθένους
715 2756 900 2830 περιθεῖναι
911 2754 956 2837 τῷ
969 2747 1029 2832 δή·

34 2866 59 2918 ιλ
78 2875 137 2938 μω,
162 2851 216 2914 καί
234 2846 316 2931 φατὲ
335 2846 395 2932 μὲν
412 2843 557 2932 εὐτυχεῖς
576 2844 674 2930 εἶναι,
697 2842 742 2924 ῶς
762 2847 816 2913 καί
833 2847 904 2914 ἐστὲ
922 2852 1029 2923 καλῶς

78 2955 265 3031 ποιοῦντες,
289 2955 468 3031 ψηφιεῖσθε
480 2944 511 3012 δ’
525 2941 591 3011 ὑπὸ
603 2944 664 3030 μὲν
674 2951 732 3030 τῆς
742 2944 841 3032 τύχης
853 2947 1030 3030 ε’γκαταλε·

79 3057 231 3133 λεῖφθαι,
251 3043 316 3115 ἀπό
329 3047 572 3132 Δημοσθένους
584 3045 619 3112 δὲ
631 3037 670 3112 εὖ
681 3050 903 3127 πεπονθέναι;
926 3046 980 3112 καὶ
990 3045 1027 3112 τὸ
1044 3055 1097 3114 625

78 3145 214 3212 πάντων
225 3144 454 3230 ἀτοπώτατον,
474 3147 511 3212 ἐν
521 3157 589 3222 τοῖς
600 3141 710 3221 αὐτοῖς
722 3147 942 3229 δικαστηρίοις
952 3140 1030 3219 τους

79 3243 139 3328 μὲν
157 3245 214 3322 τάς
232 3252 298 3311 τῶν
317 3245 436 3327 δῶρων
453 3241 584 3328 γραφάς
601 3241 839 3329 ἁλισκομένους
862 3240 1027 3327 ἀτιμοῦτε,

79 3340 120 3410 δν
143 3341 174 3410 δ’
199 3341 293 3410 αὐτοὶ
311 3351 437 3427 μισθοῦ
456 3344 713 3428 πολιτευόμενον
731 3341 881 3424 σύνιστε,
906 3360 1029 3426 στεφα-

79 3444 215 3520 νῶσετε;
238 3444 292 3510 καὶ
310 3444 388 3520 τούς
404 3443 464 3529 μὲν
482 3444 594 3528 κριτάς
611 3439 688 3520 τοὺς
700 3444 735 3508 ἐκ
747 3448 814 3508 τῶν
826 3447 1032 3514 Διονυσίων,
