2340 3916
415 219 500 266 νιπιι
521 220 722 269 aurearum.
923 209 1058 272 XXVII

87 377 125 442 τὸ
147 375 253 458 γένος,
275 372 451 453 ὑποκριτοῦ
474 375 510 438 δὲ
531 373 571 439 τὰ
592 379 715 458 πρῶτα,
737 375 809 441 τότε
831 377 867 441 δέ
888 381 934 459 τῷ
955 375 1054 441 Ἀντι-

86 462 199 543 πάτρῳ
230 464 441 540 βοηθοῦντος,
478 459 602 539 ἐλήφθη
630 460 713 540 πρὸς
742 460 812 540 βίον
840 460 876 526 ἐν
903 466 949 544 τῷ
976 459 1053 544 ἱερῷ

85 550 145 611 τοῦ
167 546 382 628 Ποςειδιῦνος,
405 542 559 623 ἐχόμενος
581 548 640 609 τοῦ
655 544 851 624 ἀγάλματος·
874 545 926 610 καῖ
947 543 1055 624 ἀχθεὶς

85 632 168 711 πρός
190 629 400 710 Ἀντίπατρον
416 629 461 695 εἰς
478 629 644 712 Κόρινθον,
668 627 778 695 ἔπειτα
795 630 1053 713 βαςανιζόμενος,

85 718 219 796 διέφαγε
246 716 305 794 τὴν
333 718 496 797 γλῶτταν,
527 713 607 780 ὥςτε
630 716 729 795 μηδὲν
751 715 887 781 ἐξειπεῖν
909 720 975 781 τιῦν
997 718 1054 794 τῆς

85 803 213 866 πόλεως
236 799 430 879 ἀπορρήτων
453 803 643 879 δυνηθῆναι·
667 801 718 864 καὶ
740 799 844 865 οὕτως
859 799 1054 880 έτελεύτηςε,

84 887 324 964 Πυανεψιῶνος
353 884 449 969 ἐνάτῃ
475 883 652 964 ἱςταμένου.
694 885 873 964 Ἕρμιππος
898 886 935 950 δέ
957 905 1053 965 φηςιν
1073 893 1105 945 12

85 970 186 1036 αὐτὸν
209 973 511 1051 γλωττοτομηθῆναι
539 969 583 1034 εἰς
607 969 812 1035 Μακεδονίαν
840 969 976 1035 ἐλθόντα
1003 970 1054 1034 καὶ

86 1055 218 1135 ῥιφῆναι
241 1053 386 1135 ἄταφον,
416 1053 590 1135 Ἀλφίνουν
613 1056 664 1132 δέ,
688 1053 827 1134 ἀνεψιόν
850 1053 932 1120 ὄντα
954 1055 1053 1138 αὐτῷ,

85 1140 118 1222 [ἢ
143 1140 188 1205 ὥς
210 1159 294 1204 τινες
317 1139 521 1204 Γλαύκιππον
543 1139 658 1222 [τινὸς]
688 1141 745 1205 τὸν
769 1139 854 1222 υἱὸν]
883 1141 936 1204 διὰ
957 1138 1053 1205 Φιλο-

85 1226 218 1290 πείθους
239 1226 328 1289 τινὸς
350 1224 462 1303 ἰατροῦ
486 1225 627 1304 λαβόντα
655 1223 799 1291 ἐξουςίαν
826 1227 886 1289 τοῦ
909 1224 1054 1305 ςώματος

85 1315 196 1375 καῦςαι
218 1308 333 1392 αὐτὸν,
360 1310 412 1374 καὶ
438 1310 479 1374 τὰ
502 1308 578 1374 όςτᾶ
606 1310 728 1387 κομίςαι
756 1309 800 1374 εἰς
826 1309 962 1388 Ἀθήνας
986 1311 1055 1375 τοῖς

84 1396 287 1477 προτήκουςι,
310 1395 398 1473 παρὰ
419 1394 459 1458 τὰ
481 1392 657 1474 Ἀθηναίων
679 1396 731 1459 καὶ
755 1394 954 1460 Μακεδόνων
977 1395 1053 1471 δόγ-

85 1499 181 1559 ματα·
211 1478 251 1543 oi
280 1478 382 1557 μόνον
410 1479 471 1558 γὰρ
501 1481 645 1545 κελεῦςαι
666 1479 786 1544 αὐτοὺς
807 1482 938 1562 φυγεῖν,
969 1478 1054 1543 ἀλλὰ

86 1564 157 1643 μηδ’
180 1564 214 1629 έν
234 1569 272 1647 τῆ
295 1564 395 1647 οἰκείᾳ
417 1567 567 1643 ταφῆναι,
604 1563 636 1627 οἱ
658 1564 687 1628 δ’
709 1564 744 1629 ἐν
770 1563 931 1629 Κλεωναῖς
953 1563 1054 1628 αὐτόν
1073 1572 1105 1623 13

85 1649 263 1714 ἀποθανεῖν
281 1649 440 1730 λέγουςιν,
459 1648 644 1728 ἀπαχθέντα
661 1649 817 1726 μετὰτῶν
828 1647 951 1730 ἄλλων,
967 1648 1053 1714 ὅπου

84 1737 389 1812 γλωττοτομηθῆναι
403 1734 456 1798 καὶ
476 1737 690 1813 διαφθαρῆναι
713 1733 752 1799 ὃν
773 1733 960 1813 προείρηται
979 1733 1053 1812 τρό-

83 1838 162 1883 πον·
184 1817 262 1881 τοὺς
285 1817 313 1880 δ’
331 1816 469 1882 οἰκείους
489 1818 529 1881 τὰ
545 1817 621 1882 όςτᾶ
636 1819 794 1900 λαβόντας
810 1869 816 1883 .
832 1868 839 1883 .
856 1869 862 1883 .
879 1869 885 1883 .
901 1818 1003 1896 θάψαι
1018 1837 1054 1883 τε

84 2039 99 2100 ἓ
119 2041 150 2089 13
169 2053 209 2102 sq.
230 2053 274 2103 ap.
293 2037 374 2088 Phot.
393 2037 466 2089 Bibl.
485 2040 517 2088 92
535 2054 561 2103 p.
580 2039 646 2088 oab.
683 2039 738 2088 vir.
758 2039 784 2088 X
802 2056 840 2090 or.
858 2040 937 2090 Dem.
955 2040 1006 2089 846
1019 2039 1053 2091 Ε.

83 2108 155 2171 Nep.
174 2105 259 2158 Phoe.
278 2108 302 2155 2.
323 2131 356 2140 -
379 2104 413 2156 de
431 2105 535 2156 Archia
553 2106 588 2156 of.
607 2105 680 2157 Plut.
697 2106 777 2156 Dem.
796 2107 906 2161 Arrian.
922 2107 952 2160 11.
969 2123 991 2156 ο.
1019 2133 1053 2142 -

84 2173 208 2240 Aeginae
227 2177 256 2223 in
274 2174 384 2225 Aoaoeo
401 2174 449 2225 vel
466 2174 636 2224 Hermionae
658 2175 687 2223 in
705 2172 815 2225 Cereris
834 2176 937 2241 templo
956 2175 1053 2240 Hype-

84 2242 171 2293 ridem
190 2242 414 2307 comprehensum
432 2257 493 2292 erse
512 2242 563 2292 alii
579 2241 705 2306 tradunt3
729 2243 925 2293 Demosthenis
948 2258 991 2292 ree
1009 2244 1053 2293 vi·

83 2313 174 2360 tarum
192 2315 289 2361 auotor
307 2310 460 2362 admiscere
478 2307 598 2361 videtur.
633 2310 709 2361 Plut.
728 2311 807 2361 Dem.
827 2313 873 2361 28:
897 2307 982 2361 οὗτος
1000 2307 1052 2361 οὖν

85 2375 101 2428 ὁ
120 2374 230 2440 Ἀρχίας
255 2377 317 2430 Ὑπ.
343 2377 395 2440 μέν
412 2377 509 2429 -καῖ
533 2375 724 2442 Ἀριςτόνικον
746 2405 778 2414 -
802 2376 848 2428 καὶ
866 2403 899 2412 —-
918 2376 1052 2440 Ἱμεραῖον

84 2443 116 2495 ἐν
134 2442 232 2511 Αἰγίνη
251 2443 470 2508 καταφυγόντας
492 2443 538 2496 ἐπὶ
565 2443 600 2494 τό
623 2441 754 2496 Αἰάκειον
772 2440 949 2506 ἀποςπάςας,
968 2442 1052 2505 ἔπεμ-

83 2526 138 2574 ψεν
174 2509 213 2563 εἰς
243 2511 376 2564 Κλεωνθε
406 2511 478 2576 πρὸς
509 2510 709 2576 Ἀντίπατρον·
746 2509 825 2562 κάκεῖ
854 2508 1053 2575 διεφθάρηςαν.

84 2576 232 2642 Ὑπερίδου
249 2578 281 2630 δέ
299 2579 345 2630 καῖ
362 2579 417 2643 τὴν
434 2580 567 2642 γλῶτταν
585 2576 757 2643 ἐκτμηθῆναι
775 2577 893 2641 λέγουςι.
912 2579 949 2629 of.
968 2578 1052 2632 Phoe.

83 2650 129 2698 29:
154 2645 222 2697 6-
240 2643 389 2710 Ὑπερίδου
412 2645 484 2712 πρὸς
508 2646 650 2699 Κλεωναῖς
673 2645 804 2698 θάνατος.
840 2647 916 2700 Suid.
941 2644 1003 2696 Ὑπ,
1023 2649 1051 2696 1:

83 2713 208 2780 ἀνῃρέθη
226 2712 257 2765 δέ
274 2715 320 2766 καῖ
338 2712 425 2766 αὐτὸς
443 2712 501 2765 ὑπὸ
521 2712 709 2779 Ἀντιπάτρου
727 2716 780 2766 τοῦ
794 2712 936 2777 βαςιλέως,
955 2711 1052 2775 ἐξαγα-

82 2782 186 2845 γόντος
205 2781 296 2834 αὐτὸν
314 2784 366 2833 τοῦ
389 2780 421 2833 ἐν
439 2779 567 2850 Ἑρμιόνη
590 2784 661 2834 ναοῦ
679 2783 731 2846 τῆς
749 2780 915 2846 Δήμητρος,
937 2780 972 2832 δι’
991 2780 1052 2845 Ἀρ-

83 2849 145 2914 χίου
173 2853 225 2902 τοῦ
255 2847 457 2914 ἐπικληθέντος
487 2849 688 2914 Φυγαδοθήρα,
719 2849 766 2901 καῖ
796 2848 971 2914 ἀποτμηθεὶς
996 2848 1052 2913 τὴν

83 2919 216 2980 γλῶτταν
239 2916 388 2969 ἀπέθανεν.
423 2917 439 2969 ὁ
462 2915 493 2969 δὲ
522 2916 583 2970 υίὸς
609 2917 699 2970 αὐτοῦ
725 2915 901 2970 Γλαύκιππος
924 2915 961 2968 τὰ
983 2915 1052 2968 όςτῦ

84 2984 179 3048 λαβὼν
198 2983 238 3037 εἰς
256 2985 291 3037 τὸ
310 2989 446 3051 πατρῷον
464 2984 554 3050 ἔθαψε
567 2987 669 3050 μνῆμα.
700 2986 837 3051 Linguam
849 2985 987 3051 Hyperidi
1005 3001 1052 3035 ex·

85 3057 189 3104 sectam
208 3069 269 3105 esse
289 3055 374 3104 etiam
391 3055 508 3103 Lucian.
527 3069 588 3108 ene.
601 3057 680 3104 Dem.
699 3056 731 3105 31
750 3053 843 3108 tradit.
861 3085 895 3094 -
915 3055 931 3114 ξ
951 3055 991 3106 12.
1011 3051 1052 3115 ῥι-

84 3123 171 3185 φῆναι
193 3119 318 3186 ἄταφον]
343 3126 441 3172 auctor
463 3122 517 3171 ino.
543 3138 587 3187 ep.
612 3121 688 3172 Suid.
712 3136 733 3171 s.
752 3138 779 3174 v.
801 3119 968 3186 ῦπερόριονε
993 3118 1051 3184 ,,τὸ

83 3189 324 3309 ‘idam
340 3187 481 3309 iord
500 3184 1051 3322 'iiiiidssried“oridia

84 3324 146 3378 Ὑπ.
165 3324 275 3389 ρῖψαι.“
293 3325 361 3388 -ἢ
382 3324 421 3376 ὥς
438 3338 513 3376 τινες
528 3322 707 3376 Γλαυκίππου
724 3324 803 3377 τινὸς
821 3323 874 3376 τὸν
891 3320 954 3374 υἱόν
972 3322 1050 3386 libri3

84 3394 120 3442 cf.
142 3393 264 3443 Suidem.
295 3420 325 3428 -
353 3393 429 3454 513.
453 3391 484 3444 ἐν
505 3390 658 3458 Κλεωναῖς]
680 3392 808 3443 οῖ.Ρ1ιιί.
828 3392 858 3443 ll.
878 3408 954 3442 o.-
972 3388 1052 3442 Διόδ.

84 3460 190 3511 emend.
208 3460 362 3522 Ruhnken3
387 3459 559 3526 Ἡλιόδωρος
576 3461 649 3513 libri.
674 3487 707 3496 -—
725 3465 838 3526 praetor
855 3460 906 3511 hoe
924 3463 1057 3532 auotoree

83 3528 200 3578 forsitan
225 3529 308 3578 etiam
332 3528 502 3596 Glaucippus
524 3529 599 3583 filius
624 3529 659 3581 de
680 3529 776 3595 φοινία
794 3530 891 3578 morie
904 3523 1084 3573 aradiorum*
