2340 3916
143 192 185 258 30
569 186 694 240 mnan.

145 342 280 404 Φίλιππος
302 341 418 395 Macedo
444 347 471 406 l,
491 345 533 394 24.
553 344 595 393 28.

161 420 204 467 44.
225 418 266 466 ιι.
287 419 333 479 803
353 412 431 465 Dem.
451 417 476 465 9.

145 484 280 550 Φιλοκλῆς
297 485 410 552 praetor
427 498 465 536 or.
484 481 532 534 III.

146 549 318 623 Φιλοκράτης
336 552 495 623 Hagnusins
517 559 540 619 1,
554 558 595 606 28.

146 628 295 695 Φορμίσιος
313 626 401 680 bonus
420 623 489 679 civis
509 622 596 676 Theb.

162 697 230 752 belli
248 699 374 765 tempore
395 703 418 764 1,
437 702 481 750 38.

146 768 275 837 Φορμίων
306 767 445 836 trapezita
477 781 494 818 a
518 765 596 818 Dem.

162 839 191 892 in
209 838 312 892 iudicio
331 838 459 892 defensus
480 843 502 904 1,
524 842 583 889 111.

145 905 230 977 φόροι
253 911 289 964 ab
307 908 429 962 Aristide
453 905 599 962 constituti

165 986 193 1048 1,
212 986 255 1034 37.

146 1046 273 1119 φυγάδες
303 1057 329 1117 1,
358 1055 400 1104 25.
429 1054 463 1104 38
487 1067 527 1117 sq.
555 1052 597 1102 58.

163 1127 211 1185 823
230 1121 309 1174 Dem.
331 1126 372 1174 17.

147 1185 223 1258 Φυλή
244 1191 446 1261 aThrasybulo
461 1191 598 1258 occupata

165 1268 193 1328 1,
213 1267 254 1314 25.

356 1371 390 1422 X.

146 1472 287 1542 Χαβρίαςι
325 1473 384 1527 eius
416 1489 460 1541 ap.
489 1472 600 1526 Naxum

162 1543 281 1597 viatoria
301 1549 324 1613 1,
344 1550 386 1599 75.

146 1612 318 1682 Χαιρέφιλος
343 1615 458 1670 civitate
481 1614 599 1668 donatus

146 1691 319 1825 liloe’sp4tri3oesoc:
342 1773 437 1826 pugna
460 1755 500 1810 ibi
524 1755 600 1809 faeta

165 1833 189 1893 1,
205 1833 246 1880 12.
261 1833 303 1882 78.
314 1834 356 1882 80.
372 1835 418 1894 95;
438 1828 471 1882 of.
483 1826 562 1881 Dem.
574 1834 597 1881 9.

146 1898 269 1968 χαλκοῦν
288 1894 400 1953 ἴστοὲναι
422 1893 486 1953 τινοὶ
507 1904 535 1964 1,
555 1903 614 1951 43.“

146 1974 307 2107 {fallamus
335 2037 426 2093 Orita:
459 2037 517 2092 eius
543 2038 598 2092 exi·

163 2107 235 2160 tium
255 2114 278 2175 1,
299 2115 341 2162 32.

146 2183 317 2249 χειροτονεῖν
358 2179 392 2232 de
435 2173 599 2246 κατηγόρων

165 2247 300 2302 electione
325 2256 352 2317 1,
372 2255 418 2316 51,
438 2250 473 2302 de
492 2265 549 2317 qua
568 2265 598 2303 re

164 2321 322 2387 χειροτονία
347 2327 410 2386 114;
444 2315 599 2388 στρατηγόν

146 2396 323 2531 {infamia
342 2469 367 2531 a,
389 2468 429 2517 ιι.

353 2588 384 2640 Ψ

145 2667 279 2742 ψήφισμα
317 2628 512 2730 Thehanorum
547 2692 597 2744 pro

163 2743 264 2797 Athen.
285 2745 411 2800 exulibus
432 2752 454 2815 1,
474 2751 516 2800 25.
536 2751 579 2800 27.

675 334 792 405 Cephali
823 336 858 390 de
890 337 996 393 auxilio
1026 339 1118 398 Theb.

690 408 804 461 ferendo
825 413 849 476 1,
868 413 910 462 39.

674 478 709 531 de
718 477 861 532 Timothei
869 478 1033 552 honoribus,
1043 488 1117 552 1,15.

651 595 656 605 .
675 547 852 616 (Philocratis
879 549 914 604 de
945 567 1020 620 paee
1053 570 1118 610 eum

673 619 823 688 Philippo
844 627 867 688 1,
887 623 940 691 28.)

674 690 871 745 Demosthenis
896 695 962 760 post
987 710 1118 765 pugnam

693 760 828 816 Chaeron.
849 769 873 830 1,
893 768 926 818 78
946 781 1010 833 sqq.

676 832 820 901 (Demadis
834 833 869 887 de
887 850 957 902 paee
971 852 1040 891 oum
1051 837 1117 893 Phi·

693 903 771 972 lippo
789 904 869 958 Dem.
889 908 925 974 9.)

677 974 812 1043 (eiusdem
830 975 865 1029 de
882 974 1009 1046 Philippi
1028 979 1117 1035 hono·

693 1045 770 1100 ribus
788 1046 867 1101 Dem.
888 1049 923 1116 9.)

677 1116 812 1184 (eiusdem
821 1117 856 1171 de
874 1133 1021 1186 paoeoum
1030 1121 1115 1177 Alex·

693 1187 779 1241 andro
798 1187 876 1242 Dem.
898 1191 950 1312 153

675 1258 828 1327 Demosth,
847 1260 926 1313 custo
946 1257 1005 1315 iam
1020 1261 1116 1332 reipu-

693 1328 785 1384 blicae
811 1331 839 1384 et
863 1345 985 1398 poenam
1009 1331 1115 1402 impro-

693 1400 793 1454 borum
811 1400 959 1470 Areopago
985 1404 1114 1459 commit·

694 1471 757 1524 tens
777 1478 800 1539 1,
821 1477 862 1526 62.
882 1477 915 1526 82
935 1490 976 1540 sq.

677 1540 873 1596 Demosthenis
882 1542 917 1596 de
931 1543 1115 1600 custodienda

694 1611 813 1681 Harpali
834 1613 953 1681 pecunia
979 1616 1009 1669 et
1029 1616 1116 1671 Alex·

695 1683 781 1737 andro
821 1683 963 1739 reddenda
1002 1691 1032 1754 1,
1073 1693 1115 1743 58.

678 1758 1117 1965 attestans

695 1967 739 2020 est
758 1973 781 2034 1,
800 1973 825 2020 4.
845 1972 892 2031 51;
912 1971 995 2034 2,23.

677 2036 884 2105 Demosthenis,
921 2053 977 2106 quo
1015 2038 1051 2093 de
1085 2057 1114 2095 se

695 2107 887 2176 quaestionem
909 2109 1012 2178 Areop.
1034 2126 1116 2165 man·

694 2178 773 2233 davit
799 2185 828 2248 1,
847 2185 871 2233 4.
891 2184 933 2234 61.
954 2185 997 2234 53.
1017 2185 1053 2236 85
1073 2200 1116 2251 sq.

714 2266 767 2306 ass.

675 2267 821 2389 Philoclis,
845 2337 900 2389 quo
922 2320 946 2375 is
966 2322 1067 2378 eadem
1085 2324 1116 2380 in

695 2408 724 2446 se
743 2391 931 2460 constituitis,
952 2398 976 2447 2.
996 2399 1023 2448 5.
1043 2400 1088 2451 16.

867 2554 901 2606 Sl.

655 2668 778 2744 Ὠρωπός
795 2675 874 2729 Dem.
894 2681 919 2730 8.
