2340 3916
158 168 200 234 74
508 168 762 227 ΑΙΣΧΙΝΟΤ

159 332 270 416 μένων
279 327 457 414 διεσφάλη,
469 323 544 393 οὐδ’
556 323 735 413 ἀναλαβεῖν
747 323 852 393 αὐτόν
870 323 1035 411 ἐδυνήθη,
1048 322 1111 401 άλ-

161 426 201 497 λά
219 430 272 494 καὶ
289 427 390 494 πάλιν
407 431 513 509 λέγειν
531 425 735 510 ἐπιχειρήσας
752 423 876 492 ταότόν
894 429 1030 492 ἔπαθεν.
1064 421 1110 503 ὡς

160 524 193 592 δ’
203 520 246 613 ἦν
258 524 373 612 σιωπή,
387 534 585 611 μεταστῆναι
595 520 679 610 ἡμᾶς
690 521 708 591 ὁ
721 527 823 610 κήρυξ
836 527 996 591 ἐκέλευεν.

238 624 366 709 Ἐπειδὴ
380 623 411 691 δ’
424 620 473 710 ἐφ’
486 622 581 709 ήμῶν
593 622 704 690 αὐτῶν
716 627 751 691 οἰ
767 626 986 710 συμπρέσβεις
996 621 1109 707 έγενό-
1122 640 1156 696 36

158 733 262 808 μεθα,
285 723 416 807 σφόδρα
434 722 524 789 πάνυ
547 720 793 807 σκυθρωπάσας
809 719 827 788 ό
846 720 986 807 χρηστός
1010 713 1109 798 οὗτος

159 823 380 906 Δημοσθένης
391 818 638 888 ἀπολωλεκέναι
648 844 689 905 με
706 825 768 905 ἔφη
781 817 843 905 τήν
853 820 953 889 πόλιν
963 819 1108 898 καὶτοὺς

158 918 359 1004 συμμάχους.
382 912 599 1002 ἐκπλαγέντος
611 917 645 985 δέ
656 914 719 985 οὐκ
731 922 812 1003 ἐμοῦ
823 917 947 1003 μόνου,
961 914 1108 983 ἀλλὰκαὶ

157 1024 226 1084 τῶν
238 1019 477 1103 συμπρέσβεων
488 1013 663 1101 ἀπάντων,
675 1017 729 1083 καὶ
741 1014 801 1102 τήν
812 1020 919 1082 αἰτίαν
929 1023 1108 1082 πυνθανο-

158 1116 284 1199 μένων,
307 1112 346 1182 δί
358 1111 400 1200 ἣν
414 1111 502 1182 ταῦτ’
516 1111 624 1197 εἶπεν,
641 1111 739 1198 ήρετό
749 1138 807 1199 με,
831 1119 863 1181 εἰ
872 1120 939 1180 τοῖν
948 1108 1109 1198 Ἀθήνησι

158 1214 361 1298 πραγμάτων
372 1217 600 1300 ἐπιλέλησμαι,
623 1217 677 1279 καί
688 1213 748 1279 τόν
759 1217 866 1299 δῆμον
877 1236 1109 1298 καταπεπονη-

157 1315 261 1396 μένον
277 1313 332 1377 καί
349 1310 481 1394 σφόδρα
498 1313 728 1395 ἐπιθυμοῦντα
746 1318 803 1395 τής
814 1308 945 1395 εἰρήνης
954 1314 984 1377 εἰ
992 1305 1036 1394 μή
1048 1310 1108 1395 με’-

158 1435 292 1493 μνημαι.
325 1407 375 1494 ,,ή
387 1411 469 1494 μέγα
485 1421 619 1493 φρονεῖς
627 1414 648 1450 “
666 1413 729 1493 ἔφη
746 1411 828 1493 ,,έπὶ
844 1410 1107 1493 ταῖςέψηφισμέ-
1124 1429 1157 1483 37

159 1531 231 1584 ναις
241 1507 302 1591 μὲν
321 1505 527 1591 πεντήκοντα
545 1507 681 1589 ναυσὶν,
704 1503 862 1573 οὐδέποτε
879 1505 914 1573 δὲ
927 1514 1109 1590 πληρωθη-

89 1621 141 1676 222
159 1609 329 1692 σομέναις;
363 1604 451 1674 οὕτω
467 1604 532 1692 γάρ
548 1604 707 1694 ἠρέθικας
720 1613 888 1675 Φίλιππον
903 1610 958 1675 καί
973 1612 1108 1674 τοιαῦτα

158 1715 307 1791 εἴρηκας,
324 1707 356 1784 ἐξ
369 1697 418 1771 οἷν
429 1703 491 1774 οὐκ
502 1706 617 1791 εἰρήνη
628 1703 743 1790 γένοιτ’
757 1701 800 1773 ἀν
810 1709 846 1774 έκ
857 1712 1020 1792 πολέμου,
1037 1704 1105 1773 ἀλλ’

156 1805 188 1882 ἐξ
208 1801 339 1888 εἰρήνης
356 1803 498 1888 πόλεμος
516 1800 733 1888 ἀκήρυκτος.“
775 1801 959 1888 ἀρχομένου
986 1805 1024 1869 δέ
1041 1827 1108 1888 μου

157 1903 240 1990 πρὸς
256 1911 359 1970 ταῦτα
377 1901 560 1987 ἀντιλέγειν
577 1903 721 1970 έκάλουν
738 1899 823 1988 ἡμᾶς
842 1906 876 1970 οί
897 1899 1058 1987 ὑπηρέται
1076 1907 1110 1969 οἰ

157 2009 219 2068 τοῦ
236 2006 413 2067 Φιλίππου.
453 1997 498 2077 ἀς
515 1998 546 2066 δ’
566 1999 714 2087 ήλθομεν
732 2002 787 2068 καὶ
807 2000 1049 2086 ἐκαθεζόμεθα,
1074 2002 1107 2080 ἐξ
1123 2015 1158 2071 38

159 2095 261 2181 ἀρχῆς
274 2093 356 2182 πρός
368 2097 585 2164 ἕκαστοντῶν
602 2099 784 2183 εἰρημένων
793 2101 945 2184 ἐνεχείρει
957 2124 987 2164 τι
999 2099 1108 2182 λέγειν

160 2191 177 2260 ὁ
190 2198 369 2277 Φίλιππος,
390 2199 546 2277 πλείστην
557 2197 592 2262 δέ
604 2195 737 2274 εἰκότως
748 2195 922 2280 ἐποιήσατο
935 2194 1108 2282 διατριβήν

160 2290 242 2375 πρός
252 2289 331 2371 τούς
343 2293 442 2378 έμοός
453 2293 587 2378 λόγους·
609 2305 687 2374 ἴσως
697 2293 762 2379 γάρ
772 2293 872 2362 οὐδέν
882 2303 949 2363 τοῖν
961 2296 1108 2363 ἐνόντων

160 2399 277 2475 εἰπεῖν,
301 2391 345 2471 τός
365 2418 402 2477 γε
426 2391 531 2478 οἰμαι,
553 2399 751 2478 παρέλιπον·
784 2394 839 2461 καὶ
864 2392 1021 2470 πολλάκις
1041 2418 1107 2479 μου

32 2534 39 2543 ·
159 2490 306 2576 τοῦνομα
317 2493 432 2569 έντοίς
451 2495 564 2580 λόγοις
582 2489 745 2580 ὠνόμαζε·
773 2488 857 2581 πρός
876 2487 913 2556 δέ
926 2494 1108 2575 Δημοσθέ-

157 2614 222 2671 νην
239 2588 298 2655 τόν
314 2585 401 2655 οὕτω
418 2588 666 2672 καταγελάστως
683 2586 917 2667 ἀπαλλάξαντα
933 2584 1008 2654 οὐδ’
1022 2585 1108 2667 ὑπὲρ
1128 2597 1130 2601 ’

158 2685 249 2768 ἑνὸς,
273 2681 377 2770 οἶμαι,
400 2688 561 2771 διελέχθη.
594 2687 747 2754 τοῦτοδὲ
768 2678 812 2771 ήν
829 2685 893 2769 ἀρα
911 2684 1036 2771 ἀγχόνη
1054 2685 1109 2751 καὶ

160 2782 248 2867 λύπη
260 2782 375 2869 τούτῳ.
395 2783 505 2868 ἐπειδή
518 2783 554 2850 δέ
565 2786 784 2868 κατέστρεψεν
795 2789 841 2863 εἰς
849 2788 1108 2868 φιλανθρωπίαν
1125 2801 1160 2854 39

87 2892 141 2946 223
158 2876 237 2956 τούς
249 2877 369 2963 λόγους
381 2884 559 2965 Φίλιππος,
571 2885 626 2950 καὶ
637 2880 674 2949 τό
686 2880 942 2967 συκοφάντημα,
963 2877 983 2946 δ
993 2903 1110 2963 προει-

158 2976 250 3062 ρήκει
261 2971 328 3043 κατ’
340 2981 421 3063 ἐμοῦ
433 2977 515 3060 πρὸς
525 2977 604 3057 τοὺς
620 2984 839 3066 συμπρέσβεις
850 2971 947 3056 οὗτος
979 2975 1023 3055 ἀς
1034 2980 1110 3045 έσο-

157 3077 262 3159 μένου
272 3076 418 3160 πολέμου
429 3076 484 3142 καὶ
495 3078 657 3160 διαφορᾶς
672 3083 795 3163 αἰτίου,
819 3080 987 3145 διέπιπτεν
1004 3073 1107 3164 αὐτῷ,

158 3174 306 3240 ἐνταῦθα
321 3171 385 3257 ήδη
403 3173 458 3239 καὶ
475 3180 642 3252 παντελῶς
658 3174 864 3259 ἐξιστάμενος
882 3170 988 3240 αὑτοῦ
1005 3197 1108 3240 κατα-

160 3267 268 3354 φανής
278 3262 337 3356 ήν,
358 3268 440 3336 ὥστε
452 3271 505 3337 καί
516 3276 709 3356 κληθέντων
719 3269 815 3358 ήμῶν
826 3273 878 3338 έπί
889 3273 979 3350 ξένια
990 3273 1110 3348 δεινῶς

155 3363 362 3452 ἀσχημονεῖν.
731 3371 735 3379 ’
