2340 3916
325 194 424 245 RATA
441 195 774 250 ΔΡΙΣΤΟΓΕῙΤΟΝΟΣ.
990 200 1032 264 47

67 357 180 428 αὐτῶν
202 358 258 426 καὶ
281 360 339 443 της
362 355 489 436 πόλεως
512 352 618 437 ἀξίως.
656 361 687 425 εί
709 356 745 426 δὲ
764 356 824 447 μή,
848 361 907 451 μιᾷ
930 359 1032 453 ψήφμ

64 469 120 535 καὶ
154 466 203 533 ἑνὶ
236 461 342 549 ἀγῶνι
374 461 501 543 πάντας
532 460 612 544 τοὺς
644 459 945 552 ἀποπεφασμένους
976 469 1033 536 καί

65 571 143 652 τοὺς
171 574 350 658 μέλλοντας
378 564 518 656 ἀφέντες
545 573 592 650 είς
619 565 706 657 ὑμᾶς
733 566 858 653 αὐτοὺς
889 574 945 641 καὶ
972 573 1032 643 τὸν

65 682 173 766 δῆμον
188 676 249 765 τὴν
264 675 394 745 τούτων
409 680 620 764 δωροδοκίαν
633 678 777 765 τρέψετε,
792 668 868 768 κᾷθ’
889 675 1031 769 ὕστερον

66 788 229 872 ἐγκαλεῖτε
247 798 317 864 τοῖς
336 777 482 869 ἀφεῖσιν,
502 779 556 850 ὅτε
576 778 677 851 οὐδὲν
696 788 788 850 ἔσται
806 785 909 853 πλέον
928 781 1017 872 ὑμίν.

129 888 210 976 Ἐγὼ
230 890 291 978 μὲν
310 881 384 975 οὖν,
404 886 486 956 ὅσον
505 893 553 968 είς
575 886 612 957 τὸ
632 891 730 978 μέρος
747 886 876 978 τούμὸν
893 895 952 980 τῆς
970 901 1084 961 unc-114

64 1003 220 1087 τηγορίας
248 993 335 1084 ἥκει,
368 994 578 1083 βεβοήθηκα,
607 986 709 1064 τᾶλλα
741 996 850 1065 πάντα
878 996 1032 1088 παριδών

64 1102 152 1192 πλὴν
175 1106 235 1173 τοῦ
264 1108 397 1171 δικαίου
425 1102 481 1170 καὶ
503 1104 565 1169 τοῦ
587 1102 819 1191 συμφέροντος
842 1098 931 1192 ὑμῖν.
969 1101 1031 1174 οὐκ

65 1212 321 1296 ἐγκαταλέλοιπα
344 1207 406 1296 τὴν
428 1208 541 1291 πόλιν,
565 1204 607 1277 οά
630 1208 729 1297 χάριν
751 1206 1032 1301 προύργιαιτέραν

65 1320 122 1404 τῆς
148 1320 210 1385 τοῦ
238 1315 348 1403 δήμου
376 1319 581 1402 χειροτονίας
609 1315 823 1404 ἐποιησάμην.
860 1313 965 1398 ἀξιῶν
993 1317 1030 1386 δὲ

64 1425 119 1491 καὶ
147 1418 233 1510 ὑμᾶς
256 1420 318 1509 τὴν
346 1418 452 1511 αὐτὴν
475 1419 613 1509 γνώμην
641 1427 728 1509 ἔχειν
755 1428 968 1512 παραδίδωμι
992 1422 1028 1493 τὸ

64 1527 157 1617 ὕδωρ
175 1543 245 1609 τοῖς
263 1526 376 1609 ἀλλοις
398 1528 603 1617 κατηγόροις.

533 1837 563 1901 2.

202 1989 207 2075 Ι
230 1989 377 2066 ΚΑΤΑ
402 1990 875 2068 ΑΡΙΣΤΟΓΕΙΤΟΝΟΣ.
1040 2025 1077 2068 ιιι

144 2165 277 2255 Πάνδ’,
307 2163 350 2249 ὡς
378 2174 500 2255 ἔοικεν,
529 2159 555 2236 ἀ
581 2165 769 2256 Ἀθηναῖοι,
801 2171 1031 2259 προσδοκητέα

67 2276 136 2343 ἐστὶ
155 2275 211 2344 καλ
226 2273 368 2344 ἀκοῦσαι
387 2275 442 2343 καί
458 2279 544 2344 ίδείν
562 2277 599 2343 έν
613 2290 685 2356 ταῖς
698 2278 932 2363 γεγενημέναις
950 2273 1031 2345 ἀπο-

63 2382 197 2469 φάσεσι·
226 2381 509 2469 θαυμασιώτατον
528 2381 565 2451 δέ
584 2381 734 2469 πόντων,
764 2377 809 2462 ἀς
831 2383 905 2470 ἐμοὶ
929 2387 1030 2468 δοκεῖ,

62 2487 100 2556 τὸ
129 2491 194 2556 νῦν
218 2487 406 2575 γινόμενον.
445 2484 462 2556 ὁ
492 2486 555 2576 γὰρ
582 2487 809 2575 πονηρότατος
835 2490 904 2555 τῶν
932 2490 969 2556 έν
991 2491 1031 2576 τῇ

63 2594 166 2680 πόλει,
185 2597 311 2681 μᾶλλον
331 2593 368 2663 δὲ
381 2595 438 2664 καλ
455 2597 524 2663 τῶν
538 2592 649 2664 ἀλλων
667 2589 869 2683 ἀνθρώπων,
886 2590 1030 2683 Ἀριστο-

63 2705 184 2785 γείτων
216 2701 493 2789 διαδικασόμενος
523 2698 597 2789 ἥκει
627 2703 667 2790 τῇ
700 2702 733 2781 ἐξ
758 2696 887 2788 Ἀρείου
919 2700 1030 2787 πάγου

63 2809 170 2895 βουλῇ
188 2808 263 2896 περὶ
283 2804 443 2895 ἀληθείας
465 2808 521 2876 καὶ
539 2805 769 2895 δικαιοσύνης,
788 2807 844 2875 καὶ
862 2807 942 2876 νυνὶ
961 2812 1031 2895 μεί-

63 2922 142 2996 ζονα
165 2919 329 2983 κίνδυνον
357 2910 462 3002 ἡτην
490 2910 662 3002 ἀπόφασιν
689 2914 893 3003 πεποιημένη
923 2911 1029 3001 βουλὴ

64 3109 136 3169 ἀλλά
157 3118 314 3170 addendum
333 3121 442 3170 censuit
459 3121 492 3171 R
514 3147 548 3158 -
569 3108 642 3186 κᾷθ’
663 3132 729 3171 son:
753 3109 809 3170 κάν
827 3134 866 3173 re.
885 3119 911 3169 N
933 3124 962 3169 et
983 3118 1029 3168 ΑΒ

61 3187 126 3239 Mn·
120 3184 241 3250 ,πααλ
259 3179 420 3254 -γῆέκαλ
424 3203 454 3240 τε
471 3189 497 3240 Ν
514 3190 617 3241 Mr.—
647 3181 746 3247 αὑτοῖς
765 3191 828 3252 post
851 3180 946 3253 ἐγκαλ.
968 3185 1032 3236 addi

62 3255 126 3304 mal.
145 3256 247 3310 Dobr„
267 3271 319 3320 quo
338 3257 413 3307 facto
432 3261 507 3307 certe
523 3259 588 3336 τοῖς
605 3255 749 3306 delendum
767 3256 827 3305 erit.

130 3323 175 3374 Or
195 3325 233 3389 ΙΙ,
254 3325 276 3372 1.
313 3324 406 3376 Verba
429 3315 531 3375 Πάνδ’
550 3315 588 3383 ὥς
611 3309 748 3375 ἔοικεν
730 3339 752 3373 ω
774 3313 900 3389 ἀνδρες
923 3327 954 3371 ut
979 3321 1031 3370 ini-

62 3389 131 3439 tium
151 3392 286 3442 orationis
309 3391 391 3443 affert
412 3391 496 3447 Dion.
515 3390 649 3443 Dinareh.
669 3407 692 3446 ο,
712 3393 805 3442 10.-
772 3406 891 3441 -num
908 3380 1030 3468 τάπρος·

62 3448 243 3589 ἒόκηταλ-
273 3476 307 3528 τη
327 3466 354 3510 et
378 3458 467 3526 βουλῇ
485 3459 534 3509 ΝΔ
553 3459 619 3513 Bk.:
638 3451 743 3524 τὴν-
761 3453 907 3526 βονλήΒ,
926 3450 981 3523 τήν
998 3482 1031 3492 -

81 3526 132 3575 ουλ
134 3543 171 3592 ην
189 3542 215 3577 v.
