2340 3916
52 198 81 249 μ.
100 182 147 233 52.
208 180 301 233 ΠΕΡΙ
316 180 393 233 ΤΟΤ
411 182 693 236 ΔΙΚΑΙΟΓΗΝΟΤΣ
711 186 876 239 ΚΛΠΓΟΤ.
978 194 1019 261 63

52 355 177 475 99969,
196 360 307 423 πείθει
324 353 566 437 Μενεξενον
533 384 591 427 τον
602 352 718 447 ὑπὲρ
700 364 794 448 ημῶν
811 388 847 430 τε
865 364 919 431 καλ
932 357 1020 453 6969

54 450 163 525 αὑτοῦ
186 451 387 545 πράττοντα,
415 484 436 523 α
421 450 517 545 “96
535 458 772 548 αἰσχυνόμενος
797 456 1021 580 ἀναγκάζομαι

56 552 166 625 διά
128 583 192 643 την
210 558 338 678 έκείνρυ
355 565 519 646 πονηρίαν
536 562 728 649 λέγειν,-
749 568 784 630 τί
798 566 949 649 ποιήσαις
967 592 1020 635 κο-

56 653 239 779 μισάμενον
266 652 368 726 αὐτὸν
351 659 482 778 μέρος
501 662 536 727 ἐκ
554 664 614 729 τοῦ
632 658 795 751 κλήρου”
775 691 793 731 ο
811 691 842 731 τι
861 666 1020 755 ἐγίγνετο,

57 752 140 847 ήμᾶς
158 758 221 847 μὲν
232 746 364 876 ὑπὲρ
336 786 384 828 ων
402 764 540 881 έπρμττε
558 763 752 851 προδοῦναι,
770 761 848 844 τούς
868 762 967 832 66'
922 792 1020 852 μηπω

60 857 244 939 ἑαλωκότας
269 887 339 928 των
364 857 542 949 μαρτύρων
568 858 712 982 ἀφεῖναι
761 866 817 933 καὶ
843 858 938 953 ήμεῖς
959 865 1022 954 μὲν

62 963 161 1029 ταῦτα
184 954 233 1045 Ι’
212 956 279 1028 υπδ
304 986 372 1029 των
394 968 504 1049 φίλων
530 965 585 1031 καί
611 992 680 1034 των
707 966 837 1055 έχθρων
854 963 1021 1048 παθόντες

62 1070 189 1151 εἴχομεν
215 1056 365 1151 ήσυχίαν.
410 1059 539 1133 τούτων
567 1061 600 1132 δ’
629 1061 710 1154 ὑμῖν
735 1064 903 1158 μάρτυρας
921 1068 1021 1157 παρέ-

107 1165 209 1251 ξομαι.

435 1310 644 1363 ΜΑΡΤΤΡΕΣ.

131 1461 166 1535 ‘0
192 1465 253 1554 μέν
279 1471 396 1536 τοίνυν
414 1469 602 1549 Μενέξενος
629 1466 750 1538 παθῶν
767 1466 840 1550 ἀξια
859 1472 926 1538 τοῖν
945 1471 1021 1538 ἑαυ-
1041 1478 1074 1529 1⁴

63 1570 120 1636 τοῦ
135 1564 268 1657 τρόπων
293 1562 452 1655 ήπατήθη
479 1562 545 1637 διεδ
563 1572 624 1637 τοῦ
640 1571 895 1656 Δικαιογένους·
924 1565 1021 1656 ἀφείς

63 1664 122 1756 969
153 1663 230 1748 τούς
262 1664 430 1759 μάρτυρας
457 1672 512 1737 καί
540 1663 624 1757 ήμάς
650 1667 813 1760 προδούς,
849 1660 896 1737 69
924 1672 1022 1737 ἕνεκα

63 1764 155 1839 ταῦτ’
175 1771 315 1858 ἔπραξεν
332 1765 394 1837 069
413 1773 593 1858 έκομίσατο.
630 1767 803 1857 ἀδικηθεὶς
823 1770 860 1838 66
878 1764 943 1837 ὑπὸ
961 1780 1022 1838 Δι-

63 1873 253 1958 καιογένους
270 1865 349 1958 μεθ’
369 1864 462 1959 ήμῶν
480 1867 581 1939 πάλιν
600 1876 767 1961 ἔπραττεν.
797 1863 889 1958 ἡμεῖς
909 1869 947 1938 δὲ
965 1897 1022 1938 κα·

62 1970 265 2060 θανούμενοι
291 1967 402 2040 οὐκέτι
426 1968 606 2061 προσήκειν
623 1973 833 2058 Δικαιογένει
852 1976 939 2059 ἔχειν
955 1972 1023 2040 τοῖν

64 2076 175 2143 έκποῦ
200 2069 325 2163 κλήρου
342 2074 440 2163 μέρος
458 2068 576 2160 οὐδέν,
605 2071 719 2160 ἐπειδή
737 2075 772 2141 οί
787 2068 959 2162 μάρτυρεςΙ
970 2068 1023 2139 έά-

62 2184 182 2263 λυσαν,
201 2169 475 2263 ἀμφισβητοῦμεν
493 2168 586 2265 αὐτῷ
602 2169 746 2253 ἅπαντος
763 2176 824 2242 του
836 2182 930 2242 οίκου
948 2167 1022 2240 κατ’

62 2272 258 2365 ἀγχιστείαν.
304 2276 359 2343 καὶ
384 2269 435 2343 ὅτι
461 2269 555 2362 ἡμεῖς
577 2301 613 2342 τε
630 2269 741 2364 ὀρθῶς
760 2271 951 2361 ἐγνώκαμεν
968 2274 1024 2340 καὶ

62 2373 164 2447 οὐδέν
182 2383 229 2447 ἔτι
247 2371 406 2499 προσήκει
424 2375 635 2461 Λικνιογένει
653 2378 714 2444 906
731 2371 871 2494 κλήρρυ,
900 2377 1024 2463 ῥηιδίως

63 2477 193 2561 διδάξω.
223 2474 285 2546 δύο
302 2473 365 2597 969
385 2471 581 2563 διαθῆκαι
561 2473 792 2597 απεφάνησαμ,
812 2502 832 2560 η
822 2469 912 2561 ’μὲν
924 2469 1025 2591 πάλμι
1043 2492 1076 2544 15

61 2583 188 2672 πολλῳ,
208 2574 281 2665 ἡδ’
301 2572 457 2666 ὕστερον
477 2578 532 2645 καὶ
550 2604 633 2644 κατα
621 2570 765 2663 μὲν
728 2602 789 2661 την
807 2569 1003 2657 παλαιάν,
982 2568 1025 2658 ήν

61 2678 212 2799 ἀπέφηνε
236 2672 446 2808 Πρόξεμος
429 2705 447 2746 ο
473 2677 713 2763 Δικαιογένους
743 2673 879 2743 τουτουὶ
905 2670 1024 2763 πατήρ,

61 2784 116 2854 έπδ
133 2811 179 2874 ιφ
169 2786 296 2903 τρίτφ
313 2781 406 2870 μέρει
423 2806 482 2848 του
472 2775 624 2867 κλήρου
635 2781 791 2901 ένίνμετο
813 2801 859 2866 τῳ
847 2776 960 2896 θείῳ
979 2777 1026 2866 993

59 2852 209 2977 ἡμετέρῳ
235 2878 308 2962 υίδς
334 2876 485 2968 ποιητός,
512 2874 592 2948 καθ’
620 2874 663 2966 ἣν
691 2873 723 2947 δ’
749 2871 848 2998 96969
875 2871 1026 2962 ἀπέφηνε

60 2986 297 3072 Δικαιογένης,
326 2984 379 3051 έπὶ
405 2982 505 3050 παντὶ
531 2982 579 3073 τῷ
603 2989 694 3073 οίκφ.
739 2973 877 3047 ταύταιν
896 2976 933 3044 δὲ
950 2990 1026 3045 ταίν

61 3084 246 3175 διαθήκαιν
271 3079 315 3173 ήν
341 3084 402 3171 μέν
419 3049 586 3171 Πρόξενδς
612 3049 779 3203 ἀπέφηνε,
807 3076 1027 3196 Διμαιογένης

61 3197 174 3261 ἔπεισε
191 3184 270 3267 τούς
289 3180 445 3263 δικαστάς
473 3177 517 3262 ἀς
534 3177 597 3249 οὐκ
614 3176 742 3269 ἀληθής
762 3188 829 3264 είη
849 3172 918 3299 ήμ
911 3176 948 3245 66
965 3186 1026 3245 Δι-

61 3293 237 3413 καιομένης
263 3283 519 3376 ἀπέφηνεν,οί
542 3280 810 3404 μαρτυρήσαντες
837 3272 943 3363 αὐτήν
968 3270 1027 3342 τδν

62 3406 161 3465 θείου
177 3388 237 3460 τδν
254 3384 413 3479 ἡμέτερον
432 3384 611 3453 διαθέσθαι
630 3379 782 3451 εάλωσαν
799 3382 1027 3464 ψευδομαρτυ-

63 3499 156 3588 ριῶν.
175 3489 302 3581 ἀμφοῖν
314 3490 351 3560 δέ
362 3503 437 3558 ταῖν
456 3478 672 3573 διαθήκαιν’
653 3475 1027 3573 ακήροινγιννομέναιν,
1047 3488 1081 3543 16
