2340 3916
257 208 349 258 ΠΕΡΙ
366 206 441 258 ΤΗΣ
460 206 561 259 ΠΡΟΣ
579 205 714 262 ΛΑΚΒΔ,
734 205 909 258 ΕΙΡΗΝΗΣ.
1013 204 1053 269 71

88 360 195 437 μεθα,
221 355 257 417 τί
278 373 358 417 ποτε
381 346 481 417 αὐτοὶ
499 354 674 418 πείσεσθαι
699 349 867 436 δοκοῦμεν
891 346 961 417 άπὸ
986 350 1056 416 τῶν

89 450 290 540 βαρβάρων,
318 447 400 519 ὅταν
424 450 531 518 ταῦτα
556 449 751 539 πράξωμεν;
776 455 809 518 εἰ
833 454 953 519 τοίνυν
977 451 1055 539 περὶ
1075 464 1107 516 16

88 552 215 622 τούτου
234 551 296 639 μὲν
312 555 377 621 ἔδει
392 559 570 639 πολεμεῖν,
588 550 741 641 χρήματα
754 550 792 620 δέ
804 549 958 640 άπήρχεν
975 550 1058 640 ήμίν

93 654 213 742 ἰκανά,
236 669 307 734 τοίς
326 654 365 722 δὲ
383 654 534 742 σάμασιν
558 644 641 741 ἦμεν
658 658 818 740 δυνατοί,
843 651 925 722 οὐδὲ
949 651 1058 733 οὕτως

92 761 159 826 ἔδει
177 764 344 844 πολεμεῖν.
380 764 412 827 εἰ
434 755 473 825 δὲ
496 754 578 844 μήτε
596 755 641 825 δι’
661 751 728 823 ὅτι
752 754 833 843 μήτε
851 752 954 824 ὅτοισι
977 755 1059 843 μήτε

92 857 155 945 ἀφ’
181 856 262 927 ὅτου
288 859 528 946 πολεμήσωμεν
560 864 646 947 ἔστι,
677 860 750 938 πῶς
775 854 839 926 οάιι
870 859 908 926 ἐκ
932 855 1059 936 παντὸς

91 960 222 1047 τρόπον
240 961 302 1046 τήν
320 960 461 1049 εἰρήνην
479 960 634 1049 ποιητέον
651 957 752 1046 ήμῐν,

170 1063 354 1141 Σκέψασθε
378 1061 416 1131 δὲ
441 1053 467 1130 ά
488 1062 662 1150 Ἀθηναῖοι
684 1063 741 1130 καί
765 1060 861 1149 τάδε,
892 1057 943 1128 ὅτι
972 1061 1054 1129 νυνλ
1073 1076 1104 1125 1⁷

93 1166 175 1232 πάσι
198 1178 271 1244 τοῖς
285 1161 422 1252 Ἕλλησι
453 1165 570 1252 κοινήν
600 1162 739 1254 εἰρήνην
769 1164 826 1231 καλ
859 1164 1059 1252 ἐλευθερίαν

93 1265 272 1354 πράττετε,
314 1268 370 1335 καί
405 1266 554 1354 μετέχειν
588 1264 692 1334 ἅπασι
727 1265 865 1334 πάντων
901 1266 1060 1346 ἐξουσίαν

94 1382 225 1437 ποιεῖτε.
264 1367 481 1456 ἐνθυμήθητε
498 1359 562 1437 οὖν
579 1373 648 1437 τῶν
667 1364 798 1435 πόλεων
823 1365 884 1446 τάς
901 1373 1061 1453 μεγίστας

92 1476 162 1538 τίνι
179 1469 296 1560 τρόπῳ
312 1470 373 1538 τὸν
397 1470 545 1559 πόλεμον
568 1468 801 1539 καταλύονται.
838 1470 974 1556 πρῶτον
998 1466 1062 1554 μὲν

95 1575 405 1660 Λακεδαιμονίους,
420 1576 542 1653 οἵτινες
555 1570 735 1661 άρχόμενοι
747 1569 810 1657 μὲν
824 1568 906 1657 ήμίν
919 1570 977 1637 καὶ
990 1583 1062 1648 τοίς

95 1673 283 1759 συμμάχοις
308 1681 468 1761 πολεμεῖν
490 1665 594 1764 ήρχον
619 1675 676 1743 καί
699 1671 783 1741 κατὰ
806 1672 872 1758 γῆν
895 1671 953 1738 καί
977 1669 1062 1738 κατά

95 1774 290 1861 θάλατταν,
314 1778 383 1844 νῦν
401 1774 433 1843 δ’
454 1774 573 1856 αὐτοῖς
599 1778 635 1845 ἐκ
654 1778 713 1863 τής
731 1773 866 1860 εἰρήνης
883 1769 1063 1860 οὐδέτερον

95 1877 228 1944 τούτων
246 1875 398 1964 άπάρχει.
436 1879 493 1946 καί
513 1876 576 1963 οάχ
594 1875 660 1965 ὐφ’
686 1873 782 1962 ήμῶν
800 1872 1064 1960 άναγτιαζόμενοι
1082 1890 1115 1941 18

96 1976 194 2046 ταῦτ’
211 1976 369 2068 ἀφιᾶσιν,
387 1977 463 2046 άλλ’
481 1979 533 2049 ἐπ’
552 1982 731 2069 ἐλευθερίη
749 1977 859 2065 πάσης
876 1976 933 2062 τής
944 1973 1064 2045 Ἑλλά-

96 2084 165 2159 ὃος.
201 2080 393 2166 νενικήκασι
416 2081 482 2168 γάρ
505 2081 579 2170 τρίς
598 2078 660 2169 ήδη
684 2078 885 2167 μαχόμενοι,
907 2075 983 2146 τοτὲ
1000 2075 1063 2164 μὲν

97 2184 306 2272 ἐνΚορίνθῳ
316 2183 446 2264 πάντας
456 2183 712 2271 πανδημεὶτοάς
722 2181 921 2268 συμμάχους
930 2179 1063 2269 παρόν-

99 2310 179 2368 τας,
204 2281 267 2368 οὐχ
284 2282 510 2365 ν’πολιπόντες
529 2283 700 2374 πρόφασιν
718 2281 902 2370 οὐδεμίαν,
927 2278 1005 2349 ἀλλ’
1026 2282 1064 2351 ἐν

98 2388 145 2474 τῷ
159 2386 386 2471 κρατιστεύειν
399 2386 497 2474 μόνοι
506 2387 645 2455 πάντων
656 2438 666 2474 ,
679 2376 781 2465 αὖθις
796 2383 828 2452 δ’
845 2387 883 2453 έν
892 2392 1066 2469 Βοιωτοῖς,

98 2484 148 2554 ὅτ’
170 2485 286 2555 αὐτῶν
297 2486 493 2576 Ἀγησίλαος
510 2487 643 2576 ἡγεῖτο,
661 2489 722 2556 τὸν
736 2484 990 2570 αὐτὸντρόπον
1009 2482 1067 2550 καὶ

101 2588 174 2657 τότε
191 2588 253 2674 τήν
267 2597 367 2678 νίκην
381 2591 600 2677 ἐποιήσαντο,
617 2597 734 2676 τρίτον
752 2585 785 2656 δ’
806 2586 909 2672 ήνίκα
923 2584 1067 2671 Λέχαιον

102 2696 244 2777 ἔλαβον,
271 2691 454 2781 Ἀργείους
484 2692 547 2780 μὲν
577 2688 730 2769 ἅπαντας
760 2689 818 2756 καλ
846 2692 1068 2774 Κορινθίους,

100 2790 197 2879 ήμῶν
222 2791 261 2861 δὲ
285 2795 342 2862 τιαλ
366 2799 525 2864 Βοιωτῶν
548 2792 629 2873 τούς
654 2789 833 2881 παρόντας.
869 2790 1009 2857 τοιαῦτα
1032 2784 1065 2856 δ’
1088 2804 1120 2855 19

103 2900 184 2980 ἔργα
196 2896 438 2983 ἐπιδειξάμενοι
446 2896 510 2982 τήν
520 2896 660 2983 εἰρήνην
670 2895 758 2964 εἰσίν
769 2894 891 2978 ἕτοιμοι
900 2899 1070 2959 ποιεῖσθαι

101 2997 163 3082 τήν
184 2999 314 3067 έαυτῶν
333 3003 483 3086 ἔχοντες,
508 3004 545 3066 οἳ
561 3000 684 3066 ἐνίκων
708 2993 910 3083 μαχόμενοι,
935 2994 991 3060 καί
1008 2990 1069 3071 τάς

101 3098 214 3178 πόλεις
241 3097 454 3187 αὐτονόμους
478 3096 564 3169 εἰναι
588 3100 646 3167 καὶ
670 3097 732 3184 τήν
755 3096 930 3165 θάλατταν
953 3093 1070 3180 κοινὴν

103 3202 224 3280 ἐῶντες
243 3216 313 3281 τοίς
331 3200 533 3289 ήττημένοις.
562 3207 671 3269 καίτοι
688 3204 788 3278 ποίας
806 3197 898 3275 τινὸς
916 3189 961 3262 άν
980 3196 1070 3262 ἐκεί-

174 3403 212 3454 18.
231 3393 311 3464 ὑμῶν
329 3399 383 3451 AB.
402 3426 435 3435 -
452 3393 517 3450 τοτὲ
558 3392 590 3450 ὲν
607 3396 719 3462 scripsi:
739 3386 803 3447 τότε
822 3388 885 3458 μὲν.
899 3390 935 3446 οἰ.
949 3388 1070 3442 Voemel.

103 3468 141 3519 ad
158 3470 237 3519 Dem.
252 3468 323 3517 Phil.
342 3471 371 3530 3,
391 3469 432 3519 58.
446 3494 479 3503 -
490 3413 559 3518 δ’έά
577 3467 714 3523 Βοιωτοῖς
732 3462 759 3514 S.
776 3462 867 3513 Turn:
887 3455 921 3512 δὲ
930 3455 1071 3541 ροιωτοῖς

103 3537 212 3602 ΑΒΜΖ,
233 3530 267 3586 δὲ
287 3528 427 3595 Βοιωτούς
445 3551 471 3587 v.
491 3560 524 3571 -
543 3531 591 3586 καὶ
609 3525 674 3584 τότε
691 3532 729 3583 Sl.
749 3532 842 3583 ’λοιπε
861 3525 911 3580 καλ
929 3541 985 3582 οτε.
