2340 3916
144 165 205 226 136
492 167 746 224 ΑΙΣΧΙΝΟΤ

144 323 264 393 ὁποίου
274 326 403 392 τούτων
414 332 482 390 των
493 323 657 406 τεττάρων
668 322 773 392 αὐτοῦ
784 334 910 411 καιρῶν
921 334 1095 410 κατηγορῶ

145 427 199 489 καὶ
211 421 290 490 πότε
308 420 412 489 αύτὸν
430 420 471 488 οῦ
483 419 522 487 τά
535 422 687 506 βέλτιστά
699 448 783 508 φημι
794 431 838 512 τῷ
852 424 944 510 δήμῳ
957 430 1095 488 πεπολι-

144 527 301 587 τεῦσθαι·
325 516 389 586 κάν
400 517 444 604 μή
464 524 553 586 θέλω
569 517 831 605 ἀποκρίνασθαι,
855 519 929 587 ἀλλ’
953 520 1097 604 ἐγκαλύ-

145 620 335 704 πτωμαικαί
343 617 587 701 ἀποδιδράσκω,
599 618 800 697 ἐκκαλύψειν
810 623 852 704 μέ
862 639 943 703 φησι
954 625 1097 700 προσελ-

144 714 221 784 θων
234 719 288 783 καλ
306 715 394 795 άξειυ
411 717 462 781 έπί
479 713 515 781 τὸ
534 722 623 800 βῆμα
635 718 689 781 καλ
701 713 901 801 ἀναγκάσειν
914 713 1097 797 ἀποκρίνα-

145 824 235 880 σθαι.
261 811 307 880 ἵν’
327 805 390 879 οῦν
406 809 489 897 μήθ’
509 803 607 889 οὗτος
624 817 822 899 ἰσχυρίζηται
833 811 924 899 ὑμεῖς
935 840 969 880 τε
982 837 1093 893 προει-
1111 826 1144 879 56

145 916 222 996 δήτε
234 913 298 996 ἐγώ
310 937 344 977 τε
356 909 601 995 ἀποκρίνωμαι,
615 913 767 984 ἐναντίον
778 931 831 978 σοι
840 919 909 978 τῶν
920 916 1093 990 δικαστῶν,

146 1009 379 1095 Δημόσθενες,
403 1011 458 1075 καὶ
475 1016 543 1074 τάν
561 1007 672 1074 ἀλλων
690 1017 851 1092 πολιτῶν,
874 1007 946 1077 ὅσοι
964 1007 1004 1095 δή
1017 1013 1095 1084 ἔξω·

76 1123 129 1177 444
145 1117 210 1174 θεν
220 1114 425 1189 περιεστᾶσι,
439 1108 494 1173 καί
505 1113 572 1172 των
582 1104 763 1192 Ἑλλήνων,
782 1106 871 1185 ὅσοις
883 1107 1027 1192 ἐπιμελὲς
1038 1105 1095 1186 γέ-

146 1231 246 1289 γονεν
270 1204 449 1270 ἐπακούειν
466 1209 565 1290 τήσδε
583 1213 639 1290 τής
648 1211 800 1289 κρίσεως·
823 1203 892 1290 ὁραῑ
905 1206 939 1272 δὲ
953 1201 1012 1268 οὐκ
1025 1198 1095 1267 ὀλί-

146 1329 226 1388 γους
244 1302 426 1385 παρόντας,
450 1300 524 1369 ἀλλ’
550 1301 650 1381 ὅσους
667 1303 776 1382 οὐδεὶς
794 1304 925 1371 πώποτε
936 1307 1094 1387 μέμνηται

146 1398 229 1483 πρδς
240 1397 354 1484 ἀγῶνα
372 1399 532 1485 δημόσιον
543 1406 846 1487 παραγενομένους·
864 1400 1094 1483 ἀποκρίνομαι,

147 1496 197 1565 ὅτι
218 1495 378 1564 ἀπάντων
400 1505 468 1564 των
490 1499 657 1581 τεττάρων
678 1507 804 1583 καιρῶν
826 1504 997 1584 κατηγορῶ
1021 1515 1094 1579 σου,

146 1596 256 1676 οῦςσῦ
264 1605 411 1683 διαιρεῖς,
420 1594 567 1667 κάνοίτε
575 1601 649 1667 θεοὶ
659 1602 784 1668 θέλωσι
796 1602 849 1668 καλ
861 1603 895 1666 οί
904 1598 1054 1665 δικασταὶ
1066 1598 1097 1674 ἐξ
1115 1613 1147 1665 57

147 1705 223 1762 ἰσου
238 1691 333 1779 ἡμῶν
351 1693 520 1763 ἀκούσωσι
536 1693 628 1781 κάγω
642 1696 791 1782 δύνωμαι
803 1695 1097 1782 ἀπομνημονεῦσαι

146 1791 232 1860 ἀσοι
251 1792 406 1874 σύνοιδα,
429 1792 520 1859 πάνυ
537 1799 712 1880 προσδοκῶ
730 1798 901 1874 ἐπιδείξειν
918 1809 984 1872 τοῖς
1002 1797 1097 1859 δικα-
1165 1784 1168 1789 ’

146 1905 236 1968 σταῖς
256 1899 314 1974 τῆς
335 1891 396 1976 μὲν
418 1899 579 1977 σωτηρίας
593 1901 633 1980 τῇ
650 1894 743 1960 πόλει
760 1893 838 1971 τοῦς
853 1893 956 1970 θεοῦς
973 1896 1097 1967 αἰτίους

146 1992 386 2073 γεγενημένους
396 1993 451 2056 καλ
461 1990 539 2069 τοῦς
557 1992 805 2077 φιλανθρώπως
815 1994 870 2058 καί
882 1997 1019 2077 μετρίως
1031 2004 1098 2068 τοῖς

77 2099 128 2153 445
145 2096 202 2172 τῆς
214 2089 341 2166 πόλεως
353 2090 520 2175 πράγμασι
532 2093 776 2176 χρησαμένους,
799 2097 867 2158 των
878 2090 913 2156 δέ
929 2087 1099 2173 ἀτυχημά-

146 2213 213 2253 των
237 2184 395 2253 ἀπάντωυ
412 2191 638 2275 Δημοσθένην
662 2199 768 2256 αἰτιον
788 2189 1018 2272 γεγενημένον.
1042 2188 1097 2251 καὶ

145 2285 307 2371 χρήσομαι
323 2294 363 2374 τῇ
378 2285 556 2369 τοῦλόγου
573 2287 660 2365 τάξει
676 2286 796 2374 ταύτῃ,
818 2284 862 2371 ήν
878 2293 998 2352 τοῦτον
1010 2306 1098 2350 πυν-

145 2383 291 2469 θάνομαι
309 2393 475 2451 ποιεῖσθαι
492 2385 639 2469 μέλλειν,
663 2387 742 2463 λέξω
761 2387 796 2450 δὲ
809 2392 942 2468 πρῶτον
952 2384 1026 2465 περὶ
1037 2390 1099 2448 τοῦ

146 2483 280 2565 πρώτου
302 2489 421 2564 καιροῦ
439 2484 495 2549 καὶ
516 2481 675 2565 δεύτερον
697 2484 848 2566 περὶτοῦ
867 2480 1024 2562 δευτέρου
1042 2484 1098 2547 καὶ

145 2587 256 2662 τρίτον
267 2583 342 2662 περὶ
360 2588 420 2647 τοῦ
438 2582 554 2664 ἐφεξῆς
565 2581 619 2646 καί
629 2582 785 2665 τέταρτον
797 2583 949 2663 περλτοῦν
960 2589 1025 2646 νῦν
1036 2605 1098 2646 κα-

144 2679 359 2764 θεστηκότων
369 2679 582 2763 πραγμάτων.
605 2680 658 2744 καὶ
671 2675 710 2762 δή
724 2678 877 2762 ἐπανάγω
890 2675 1035 2762 ἐμαυτὸν
1046 2678 1098 2743 ε’πλ

144 2772 206 2860 τήν
217 2775 369 2860 εἰρήνην,
382 2771 424 2860 ήν
437 2772 479 2840 σῦ
492 2777 546 2841 καὶ
558 2775 764 2860 Φιλοκράτης
776 2775 947 2859 ἐγράψατε.

227 2869 317 2956 Ὑμῖν
327 2872 391 2956 γάρ
404 2869 563 2957 ἐξεγένετ’
575 2867 634 2955 ἀν,
655 2866 683 2938 ιδ
702 2871 888 2958 Ἀθηναῖοι,
905 2871 966 2959 τήν
977 2875 1097 2955 προτέ-
1114 2882 1148 2936 58

144 2993 208 3050 ραν
225 2971 355 3053 ἐκείνην
375 2969 511 3053 εἰρήνην
530 2968 733 3054 ποιήσασθαι
751 2968 832 3056 μετά
855 2979 974 3037 κοινοῦ
997 2989 1098 3036 συνε-

146 3069 240 3147 δρίου
258 3073 326 3131 των
341 3064 522 3151 Ἑλλήνων,
549 3076 582 3134 εἰ
588 3094 674 3147 τινες
685 3066 771 3154 ὑμᾶς
785 3079 901 3136 εἰασαν
912 3083 1098 3155 περιμεῖναι

72 3175 128 3234 446
145 3161 203 3241 τάς
221 3170 408 3249 πρεσβείας,
433 3160 470 3243 ἀς
481 3158 538 3250 ήτε
548 3168 797 3253 ἐκπεπομφότες
813 3165 884 3234 κατ’
898 3171 1027 3235 ἐκεῖνον
1037 3169 1097 3234 τὸν

143 3259 261 3346 καιρόν
273 3267 318 3340 εἰς
329 3260 391 3346 τήν
399 3259 552 3347 Ἑλλάδα,
576 3275 845 3349 παρακαλοῦντες
855 3272 907 3335 ἐπὶ
919 3273 1096 3352 Φίλιππον,

142 3375 314 3445 μετασχεῖν
328 3357 525 3446 Ἑλληνικοῦ
547 3367 741 3449 συνεδρίου,
764 3367 819 3432 καί
840 3364 1015 3450 προῖόντος
1036 3372 1098 3431 τοῦ
