2340 3916
143 219 207 284 210
254 237 261 250 '
462 221 752 298 [ΑΙΣΧΙΝΟΤ]

144 380 183 449 δι’
199 384 382 449 ἐπιστολῶν
404 381 522 466 λέγειν.
557 385 587 446 εί
608 379 643 447 AA
665 380 720 446 ναὶ
742 387 808 445 νῦν
825 376 864 445 τίι
882 379 1129 447 Μακεδόνωνὸ

144 496 284 569 φρονεῖν
294 484 411 567 έροῦσί
417 506 473 566 με
492 480 547 547 καὶ
557 485 820 565 παραπρεσβείας
831 477 932 544 πόλιν
943 478 1094 562 γράφον-

144 589 198 650 ται
206 608 293 660 τινες
310 580 439 648 ἀπόντα
455 608 495 667 με
512 608 532 667 ιγ
520 577 727 666 προδοσίας
745 587 802 664 τῆς
813 576 1027 664 Ἐλλόιλος,”
1010 605 1096 646 ετοι-

145 781 299 900 φεύγειν,
323 778 383 847 έόιν
405 781 607 868 βούλωνται,
630 781 686 846 καὶ
708 777 790 861 πρὸς
810 777 872 845 τόν
895 784 931 847 έν
951 782 1096 862 Πέρσαις

144 878 256 965 ἄπειμι
268 906 323 946 και
312 879 466 966 Μήδοις
479 881 626 967 βασιλέα.
661 884 768 945 καίτοι
779 904 819 945 τα
808 876 973 962 Περσοῖν
985 905 1025 964 με
1041 880 1095 944 καὶ

10 1002 17 1015 ’
43 998 46 1003 “
144 978 277 1065 Μήδων
291 975 400 1056 οὐδεὶς
414 985 476 1065 έφιγ
489 970 567 1046 ποτὲ
579 994 734 1064 φρονεῖν,
759 980 814 1046 καλ
832 980 966 1046 πάντων
980 977 1095 1064 ἥκιστα

144 1083 374 1164 Δημοσθένης
408 1075 475 1145 ἀλλ’
490 1075 565 1145 οὐδ’
579 1081 709 1145 ἐκεῖθεν
719 1077 1061 1163 παύσομαιγριίφων,
1074 1073 1096 1142 A

143 1203 182 1296 τγγ
170 1175 289 1242 πόλει
301 1176 385 1256 δόξω
398 1179 592 1262 συμφέρειν,
606 1202 647 1242 ον
638 1175 850 1262 ’χαρίζεσθαι
862 1183 991 1262 μέλλων
1003 1174 1093 1296 υμῑγ,

145 1274 256 1356 ὥσπερ
268 1273 362 1392 ἄλλρι
374 1275 479 1360 τινὲς,
495 1272 563 1342 αλλ’
577 1279 761 1358 ἐλευθέρως
772 1284 957 1342 νουθετεῖν.
979 1277 1017 1340 εὐ
1030 1270 1094 1358 γὰρ
1112 1286 1129 1342 4

145 1375 266 1440 εἰδέναι
284 1370 363 1456 χρὴ,
387 1371 437 1438 ότι
454 1382 523 1438 τών
541 1376 808 1459 πολιτευομένων
824 1378 858 1440 οί
878 1382 1005 1458 μᾶλλον
1023 1377 1095 1441 έπι-

108 1488 110 1495 *
145 1465 332 1555 πλήττεινή
342 1477 534 1555 χαρίζεσθαι
544 1473 701 1549 θέλοντες
713 1470 792 1557 ὑμῖν
803 1464 979 1557 δοκεῖν,
937 1499 1029 1538 ουτοι
1040 1473 1096 1538 καὶ

145 1569 287 1654 μάλιστα
310 1571 391 1653 πρὸς
409 1567 536 1657 ἡδονὴν
555 1575 704 1655 λέγουσι,
726 1568 788 1655 τήν
809 1567 873 1637 ίιπό
890 1571 1096 1656 προσχήματι

146 1679 330 1789 παρρησίας
352 1667 434 1736 ὁδόν
453 1677 514 1736 τοῦ
539 1667 735 1736 κολακεύειν
757 1667 923 1797 ἑλόμενοι·
956 1672 1011 1735 παλ
1031 1669 1097 1754 γάρ

76 1780 127 1838 687
146 1766 229 1855 αὕτη
241 1776 289 1847 τίς
300 1774 368 1837 ἐστι
378 1797 438 1837 του
425 1775 643 1855 χαριζεσθαι
655 1775 800 1847 πολίταις
812 1771 866 1836 καὶ
883 1767 1021 1854 ἡγεμόσι
1033 1793 1098 1834 πο-

147 1865 188 1934 λὺ
211 1870 456 1994 καπουργοτέρα
480 1876 685 1951 προαίρεσις·
728 1865 771 1952 ἢν
794 1871 980 1953 βαδίζοντες
1011 1893 1099 1986 τινες

144 1962 301 2050 Ἀθήνησι
313 1960 367 2032 καὶ
379 1967 555 2092 περιόντος
565 1969 645 2089 ἐμοῦ
658 1963 730 2048 παρ’
745 1963 840 2051 ὑμῖν,
858 1965 946 2031 οὕτω
957 1990 1021 2049 γαρ
1034 1963 1096 2050 χρὴ

146 2069 269 2150 λέγειν,
284 2070 335 2133 καλ
350 2094 432 2151 νυν
446 2067 528 2135 οσον
540 2093 580 2151 εφ
602 2065 696 2152 ὑμῖν,
709 2074 948 2150 τεθνεώτος,α
928 2072 1099 2132 αἰτιῶνται

146 2165 207 2249 μὲν
217 2163 312 2249 ὑμῶν
323 2164 385 2251 τὴν
397 2162 610 2288 όλιγαρίαν“
587 2191 631 2242 ως
642 2162 704 2231 οὐκ
716 2163 937 2231 έθελόντοιν”
917 2189 1028 2280 αρχειν
1039 2171 1099 2247 τῆς

141 2257 314 2346 Ελλαδος,
339 2265 580 2348 προτρέπονται
599 2264 668 2328 AA'
651 2264 702 2329 επὶ
713 2288 775 2346 την
785 2270 966 2349 ιγγεμονιαν
979 2260 1021 2338 ὡς
1035 2267 1099 2327 θυ-

83 2375 84 2378 ’
147 2364 320 2445 ναμένους.
340 2359 432 2447 ὑμεῖς
450 2363 486 2430 δὲ
503 2388 583 2447 μετα
600 2369 660 2428 τοῦ
683 2366 794 2428 δοκεῖν
812 2360 908 2447 αργολ
924 2362 1099 2446 γεγονέναι
1117 2376 1134 2430 5

149 2458 588 2546 θυνασθαιτῶνΕλλιγνων
566 2486 680 2546 αρχειν
690 2467 880 2545 νομιζεσθαι
889 2464 1002 2527 θέλετε
1013 2468 1100 2544 μιλλ-

149 2568 208 2627 λον
221 2555 242 2643 ἢ
252 2557 333 2644 μετὰ
344 2567 405 2627 τοῦ
422 2562 533 2645 μένειν
552 2556 646 2645 ὑμῶν
658 2559 715 2638 τοὶς
728 2565 917 2644 προθυμίας
928 2564 1099 2627 ἐνδεῖσθαι

149 2667 206 2743 τῆς
219 2656 397 2742 δυνάμεως.
426 2659 642 2745 πυνθάνομαι
660 2658 725 2742 γὰρ
737 2656 992 2743 τελευτήσαντος
1008 2655 1100 2724 Ἀλε-

149 2755 293 2838 ξάνδρου
305 2760 503 2842 προτρέπειν
513 2757 604 2835 τινας
616 2755 703 2841 ὑμᾶς
720 2759 921 2840 καινοτέρων
934 2755 1101 2823 ἅπτεσθαι

79 2872 132 2929 688
150 2853 366 2937 πραγμάτων·
390 2854 452 2939 ἐγώ
466 2859 501 2920 δὲ
517 2862 703 2941 βουλοίμην
714 2850 758 2921 ι’ἶν
769 2863 872 2921 ταῦτα
885 2854 1100 2941 συμβουλεύ-

150 2978 199 3018 ειν
211 2950 290 3037 ὑμῖν
300 2952 380 3038 μετὰ
391 2961 452 3020 τοῦ
465 2961 568 3020 ταῦτα
584 2957 775 3040 συμφέρειν.
810 2952 923 3039 οὐγὰρ
934 2951 1097 3040 ἠγνόουν,
1113 2969 1132 3027 ο

149 3049 192 3135 μόι
206 3049 266 3118 τόν
277 3061 342 3119 Δία
355 3054 409 3119 καὶ
427 3050 504 3129 τοὺς
521 3053 642 3131 ἄλλους
653 3050 772 3135 θεοὺς,
798 3051 849 3119 ότι
866 3052 1020 3137 λαμπρόν
1031 3056 1100 3119 ἐστι

145 3147 181 3217 τό
198 3162 264 3228 τοῖς
276 3150 692 3279 μένβαρβοίροιςπολεμεῐγ,
704 3149 825 3228 τοὺςδὲ
834 3147 993 3234 Ἕλληνας
1005 3154 1102 3217 ἑλεν-

148 3259 293 3334 θεροῠν,
313 3251 366 3316 καὶ
378 3251 481 3317 ταυτοί
477 3277 529 3414 ὲγε
541 3253 595 3318 καὶ
608 3246 686 3328 τούς
697 3245 866 3334 πατέρας*
851 3255 946 3334 ιγμῶν
956 3257 1099 3332 προελο-

148 3352 283 3443 μένους·
306 3344 374 3413 ἀλλ’
388 3352 432 3425 είς
452 3346 491 3432 μὲ
493 3375 513 3412 ν
534 3345 571 3415 τό
594 3348 778 3432 βούλεσθαι
798 3372 838 3412 τα
857 3346 1014 3429 κράτιστα
1036 3372 1100 3432 τιγν

145 3446 287 3530 γνώμην
299 3436 405 3511 οὖσαν
418 3445 592 3530 ιπανὴν,ε
578 3451 624 3522 είς
642 3445 677 3512 ‹AA
695 3471 732 3511 το
722 3441 920 3510 δύνασθαι
932 3444 986 3509 καὶ
998 3442 1100 3576 τύχιγς
