2340 3916
225 219 315 272 ΠΕΡΙ
335 219 411 273 ΤΗΣ
430 219 531 272 ΠΡΟΣ
549 219 685 273 ΔΑΚΕΔ.
704 220 881 273 ΕΙΡΗΝΗΣ.
995 222 1036 285 67

71 361 132 432 τόν
151 365 292 451 Πειραιᾶ
316 361 391 431 τότε
417 364 622 449 ἐτειχίσαμεν
647 364 684 431 ἐν
707 363 818 454 τούτῳ
841 363 888 455 τῷ
911 363 1038 455 χρόνῳ,

72 463 144 535 εἶτα
156 464 195 532 τὸ
209 464 342 553 μακρόν
355 479 463 551 τεῖχος
481 464 519 533 τό
537 463 689 553 βόρειον·
708 463 785 532 άντί
800 463 838 533 δέ
855 467 924 533 τῶν
941 464 1037 555 τριή-

71 594 141 657 ρων
160 575 199 635 αἰ
219 567 295 635 τότε
312 564 395 654 ήμῖν
413 557 500 654 ἦσαν
518 567 658 635 παλαιαὶ
676 567 733 634 καί
752 563 870 654 άκλοι,
897 561 953 646 αἷς
972 575 1037 656 βα-

71 669 164 739 σιλέα
188 670 245 738 καί
275 668 470 758 βαρβάρους
496 668 860 757 καταναυμαχήσαντες
889 667 1035 756 ἠλευθε-

72 770 229 862 ράσαμεν
258 771 341 850 τοός
362 768 547 860 Ἕλληνας,
578 769 655 839 άντί
686 770 819 839 τούτων
849 772 919 838 τάν
949 773 1038 845 νεῶν

72 874 193 943 ἑκατόν
210 873 355 962 τριήρεις
375 873 703 962 ἐναυπηγησάμεθα,
728 874 785 941 καί
805 874 941 961 πρῶτον
964 872 1039 941 τότε

71 982 286 1065 τριακοσίους
302 981 416 1056 ίππεῐς
429 975 704 1063 κατεστησάμεθα
716 976 774 1043 καὶ
792 973 928 1055 τοξότας
942 999 1038 1062 τρια-

70 1085 208 1157 κοσίους
224 1077 367 1156 Σκύθας
383 1077 577 1167 ἐπριάμεθα.
610 1076 667 1145 καί
685 1079 793 1145 ταῦτα
813 1078 849 1146 ἐκ
866 1079 925 1163 τής
944 1074 1038 1165 εἰρή-

71 1207 132 1267 νης
155 1183 214 1268 τής
239 1180 324 1270 πρός
342 1183 632 1267 Λακεδαιμονίους
656 1175 772 1265 άγαθά
796 1181 837 1268 τῇ
863 1178 958 1246 πόλει
981 1178 1038 1245 καὶ

72 1281 216 1369 δυύαμις
234 1285 281 1373 τῷ
301 1281 396 1374 δήμῳ
414 1283 485 1349 τάν
498 1279 692 1369 Ἀθηναίων
715 1282 856 1367 ἐγένετο.
885 1278 983 1349 Μετά
1001 1278 1039 1348 δέ
1056 1290 1073 1338 6

72 1386 181 1452 ταῦτα
206 1382 251 1452 δι’
279 1383 464 1470 Αἰγινήτας
489 1389 537 1464 εἰς
562 1382 708 1469 πόλεμον
734 1383 956 1470 κατέστημεν,
983 1381 1040 1449 καὶ

73 1487 181 1553 πολλὰ
206 1483 299 1574 (μὲν)
330 1484 416 1554 κακά
442 1484 611 1564 παθόντες
637 1482 745 1553 πολλοὶ
777 1482 815 1552 δὲ
842 1482 1040 1570 ποιήσαντες

75 1586 334 1676 ἐπεθυμήσαμεν
366 1587 468 1656 πάλιν
498 1590 556 1675 τής
587 1585 740 1676 εἰρήνης,
774 1586 832 1652 καὶ
863 1583 1041 1674 ᾑρέθησαν

74 1689 156 1757 δέκα
187 1688 309 1776 ἄνδρες
342 1689 375 1769 ἐξ
395 1689 589 1777 Ἀθηναίων
619 1686 782 1756 ἁπάντων
806 1687 960 1775 πρέσβεις
991 1692 1041 1764 είς

74 1794 315 1877 Λακεδαίμονα
334 1794 411 1879 περί
426 1791 563 1880 εἰρήνης
577 1786 823 1877 αὐτοκράτορες
832 1839 842 1874 ,
861 1777 909 1855 ὧν
926 1777 969 1872 ήν
983 1788 1042 1855 καί

69 1890 267 1981 Ἀνδοκίδης
282 1890 300 1959 ὁ
315 1892 452 1972 πάππος
465 1890 483 1959 δ
498 1888 667 1980 ήμέτερος.
695 1880 789 1958 οὗτοι
800 1887 884 1976 ήμίν
902 1886 1042 1976 εἰρήνην

74 1996 237 2081 ἐποίησαν
262 1993 348 2082 πρός
368 1999 656 2080 Λακεδαιμονίους
684 1997 740 2080 ἐτη
759 1989 947 2080 τριάκοντα.
983 1990 1042 2057 καὶ

72 2099 110 2165 ἐν
128 2096 280 2189 τοσοότιμ
294 2095 407 2187 χρόνῳ
424 2101 513 2164 ἐστιν
527 2091 633 2181 ὅπου,
653 2084 881 2182 άἈθηναίοι,
901 2091 919 2160 ό
936 2095 1041 2179 δήμος

72 2198 261 2286 κατελάθη;
280 2204 317 2267 τί
332 2197 374 2266 δέ
380 2228 388 2280 ;
407 2196 611 2286 πράττοντές
624 2221 712 2276 τινες
727 2195 837 2285 δήμου
855 2192 1042 2263 κατάλυσιν

74 2300 291 2388 ἐλήφθησαν;
316 2298 380 2368 οόκ
407 2305 497 2368 ἐστιν
522 2296 613 2379 ὅστις
638 2295 825 2385 άποδείξει,
852 2294 928 2365 ἀλλ’
956 2293 1041 2363 αότό

72 2400 110 2470 τό
132 2400 392 2471 ἐναντιώτατον·
412 2398 499 2489 αὕτη
517 2398 617 2490 γάρή
632 2399 749 2488 εἰρήνη
766 2398 828 2467 τὸν
846 2399 955 2484 δήμου
972 2401 1042 2464 τῶν
1059 2419 1075 2467 7

70 2502 263 2592 Ἀθηναίων
272 2501 410 2592 ὑψηλόν
419 2495 479 2593 ήρε
487 2503 545 2571 καὶ
555 2502 757 2587 κατέστησεν
769 2498 912 2588 ἰσχυρόν
920 2495 1042 2585 οὕτως,

74 2603 158 2675 ὥστε
182 2609 316 2696 πρῶτον
347 2604 409 2693 μέν
435 2607 472 2674 ἐν
499 2603 632 2683 τούτοις
662 2615 735 2681 τοίς
767 2607 875 2670 ἐτεσιν
905 2595 1042 2687 εἰρήνην

74 2708 237 2798 λαβόντες
255 2707 491 2795 ἀνηνέγκαμεν
508 2711 598 2793 χίλια
615 2702 764 2772 τάλαντα
783 2708 832 2783 εἰς
855 2700 918 2788 τήν
936 2698 1043 2789 άκρό-

146 2877 170 2926 5.
189 2865 253 2924 τότε
273 2871 335 2922 add.
353 2871 401 2920 AB
420 2870 473 2920 Bk.
490 2896 524 2905 -
542 2862 781 2933 ἐλευθερώσαμεν
798 2864 835 2917 Ad
853 2870 881 2916 et
902 2881 941 2930 pr.
961 2862 997 2914 M.
1010 2888 1044 2900 -

77 2933 197 3004 τοξότας
224 2940 314 3006 (quod.
344 2955 395 2990 om.
423 2935 534 3001 Aesch.)
553 2937 622 3014 μιεΙ.
646 2933 796 3013 abesseuS.
818 2961 852 2971 —-
869 2931 919 2984 καὶ
941 2930 1045 3010 ταῦτα]

73 3009 168 3060 malim
186 3008 278 3061 ταῦτα
298 3007 395 3069 coll.§
420 3009 445 3057 ⁷.
470 3030 503 3042 -
526 3020 592 3057 τοτε
614 3009 679 3070 post
700 3018 794 3055 ταυτα
813 3001 875 3056 add.
893 3002 936 3051 W.
953 3026 986 3037 -
1005 3016 1044 3066 τῳ

72 3072 168 3144 Ἀθην.
186 3078 246 3140 W.;
262 3079 330 3127 item
350 3077 373 3125 7.
877 3128 883 3145 '

141 3148 165 3202 6.
185 3140 331 3211 οιίγινίτας
351 3158 373 3194 ε.
396 3137 548 3208 οιίγηνίτας
571 3138 678 3190 ΑΒΜΖ.
702 3163 735 3172 -
759 3149 976 3202 κατεστήσαμεν
998 3133 1044 3183 de-

74 3213 149 3296 δίερε
172 3212 283 3265 videtur
305 3227 346 3279 pr.
364 3207 408 3264 Ad.
428 3236 461 3245 -
479 3202 534 3291 μέρ
554 3212 619 3327 {ost
644 3197 737 3257 πολλοὶ
761 3204 826 3256 addi
849 3202 928 3284 maJit
954 3201 987 3255 R.
1011 3226 1044 3235 -

74 3283 227 3348 χρεθησαν
245 3297 305 3332 cum
325 3278 421 3344 Steph.
440 3277 487 3328 R.:
501 3292 551 3342 ευρ
564 3275 676 3341 Ιθησαν.
693 3298 728 3308 -
744 3270 794 3325 καί
814 3275 877 3323 ante
895 3267 963 3322 Ανδ.
982 3266 1044 3318 εδδ.

73 3350 120 3401 ΑΒ
144 3351 197 3400 Bk.
216 3376 249 3385 —
268 3344 339 3412 ὑμῖν
357 3348 404 3398 AB
423 3345 501 3397 Turr.
525 3344 573 3408 (cf.
592 3343 607 3406 ξ
625 3340 661 3406 4).
686 3366 720 3378 -
739 3332 880 3405 ἐποίησαν
900 3343 973 3390 auct.
992 3335 1045 3390 Bk.

73 3419 165 3469 Turn:
186 3411 369 3484 ἐποιήσαντο.
888 3465 895 3485 e
967 3461 981 3484 χ

72 3572 120 3617 τες
138 3491 168 3607 gi.
182 3477 335 3605 τρνῖθην.
345 3484 396 3535 Bk.
408 3484 451 3535 W.
466 3470 693 3549 (τόγἈθηυαῖον
702 3475 772 3544 ΜΖ).
785 3501 817 3514 -
831 3469 951 3540 εἰρήνην
961 3485 1048 3539 αγον-

858 3624 893 3678 ᾗ*
