2340 3916
425 197 520 252 ΥΠΕΡ
538 198 779 256 ΕΥΞΕΝΙΠΠΟΥ.

79 386 217 446 ιοτορα
240 367 337 433 ὄντα
360 368 493 445 λέγειν

119 454 165 535 μὴ
188 454 234 517 τὰ
256 453 394 532 ἄριετα
416 461 467 537 τῷ
490 455 556 533 δή-

118 560 174 622 μῳ
195 544 247 621 τῷ
269 539 485 617 Ἀθηναίων

118 624 300 703 χρήματα
322 625 543 704 λαμβάνον-

117 728 163 773 τα
184 710 246 773 καὶ
268 709 421 788 δωρεὰ(
443 710 547 787 παρὰ

78 797 196 859 τιτῶν
218 791 411 859 τάναντία
436 795 558 872 πράτ-

116 878 271 944 τόντων
292 884 345 963 τῷ
368 879 488 959 δήμω·

117 964 169 1029 καὶ
191 962 262 1027 οὐδ’
284 964 389 1028 οὕτω(
411 963 488 1028 ἀπέ-

116 1048 212 1128 χρηεὲ
235 1070 288 1128 μοι
310 1051 368 1127 τὴν
391 1047 472 1132 εἷα-Ι

64 1145 104 1189 XL
117 1133 268 1210 αγγελίαν
291 1137 421 1216 δοῦναι,

117 1217 188 1283 ἀλλ’
210 1219 362 1284 ὑποκάτω
383 1219 482 1298 παρέ-

601 390 652 452 αν,
676 369 805 450 ἰδιώτην
828 372 857 436 δ’
879 370 960 436 ὄντα

603 456 719 533 κρίνει(
741 456 777 522 ἐν
800 462 838 540 τῇ
860 461 919 521 τοῦ
943 458 996 537 ῥη-

602 560 700 618 τοροε
720 540 821 606 τάξει
843 578 886 587 -
908 546 1002 622 μικρὰ

602 626 637 689 δὲ
659 626 733 703 περὶ
754 630 810 704 τῆ(
832 625 980 705 ἀντηρα-
1087 645 1112 684 2⁵

604 713 668 789 φῆε
691 710 792 776 εἰπὼν
815 710 925 789 ἑτέρα(

602 795 701 859 αἰτίαι
722 796 775 859 καὶ
797 796 951 875 διαβολὰς
972 794 979 881 Ι

601 879 686 958 ἥκει(
708 881 821 959 φέρων
844 882 911 945 κατ’
933 882 990 946 αὐ·

601 969 671 1046 τοῦ,
695 1002 734 1011 -
758 965 864 1042 λέγων
887 965 933 1032 «ic
954 967 1051 1033 Φιλο-

601 1052 670 1114 κλεῖ
690 1051 748 1129 τὴν
771 1051 931 1130 θυγατέρα
953 1053 987 1116 ἐ-·

602 1135 692 1199 δίδου
715 1136 767 1199 καὶ
788 1136 956 1214 Δημοτίω-
1160 1210 1162 1215 ,

600 1239 658 1285 voc
681 1220 804 1284 δίαιταν
827 1220 952 1305 ἔλαβεν,
1097 1238 1110 1278 5

1087 896 1135 939 XLl

115 1322 241 1383 γραψα·
255 1305 335 1368 τάδ’
351 1303 469 1369 εἶπεν
485 1303 530 1368 οὐ
543 1304 588 1368 τὰ
601 1304 653 1368 καὶ
674 1303 773 1369 ἄλλα(
795 1306 946 1370 τοιαύτας

116 1387 254 1468 ἄριετα
275 1395 327 1471 τῷ
350 1389 458 1472 δήμω

89 1473 295 1552 ιχρήματα
318 1475 466 1556 λαβών,

116 1557 187 1624 εἶτα
209 1559 247 1623 τὸ
270 1560 418 1638 ψήφιεμα
440 1557 495 1623 αὐ-

601 1391 802 1472 κατηγορίαε,
817 1390 866 1466 Ιἵν’
888 1390 947 1456 ἐὰν
969 1394 1027 1470 μὲν

601 1473 758 1554 ἀφέμενοι
780 1478 837 1553 τῆε
858 1475 958 1553 εἰεαγ-

599 1560 708 1635 γελίαε
730 1560 891 1637 περὶτῶν
913 1560 976 1627 ἔξω

114 1647 174 1709 τοῦ
189 1641 378 1722 ὑπέγραψα·
397 1679 435 1688 -
451 1644 504 1708 καὶ
518 1643 578 1708 πά·
600 1646 660 1707 τοῦ
682 1642 870 1723 πράγματα(
891 1665 984 1724 κατη·
1085 1663 1109 1702 10

116 1731 183 1793 λιν·
207 1728 303 1793 τάδε
325 1727 439 1793 εἶπεν
463 1728 508 1792 οὐ
531 1728 577 1792 τὰ
599 1729 805 1807 γορηθὲντων
832 1729 955 1794 ἀποδο-

96 1813 254 1892 ’ἄριετα
275 1820 327 1897 τῷ
349 1814 454 1897 δήμῳ
475 1815 566 1892 χρή-

76 1917 215 1979 ιοματοι
238 1899 382 1981 λαβών,
406 1899 457 1962 καὶ
478 1899 517 1962 τὸ

116 1984 263 2062 mincia
285 1983 444 2061 παρέτρα-

114 2089 192 2149 φον.
215 2069 267 2132 καὶ
288 2068 351 2131 &cni
373 2089 426 2147 μοι
448 2088 524 2133 πεν-

114 2153 202 2218 τάκιε
223 2154 242 2231 ἢ
266 2152 367 2218 ἑξάκις
388 2155 487 2217 τοῦτο

114 2237 353 2316 γεγραμμένον·
377 2237 473 2302 δίκαι-

76 2343 102 2383 15
116 2343 155 2387 ov
178 2324 241 2400 γὰρ
264 2323 353 2404 ᾤμην
376 2325 445 2387 δεῖν

115 2407 174 2471 τὸν
197 2405 309 2482 ἀγῶνα
330 2408 383 2472 καὶ
403 2409 462 2485 τὴν
484 2406 546 2486 κρί-

600 1817 731 1896 γῶνται,
753 1813 935 1879 ἀπαντῶειν

599 1897 711 1963 αὐτοῖς
734 1897 766 1962 οἱ
788 1900 941 1964 δικαιταί·
963 1901 993 1964 τί

599 1984 689 2047 ταῦθ’
703 1982 779 2062 ἡμῖν
796 1983 919 2060 λέγετε;
935 2022 978 2031 -
999 1985 1056 2050 ἐὰν

600 2068 636 2132 δὲ
658 2069 779 2147 μηδένα
802 2069 902 2144 λόγον
1084 2085 1109 2125 15

598 2153 671 2232 περὶ
693 2151 801 2219 αὐτῶν
824 2159 941 2219 ποιῶν-

598 2258 660 2320 ται,
683 2237 817 2342 ὁΙάγὼν
838 2239 951 2304 αὐτοῖς
972 2239 1035 2317 χεί·

600 2342 666 2400 ρων
688 2342 826 2402 γινηται·
849 2331 915 2389 τῶν
937 2324 999 2402 γὰρ

600 2408 887 2486 κατηγορηθέντων

117 2511 165 2556 ειν
179 2495 316 2570 ποιῆται.
331 2528 374 2538 -
389 2493 425 2556 τὺ
441 2492 470 2556 δ’
485 2491 505 2555 ἃ
520 2493 578 2571 μὲν
599 2493 637 2556 τὸ
660 2494 700 2570 μὴ
724 2494 826 2571 λαβὸν
847 2492 971 2557 ἀπολο-
1083 2507 1110 2548 20

116 2575 218 2641 εἰπεῖν
241 2575 440 2644 Εὐξένιππον

600 2575 1002 2660 mmmm·

115 2661 182 2741 φήε
204 2661 244 2725 οὐ
266 2662 306 2725 τὰ
328 2661 439 2740 ἄριετα
460 2668 506 2745 τῷ
601 2667 666 2727 τῶν
690 2664 846 2727 δικαετῶν
868 2683 962 2726 κατα-

74 2767 101 2807 20
116 2746 206 2832 δήμῳ
229 2746 289 2810 οὐκ
311 2746 396 2825 εἶχε(
419 2747 493 2824 γρά·
601 2747 779 2829 λ(ε)ίπεται.
797 2783 835 2791 -
853 2748 904 2811 καὶ
924 2748 962 2811 τὸ
980 2747 1062 2812 πάν-

115 2851 176 2910 ψαι
198 2830 242 2895 eit
264 2833 322 2911 τὴν
346 2831 515 2908 εἰεαγγελί·
600 2853 665 2897 των
688 2831 908 2915 δειν(ότ)ατον
929 2839 997 2897 τῶν

112 3087 261 3138 litudinem
279 3087 450 3153 praeferens.
468 3112 503 3123 -
519 3087 554 3137 24
570 3085 660 3151 δωρεε
677 3086 702 3136 Α
720 3104 760 3153 pr.
779 3115 813 3122 —
831 3088 863 3136 26
882 3085 962 3150 δημω
980 3087 1012 3137 A.

183 3170 243 3223 Col.
260 3173 320 3222 XL.
357 3175 370 3222 1
390 3169 708 3238 ειεγαγγελιανανδουναι
725 3173 756 3222 A.
783 3197 817 3209 -
842 3172 919 3222 4τω
937 3174 970 3222 A.
993 3197 1027 3208 -
1051 3173 1083 3223 15

114 3252 198 3304 ωμην
215 3241 247 3290 A.
266 3267 300 3276 —-
317 3242 350 3291 23
367 3254 403 3305 τη
422 3241 454 3288 A.
473 3267 504 3277 -
522 3241 557 3290 24
574 3252 672 3304 μεικρα
689 3238 723 3296 Α,

184 3323 243 3376 Col.
262 3324 335 3375 XLI.
371 3327 386 3374 ⁷
404 3328 468 3390 post
486 3321 655 3389 κατηγορία(
673 3325 809 3375 excidisse
827 3325 920 3389 aliqua
934 3327 1015 3389 putat
1027 3321 1083 3386 K.¹,

113 3393 144 3442 in
161 3390 235 3442 huno
253 3392 311 3444 fere
330 3392 453 3444 modum:
478 3390 541 3444 οἵα(
562 3389 589 3443 οδ
611 3389 785 3454 ευκοφάνται
804 3388 917 3444 εἰωθαει
934 3390 1005 3444 κατὰ
1022 3392 1083 3443 τῶν

114 3459 288 3524 φευγόντων
310 3459 411 3523 λέγειν,
439 3487 473 3496 -
504 3464 535 3512 13
557 3461 652 3510 versui
672 3460 907 3525 interpunctionis
929 3463 997 3510 nota
1021 3461 1083 3511 sub-

115 3529 230 3595 scripta,
249 3529 298 3579 sed
317 3529 418 3580 deinde
435 3530 516 3581 uncis
533 3528 642 3579 inclusa
655 3534 707 3579 est.
736 3529 813 3579 Idem
825 3527 930 3579 accidit
942 3529 983 3590 38,
998 3530 1038 3580 10.
1050 3552 1082 3565 ·-

1114 3626 1146 3694 'i
