2340 3916
353 219 452 270 RATA
470 216 763 270 ΔΗυοΣοωαουΣ.
1021 218 1043 280 5

76 377 177 449 ταῦθ’
204 376 299 467 ὑμεῖς
323 378 506 465 ἐβούλεσθε
529 380 745 468 Δημοσθένει
773 393 960 467 συγχωρεῖν
987 378 1043 446 καὶ

75 485 221 566 πολλοὺς
239 488 276 554 ἐν
293 488 334 574 τῇ
353 485 447 553 πόλει
465 485 544 568 τοὺς
567 484 647 556 καθ’
669 479 766 571 ὑμῶν
789 484 1043 573 δωροδοκήσον-

76 621 135 673 τας
155 591 251 678 εἶναι,
269 590 332 680 τήν
349 594 507 679 περὶτῶν
521 597 586 663 νῦν
601 591 892 679 ἀποπεφασμένων
911 591 1044 679 ζήτησιν

77 699 254 787 χρημάτων
281 697 326 786 μή
349 701 610 788 προσδέχεσθαι,
638 715 758 787 πεῖραν
786 693 882 785 ὑμῶν
909 700 947 765 ἐν
974 711 1044 778 τοῖς

76 806 241 895 πρότερον
269 805 458 892 εἰληφότας·
488 804 574 876 ὅπου
603 835 640 895 γε
663 801 751 875 οὕτω
779 807 887 886 καλῶς
914 805 969 873 καὶ
994 808 1044 870 δι-

77 920 179 993 καίως
197 915 256 999 τῆς
279 909 480 999 ἀποφάσεως
502 916 560 1001 τῆς
578 913 661 983 κατὰ
679 912 802 981 τούτου
825 912 882 980 καὶ
899 913 968 979 τῶυ
987 907 1043 978 άλ-

77 1028 146 1087 λων
177 1021 257 1086 νυνὶ
285 1021 521 1106 γεγενημένης,
549 1022 605 1089 καὶ
631 1024 689 1107 τής
718 1020 750 1099 ἐξ
778 1015 906 1104 Ἀρείου
934 1016 1045 1102 πάγου

53 1128 203 1212 ’βουλῆς
226 1122 303 1193 οὔτε
325 1123 387 1212 τήν
410 1129 657 1213 Λημοσθένους
685 1122 763 1195 οὔτε
790 1122 852 1211 τήν
876 1124 1045 1212 Δημάδου

78 1232 225 1319 δύναμιν
249 1227 546 1320 ὑποστειλαμένης,
570 1231 653 1303 ἀλλά
677 1232 714 1302 τὸ
735 1237 867 1302 δίκαιον
886 1227 1044 1300 αὐτὸκαὶ

77 1335 219 1425 τάληθὲς
242 1335 521 1427 προύργιαίτερον
549 1343 786 1427 πεποιημένης,
815 1335 917 1407 οὐδέν
944 1328 1045 1425 ήττου
1064 1353 1095 1400 12

78 1446 282 1532 περιέρχεται
292 1448 518 1533 Δημοσθένης
535 1453 614 1536 περί
628 1473 663 1516 τε
678 1449 736 1536 τῆς
751 1447 876 1535 βουλῆς
894 1452 1045 1532 βλασφη-
1099 1490 1103 1497 ·

78 1554 152 1637 μιόν
174 1552 230 1619 καὶ
252 1552 328 1639 περὶ
356 1553 479 1620 ἑαυτοῦ
501 1554 608 1639 λέγων
637 1548 754 1643 οἷσπερ
779 1560 859 1631 ἴσως
882 1549 1046 1640 καὶπρὸς

79 1653 164 1743 ἐμάς
193 1654 313 1726 αὐτίκα
341 1657 496 1746 χρήσεται
530 1660 642 1746 λόγοις
674 1660 845 1742 ἐξαπατῶν
872 1652 972 1744 ὑμᾶς,
1002 1651 1047 1736 ὡς

78 1762 164 1850 ,ἐγὼ
177 1769 347 1851 Θηβαίους
365 1761 446 1851 ὑμῖν
465 1768 605 1853 ἐποίησα
624 1760 844 1854 συμμάχους.”
876 1761 948 1849 οάκ,
963 1758 1046 1830 ἀλλά

78 1869 115 1938 τὸ
135 1873 232 1959 κοινή
258 1873 431 1960 συμφέρον
455 1869 658 1962 ἀμφοτέραις
684 1873 836 1961 ἐλυμήνω
860 1885 931 1950 ταῖς
950 1868 1047 1937 πόλε-

37 1975 39 1979 ’
79 1997 145 2062 σιν,
165 1969 434 2065 ὦΔημόσθενες.
463 1978 550 2066 ,ἐγώ
570 1981 734 2070 παρέταξα
753 1976 880 2056 πάντας
899 1982 946 2058 είς
966 1982 1047 2042 Χαι-

40 2079 44 2095 ²
79 2081 247 2170 ρώνειαν,”
288 2082 365 2172 οόκ,
394 2082 477 2153 ἀλλά
501 2091 608 2167 έλιπες
635 2087 740 2174 μόνος
768 2080 870 2164 αὐτὸς
891 2081 954 2171 τήν
981 2083 1050 2151 ἐκεί

79 2191 181 2271 τάξιν.
228 2188 319 2278 ,ἐγώ
349 2191 472 2273 πολλάς
500 2188 584 2280 ὑπὲρ
612 2189 708 2280 ὑμῶν
737 2193 943 2283 ἐπρέσβευσα
970 2216 1047 2279 πρε-

80 2295 219 2383 σβείας.”
259 2295 313 2384 ἐφ’
340 2292 391 2379 οἷς
414 2296 476 2367 οὐκ
496 2297 561 2368 οἶδ’
588 2297 608 2367 ό
630 2306 665 2368 τί
685 2297 759 2369 ποτ’
786 2294 829 2368 ἀν
848 2299 1003 2385 ἐποίησεν
1027 2291 1047 2382 ἢ
1069 2319 1099 2367 13

45 2460 48 2487 ÷
79 2410 173 2485 τίνας
197 2400 239 2472 ἀν
263 2402 332 2473 εἶπε
355 2405 492 2492 λόγους,
516 2410 547 2474 εί
569 2408 694 2493 συνέβη
717 2406 931 2493 κατορθῶσαι
955 2399 1047 2492 αὐτῷ

45 2507 92 2565 ἶ
80 2509 100 2576 ά
126 2507 449 2599 συνεβούλευσεν,“
431 2539 468 2592 ος
491 2513 544 2580 ἐπὶ
573 2527 643 2592 τοῖς
670 2512 835 2592 τοιούτοις
863 2506 1048 2596 ἀτυχήμασι
1062 2518 1101 2597 β,

80 2617 136 2683 καὶ
155 2631 269 2697 κακοῖς
288 2614 421 2686 άπασαν
436 2616 697 2705 ἐπεληλυθὼς
662 2646 724 2706 την
743 2645 760 2687 ο
764 2612 979 2702 λ”κουμένην
959 2602 1064 2725 ομωςή

81 2719 172 2802 ἀξιοῖ
193 2721 320 2813 δωρεὰς
342 2721 433 2816 αὐτῷ
458 2724 622 2794 δεδόσθαι
644 2722 703 2806 τάς
730 2730 900 2812 μεγίστας,
923 2688 1056 2812 λαμβάέ

80 2856 152 2897 νειν
172 2832 264 2919 δῶρα
287 2829 370 2900 κατά
392 2833 451 2918 τής
474 2837 634 2921 πατρίδος
656 2833 712 2899 καὶ
736 2834 846 2918 λέγειν
867 2830 924 2898 καὶ
947 2827 1048 2917 πράτ-

150 3032 190 3080 11.
211 3030 469 3098 δωροδοκήσαντας
487 3050 527 3098 pr.
545 3033 570 3085 A
587 3035 713 3085 etZ—
730 3021 997 3113 προσδέχεσθαι]
980 3046 1049 3080 απο·

81 3094 221 3163 δέχεσθαι
245 3116 286 3166 pr.
305 3101 343 3165 A,
367 3117 437 3152 corr,
457 3117 474 3150 a
496 3117 645 3165 prm.-
664 3089 882 3167 οπουγεΑΙᾱ
902 3089 1049 3164 ὅτανγὰρ

80 3166 157 3215 codd
175 3165 259 3232 (quod
278 3168 333 3222 def.
352 3168 446 3233 Wm..)

149 3253 196 3306 12·
213 3246 315 3316 οἷσπερ
335 3250 402 3312 ἴσως
419 3252 466 3305 R.:
486 3247 529 3312 οἷς
547 3250 694 3318 περισσῶς.

149 3330 268 3416 13.ἐφ’
288 3331 336 3395 αἷς
354 3338 378 3387 R
396 3338 493 3387 Fr.-
512 3329 579 3387 ἐποί
598 3352 648 3390 σεν
664 3336 714 3387 NA
733 3336 799 3387 Bk:
793 3327 964 3387 ·ἐποίειπ-
929 3350 1049 3385 -·ιιατ

80 3339 253 3484 ο.ρθ13αυτη3
276 3404 329 3457 Bk.
350 3403 439 3458 Schm.
464 3419 525 3455 cum
548 3354 628 3456 coAd.
640 3409 766 3483 praeter
789 3405 882 3456 Ν-
914 3418 946 3460 ος
969 3402 1052 3463 Τοςῑ

79 3471 126 3519 R.:
147 3488 224 3550 ρ.-
190 3472 336 3522 —malim
354 3465 557 3532 τοσούτοις-
575 3464 652 3553 αὐτῷ
674 3469 741 3525 διδ
757 3470 831 3522 mx.
851 3486 932 3536 (ιοτω
952 3466 1024 3519 διδ
1034 3490 1071 3499 -

81 3531 183 3591 κατά,
199 3538 345 3604 μτῆςΑ.
369 3567 403 3577 -
420 3539 514 3593 malim
533 3525 678 3611 πράττειν
698 3534 858 3610 (ἐξεῐυαὴ
