2340 3916
396 208 753 264 κινειιωωιειιοοε.
1024 210 1066 277 87

95 357 177 438 ρίαν
194 348 311 436 ἀπασι,
329 355 509 421 πείθεσθαι
525 365 598 432 τοῖς
611 347 756 440 ἀρχουσι
771 353 829 421 καὶ
846 366 919 433 τοϊς
931 351 1065 443 νόμοις·

96 449 188 532 ὅστις
219 450 256 521 δὲ
286 447 439 543 ὑπερορᾷ
468 455 577 522 ταῦτα
584 505 595 541 ,
624 453 688 541 τὴν
717 459 879 543 μεγίστην
907 454 1068 543 φυλακὴν
1161 458 1167 463 ’

97 551 248 643 ἀνῄρηκε
271 557 330 640 τῆς
357 553 496 650 πόλεως.
532 554 646 625 δεινόν
663 553 728 643 μὲν
745 544 810 625 οὖν
829 557 972 627 ἐστικαὶ
996 554 1067 629 ύπό

95 660 166 724 τῶν
183 652 405 742 ἀγνοούντων
422 655 464 724 τά
481 661 595 726 δίκαωι
612 652 755 745 πάσχειν
769 658 900 749 κακῶς,
917 659 1007 729 πολύ
1028 658 1068 731 δὲ

97 757 349 846 χαλεπώτερον,
372 754 454 827 ὅταν
477 784 527 839 τις
552 756 770 848 ἐπιστάμενος
792 759 834 827 τά
858 760 1066 850 διαφέροντα
1155 812 1159 819 .

99 865 322 948 παραβαίνειν
339 862 461 951 τολμᾷ·
492 864 650 949 φανερῶς
666 858 733 949 γάρ
752 862 976 950 ἐνδείκνυται,
996 858 1067 931 ῶσ·

54 997 59 1000 -
99 984 163 1050 περ
186 950 306 1049 οὗτος,
330 959 395 1030 ούιι
418 959 523 1042 αύτδς
547 976 620 1042 τοῖς
636 961 753 1051 νόμοις
769 975 841 1044 τοϊς
858 964 917 1052 τῆς
936 962 1065 1045 πόλεως
1137 1012 1140 1017 -

99 1060 177 1131 ἀλλ’
205 1060 296 1151 ύμάς
322 1077 396 1143 τοῖς
421 1061 529 1134 αύτού
552 1063 690 1152 τρόποις
716 1061 923 1135 ἀκολουθεῖν
954 1063 1068 1146 ἀξιῶν.
1161 1096 1164 1109 =

97 1159 333 1253 Ἐνθυμήδητε
351 1164 389 1234 δὲ
413 1165 587 1255 Ταυρέαν,
608 1161 647 1246 δς
663 1163 884 1257 ἀντιχορηγὸς
900 1156 944 1255 ἦν
961 1174 1069 1238 Αλκι-
1085 1188 1122 1241 2⁰

99 1267 202 1354 βιάδῃ
228 1272 332 1334 παισί.
368 1267 567 1347 κελεύοντος
584 1265 623 1336 δὲ
647 1272 710 1337 τού
727 1266 837 1356 νόμον
860 1272 930 1338 τῶν
946 1294 1070 1358 χορεντ
1149 1274 1152 1279 ’

102 1372 174 1435 τῶν
194 1366 323 1454 ἐξάγειν
341 1363 381 1436 ὃν
398 1365 442 1437 ἀν
458 1395 507 1448 τις
520 1368 684 1458 βούληται
695 1370 794 1452 ξίνον
811 1363 1069 1460 ἀγωνιζόμενον,

100 1468 165 1537 ούκ
185 1467 262 1550 ἐξόν
281 1469 535 1560 ἐπιχειρήσαντα
548 1469 708 1560 κωλύειν,
725 1473 884 1543 ἐναντίον
895 1468 996 1561 ύμῶν
1012 1471 1070 1541 καὶ
1154 1562 1156 1567 Ι

101 1575 171 1638 τῶν
191 1568 304 1639 ἀλλων
319 1569 488 1659 Ἑλλήνων
504 1576 574 1641 τῶν
589 1570 819 1661 θεωρούντων
835 1574 893 1643 καὶ
917 1575 988 1642 τῶν
1005 1571 1071 1662 ἀρ-

102 1671 236 1759 χόντων
249 1670 412 1742 ἀνιέντων
425 1673 605 1764 παρόντων
620 1676 658 1744 ἐν
671 1678 715 1764 ιη’
727 1672 825 1744 πόλει
839 1673 979 1743 τύπτων
994 1674 1072 1763 ἐξά·
1105 1668 1109 1677 ’

103 1781 205 1843 λασεν
237 1772 362 1862 αὐτόν,
384 1776 442 1844 καί
466 1779 536 1844 τῶν
558 1779 693 1845 θεατῶν
718 1775 1073 1864 συμφιλονεικούντων

104 1877 224 1967 ε’κείνςο
241 1875 299 1944 καὶ
315 1875 508 1964 μισούντων
525 1878 661 1965 τοῦτον,
680 1873 767 1946 ῶστε
783 1891 859 1946 τοίν
876 1891 994 1967 χοροίν
1011 1877 1073 1946 τόν

103 1977 167 2064 μὲν
187 1977 438 2065 ἐπαινούντων,
458 1983 521 2047 τού
540 1975 575 2046 δ’
596 1975 831 2068 ἀκροάσασθαι
848 1976 912 2052 ούκ
931 1976 1072 2049 ἐθελόν-

103 2105 191 2167 των,
215 2077 320 2148 ούδὲν
345 2087 463 2148 πλεῖον
489 2080 646 2169 ἔπραξεν·
687 2078 774 2149 ἀλλά
797 2081 868 2150 τῶν
891 2084 1016 2170 κριτῶν
1038 2083 1076 2150 οί
1088 2105 1151 2159 ει,

105 2179 168 2268 μὶν
199 2179 407 2268 φοβούμενοι
436 2185 472 2250 οί
503 2179 541 2252 δὲ
571 2180 777 2272 χωριζόμενα
805 2185 904 2252 νικάν
937 2187 1074 2271 ἔκριναν

107 2280 229 2370 αὐτόν,
248 2284 324 2369 περὶ
345 2282 522 2363 ἐλάττονος
539 2282 736 2371 ποιούμενοι
751 2282 812 2353 τόν
830 2280 933 2374 ὅρκον
951 2278 974 2371 ἣ
990 2285 1074 2353 τοῦ·

106 2410 174 2452 τον.
212 2383 349 2466 εἰκότως
367 2385 409 2453 δέ
430 2411 486 2473 μοι
503 2385 664 2454 δοκοῦσιν
685 2389 723 2454 οί
736 2387 848 2474 κριταὶ
865 2384 1074 2474 ἀπέρχεσθαι
1135 2440 1138 2445 -

101 2483 315 2574 Ἀλκιβιάδην
333 2484 479 2575 ὁρῶντες
498 2485 654 2575 Ταυρέαν
670 2483 734 2574 μὲν
750 2487 902 2556 τοσαῦτα
918 2485 1073 2575 χρήματα
1128 2500 1131 2505 “
1150 2510 1154 2517 ’

104 2584 331 2657 ἀναλάσαντα
341 2586 684 2677 προπηλακιζόμενον,
693 2585 754 2656 τὸν
763 2586 803 2657 δὲ
814 2588 955 2656 τοιαῦτα
979 2585 984 2651 Ι
1007 2610 1114 2669 πει-,ς
1138 2662 1144 2673 ,

106 2692 324 2776 ρανομοῦντα
349 2690 507 2778 μέγιστον
537 2688 741 2777 δυνάμενον.
785 2697 886 2758 αίτιοι
905 2686 939 2758 δ’
963 2687 1076 2778 ὑμεῖς,

104 2790 149 2860 ού
182 2790 427 2881 τιμωρούμενοι
456 2789 538 2872 τούς
568 2789 787 2880 ὑβρίζοντας,
816 2791 874 2860 καὶ
899 2789 982 2885 τούς
1011 2788 1076 2879 μὲν

109 2891 225 2983 λάθρα
256 2891 461 2975 ἀδικοῦντας
492 2892 706 2981 κολάζοντες,
735 2891 817 2973 τούς
848 2891 888 2962 δδ
917 2894 1076 2981 φανερῶς

104 2992 371 3081 ἀσελγαίνοντας
389 2994 626 3083 θαυμάζοντες,
662 2993 832 3084 τοιγάρτοι
847 2996 919 3063 τῶν
935 2995 1024 3064 νέων
1037 2998 1078 3065 αδ
1091 3022 1127 3073 οε
1147 3064 1151 3069 .

177 3127 216 3179 19,
237 3118 364 3191 φανερός
376 3124 483 3180 ABMZ.
496 3150 530 3161 -
541 3139 587 3178 vv.
600 3112 695 3186 ῶσπερ
707 3108 792 3183 οὗτος
810 3128 876 3176 ποτε
889 3116 1077 3189 ἐπιστάμενος
1146 3178 1148 3187 ,

108 3185 144 3243 τοὶ
168 3190 253 3256 διαφ.
276 3193 446 3259 transposita
470 3191 571 3245 malim.
589 3218 624 3229 -
639 3185 741 3271 νόμοις
759 3193 820 3252 τοῖς
837 3190 889 3258 τῆς
905 3189 942 3243 Ad
959 3192 1025 3243 Bk.:
1047 3206 1076 3246 ν.

108 3261 172 3319 τοῖς
189 3261 213 3311 Α
231 3275 285 3313 sec,
303 3261 356 3313 Bk.
375 3263 411 3323 133
430 3277 456 3312 ν.
473 3257 525 3327 τῆς
544 3275 570 3316 v.
590 3285 623 3296 -
641 3257 732 3327 ωυτού
750 3258 845 3311 Tum:
864 3251 965 3311 αὐτοῦ.
1143 3274 1146 3281 ·

175 3330 217 3380 20.
239 3322 332 3394 ξένον,
351 3319 565 3395 ἀγωνιζόμενον
581 3326 659 3380 Τοττ.
678 3340 741 3378 oum
758 3326 872 3393 Μῶα,
890 3328 939 3391 qui
951 3316 981 3377 δ’
1000 3329 1075 3392 post.
1149 3368 1152 3373 .

107 3385 155 3460 ἀγ.
168 3396 275 3448 inserit.
290 3397 328 3447 ef.
341 3398 420 3449 Dem.
434 3398 481 3461 21,
494 3397 534 3449 60.
548 3421 581 3433 -
593 3385 878 3462 συμφιλονικούντων
889 3395 956 3448 BW.
968 3418 1003 3431 -
1014 3396 1078 3445 τοῖν

110 3453 1038 3584 χοροῖνωεΙ.ΒΙε.ιτῶνχορῶν(ευτδνχοηδντοῦμδνλ)ζ-τιλόον
1047 3460 1078 3514 Ζ.

179 3534 220 3586 21.
238 3526 292 3597 μὲν
311 3529 439 3586 τοσαῦτα
455 3531 572 3599 scripsi:
590 3542 649 3585 τοσ.
667 3546 688 3598 μ
706 3549 731 3584 ν.
1087 3540 1094 3547 ’
1130 3576 1134 3581 .
