2340 3916
418 183 513 239 κιτεν
531 184 774 239 ενΞεΝιΠΠον.
1038 187 1080 251 39

114 355 292 431 ἀντιλέγειν
316 355 368 419 καὶ
388 354 470 433 πρὸ(
598 359 638 438 ρᾷ
659 355 678 432 ἢ
702 353 815 419 ἄλλοθί
836 376 901 420 που
923 357 998 436 περὶ
1082 376 1106 414 ιο

75 461 101 501 10
113 442 190 507 rote
212 439 350 519 ἥκοντα(
372 441 448 518 παρ’
470 440 526 505 αὐ-
596 439 723 505 τούτων
744 444 811 504 τῶν
833 443 978 521 πραγμά-

113 533 180 592 τῶν
202 528 468 601 δικαιολογεῖιθαι
596 546 664 590 των
686 523 833 604 εἰρηκότα
854 527 906 590 καὶ

113 611 164 676 καὶ
186 609 231 675 εἰ(
252 609 290 674 τὸ
313 612 424 676 κοινὸν
445 617 512 675 τῶν
598 611 638 688 μὴ
660 610 795 689 κοεμίωε
819 611 871 674 καὶ
893 630 945 690 με-

113 695 275 775 Ἑλλήναιν
299 696 438 773 (ννέόρι-
596 694 692 773 τοίω(
712 695 753 759 τὰ
774 695 875 759 αὑτοῦ
898 696 996 774 πράτ-

113 800 153 846 ον
175 780 367 860 πορεύειθαι
390 785 464 860 βοη-
596 799 696 844 τοντα
718 779 854 858 ὼεπερεί
875 800 922 844 τιε
1081 797 1105 837 15

75 883 100 924 ιτ
113 865 253 943 θήεοντα
274 872 312 950 τῇ
334 865 469 945 πατρίδι.
492 902 534 912 -
596 865 648 928 καὶ
670 864 769 929 ἄλλο(
790 868 858 930 τῶν
880 869 971 930 πολι-

113 951 149 1015 ιὺ
173 951 201 1013 δ’
224 950 289 1014 ἐκεῖ
311 950 367 1029 μὲν
391 950 483 1014 οὐδε·
595 954 673 1032 τῶν,
697 950 921 1029 χρηεάιθωεαν

113 1036 247 1100 πώποτε
270 1035 402 1113 ἀνέετηι
597 1034 686 1118 αὐτῷ
709 1033 740 1098 οἱ
762 1037 901 1099 δικαεταὶ
923 1034 942 1100 ό
964 1056 993 1099 τι

113 1119 191 1184 οὐδὲ
214 1120 315 1195 λόγον
336 1121 410 1197 περὶ
432 1120 488 1183 αὐ·
597 1119 778 1199 βούλονται.
794 1157 836 1166 -
851 1119 878 1184 εἰ
899 1120 962 1198 γὰρ
983 1123 1057 1184 ταῦ-

113 1209 178 1269 τῶν
202 1204 351 1283 ἐποιήεω,
374 1204 466 1269 ἐνθά-
594 1225 635 1269 τα
656 1205 696 1283 ἠν
719 1203 821 1283 ἀληθῆ
844 1205 864 1268 ἃ
886 1224 979 1284 κατη-
1079 1221 1104 1260 20

73 1295 150 1354 νοδε
173 1291 208 1354 δὲ
231 1293 328 1370 μιεεῖι
354 1288 467 1369 Ὀλυμ·
595 1291 714 1370 γορεῑε,
738 1289 799 1354 οὐκ
820 1289 860 1354 ἂν
884 1290 919 1355 εὺ
942 1289 1043 1369 μόνοι

87 1375 212 1439 «πιάδα
234 1375 286 1438 ἐπὶ
307 1381 353 1458 τῷ
375 1373 456 1439 ἀπο·
595 1375 693 1457 ᾔδεα,
716 1373 800 1439 ἀλλὰ
822 1376 873 1439 καὶ
896 1374 926 1439 οἱ
948 1374 1004 1439 ἀλ-

113 1460 199 1525 λέεαι
221 1459 429 1543 Εὐξένιππον,
597 1460 648 1524 λαι
670 1458 789 1524 πάντες
812 1459 843 1523 οἱ
865 1459 900 1525 ἐν
923 1466 961 1543 τῇ

113 1545 165 1609 καὶ
186 1546 250 1624 φὴ(
273 1545 394 1609 κόλακα
416 1543 516 1609 αὐτὸν
595 1545 688 1609 πόλει
724 1542 831 1622 ὥοπερ
854 1545 906 1608 καὶ
927 1544 1000 1622 περὶ

113 1627 197 1695 εἶναι
219 1629 340 1707 ἐκείνη(
362 1630 414 1693 καὶ
595 1633 662 1693 τῶν
684 1593 794 1694 όλλων
817 1628 888 1693 όιοι
909 1648 938 1692 τι
1080 1642 1105 1681 ιο

72 1729 100 1769 ιο
115 1714 329 1779 Μακεδόνων·
351 1751 395 1759 -
417 1715 457 1779 ὃν
480 1714 510 1778 ἑ-
597 1712 678 1792 ὑπὲρ
701 1713 833 1779 ἐκείνων
857 1714 877 1791 ἢ
900 1713 951 1778 λέ-

114 1800 156 1864 ὰν
179 1799 279 1882 δείξῃ(
302 1797 436 1879 ἀφιγμὲ-
597 1819 709 1875 γοιιαν
732 1800 751 1877 ἢ
775 1799 978 1880 πράττουειν,
1000 1796 1007 1882 Ι

112 1905 174 1949 νον
197 1885 330 1948 πώποτε
353 1883 397 1948 εἰ(
420 1884 488 1948 Μα-
511 1879 518 1966 Ι
598 1883 638 1948 οὐ
661 1883 764 1962 μόνον
787 1883 889 1965 αὐτοὶ,
912 1882 967 1947 ἀλ·
1058 1891 1156 1938 XXXIV

60 1969 289 2034 cx1111<ee0vtcv
312 1969 331 2045 ἢ
355 1969 432 2032 ἐκεί·
597 1967 639 2031 λὰ
661 1969 713 2032 καὶ
735 1967 766 2032 οἱ
788 1967 882 2032 ἄλλοι
904 1968 993 2047 Ἀθη-

112 2075 182 2119 νων
203 2055 276 2118 τινὰ
297 2052 453 2120 ὑποδεξὰ-
596 2054 681 2118 ναῖοι
702 2051 783 2118 ἴεαει
805 2055 855 2117 καὶ
876 2054 916 2117 τὰ
939 2073 1011 2117 παι-

113 2158 213 2216 μενον
236 2137 280 2202 εἰ(
302 2140 360 2217 τὴν
383 2138 439 2202 αὑ·
598 2137 650 2202 δία
671 2139 712 2202 τὰ
734 2137 769 2201 ἐκ
790 2141 857 2203 τῶν
881 2142 967 2202 διδα-

112 2228 171 2288 τοῡ
194 2222 295 2288 οἰκίαν
317 2225 337 2301 ἢ
360 2224 482 2302 χρώμε·
598 2223 752 2287 (καλείαιν
774 2223 827 2287 καὶ
846 2227 913 2288 τῶν
936 2222 990 2302 ῥη-
1093 2237 1106 2278 5

85 2328 175 2374 ενον
197 2313 263 2373 τῶν
286 2308 407 2373 ἐκεῖθέν
429 2328 490 2372 τινι
597 2307 705 2387 τόρων
727 2308 804 2372 τοὺ(
825 2308 900 2386 παρ’
923 2308 1000 2372 ἐκεί·

113 2396 133 2472 ἢ
157 2393 396 2472 ἐντυγχάνοντα
597 2413 666 2457 νων
689 2396 896 2471 μιεθαρνοῦν-

113 2479 134 2557 ἢ
158 2478 276 2555 λόγου(
297 2477 348 2543 καὶ
371 2476 472 2542 οὑετι-
597 2498 654 2541 ταε
676 2477 814 2541 καὶτῶν
837 2475 948 2542 ἄλλων

114 2567 234 2628 ναεοῦν
256 2564 276 2641 ἢ
299 2562 349 2626 ἐπ’
371 2563 463 2643 ἔργα·
596 2562 673 2626 τοὺε
695 2561 875 2628 ξενίζονται

114 2649 242 2728 (τηρίου
264 2650 284 2726 ἢ
308 2648 343 2712 ἐν
366 2655 404 2731 τῇ
427 2647 504 2725 ἀγο-
596 2647 674 2711 τοὺ(
689 2645 818 2711 ’ἐκεῖθεν
840 2646 935 2724 ἥκον-
1083 2664 1106 2704 10

117 2789 305 2799 .--..---—

182 2869 241 2923 Ool.
260 2867 374 2919 xxxn.
411 2870 443 2919 12
460 2871 505 2920 τῶ
522 2871 554 2919 A.
571 2895 605 2904 -
622 2871 656 2919 20
675 2881 773 2931 μειεειε
791 2866 824 2918 A.
843 2892 875 2902 —-
893 2867 926 2915 26
944 2865 1035 2930 δειξηε
1048 2867 1079 2916 A.

115 2965 147 2974 -
165 2950 338 3002 αφειγμενον
356 2937 388 2986 A.

183 3021 241 3073 Col.
261 3020 390 3072 XXXIII.
425 3023 441 3072 5
457 3034 513 3072 τινι
529 3021 560 3072 in
577 2976 701 3086 margine
720 3021 852 3070 additum.
873 3045 906 3055 -
929 3021 944 3068 ⁷
963 3019 1082 3080 λόγους(

113 3091 138 3141 Α
156 3107 196 3156 pr.
215 3117 249 3126 —
267 3091 283 3140 9
300 3104 336 3153 τη
354 3088 386 3138 A.
412 3114 446 3124 -
473 3092 504 3139 17
522 3086 687 3154 χρηεάεθαιν
706 3087 755 3139 Cb.
785 3114 813 3123 -
844 3089 876 3138 18
894 3099 973 3137 αυτω
992 3087 1023 3139 A.
1049 3113 1081 3122 -

113 3162 148 3209 20
165 3157 247 3209 ταῦτ’
264 3154 301 3220 ῆν
321 3156 370 3209 Cb.
389 3181 421 3191 —-
439 3159 471 3207 22
482 3156 565 3222 Ιηδειε
583 3158 614 3209 Α.

183 3242 243 3296 Col.
262 3242 388 3292 XXXIV.
425 3244 437 3291 1
451 3239 531 3292 οὗτοι
543 3241 604 3306 Ob„
622 3245 653 3291 ut
665 3241 867 3308 intellegantur
877 3237 993 3301 iudices,
1008 3237 1082 3301 quod

114 3312 235 3376 probant
252 3311 286 3364 Κ.
307 3310 356 3375 Op.
370 3309 420 3360 Ob.
456 3309 492 3360 At
509 3310 556 3359 hic
574 3314 617 3361 est
635 3323 745 3361 aeneus:
765 3324 840 3374 „nen
857 3307 952 3358 hercle
971 3305 1082 3357 occulta

115 3395 159 3430 res
178 3385 231 3440 est,
249 3381 280 3428 ut
298 3378 355 3443 ipsi
372 3377 451 3428 modo
470 3377 525 3429 eibi
543 3378 649 3428 conscii
668 3375 754 3428 sint“.
790 3377 851 3428 Non
874 3377 989 3441 possunt
1010 3373 1082 3424 iudi-

116 3462 163 3498 ces
182 3448 283 3498 ceteris
303 3447 411 3496 civibus
429 3446 470 3495 Ita
488 3446 605 3511 opponi,
629 3449 660 3494 ut
682 3445 842 3495 accuratior
864 3444 967 3495 notItia
985 3441 1082 3492 talium

114 3531 206 3566 rerum
223 3515 265 3566 eis
283 3513 468 3568 adscribatur.
504 3516 602 3578 Neque
624 3513 713 3579 magis
734 3517 798 3578 post
820 3510 890 3564 ἵεαει
908 3511 1013 3563 excidit
1029 3506 1083 3575 γάρ
