2340 3916
145 171 187 233 90
501 171 756 230 ΑΙΣΧΙΝΟΤ

146 329 165 402 ὁ
177 328 358 418 στρατηγὸς
369 332 424 398 καὶ
434 327 455 415 ἡ
466 327 632 414 ἐπιστολη,
640 336 702 395 τοῦ
712 333 876 412 προτέρου
887 327 1001 419 μηνὸς,
1009 342 1100 416 είπερ

147 431 375 518 ἐλαφηβολιύν
392 435 459 498 ἐστι
475 437 703 515 μουνυχιῶνος
724 430 892 514 πρότερος.
932 433 1100 518 ἐδυνάμην

147 525 210 599 οῦν
221 529 284 615 ἐγω
295 536 399 596 σῶσαι
409 527 673 614 Κερσοβλέπτην,
693 522 729 604 ὃς
741 528 820 609 πρὶν
830 527 885 612 ἐμέ
896 532 1038 615 ἐξορμᾶν
1048 541 1102 598 oc-

146 639 252 698 κοθεν
263 626 452 704 άπωλύλει;
482 629 590 691 ἔπειτα
608 628 723 692 οίεσθέ
737 652 768 691 τι
786 634 907 694 τοῦτον
918 627 1040 714 άληθές
1053 635 1101 696 εί-

147 731 280 814 ρηκέναι
292 722 313 810 ἢ
325 726 399 808 περὶ
415 731 483 790 των
500 724 537 790 ἐν
547 726 745 811 Μακεδονίᾳ
763 729 981 808 πραχθέντων
991 721 1013 810 ἢ
1024 729 1099 811 περὶ

146 837 213 896 τῶν
224 831 261 894 ἐν
275 829 451 911 Θετταλίᾳ,
474 819 511 899 ὃς
521 829 582 887 τοῦ
595 828 835 909 βουλευτηρίου
851 826 905 890 καί
916 832 984 890 τῶν
995 829 1099 910 δημο-

146 937 227 998 σίων
248 925 450 1015 γραμμάτων
468 925 598 990 καὶτοῦ
616 922 740 1007 χρόνον
758 925 896 989 καὶτῶν
919 927 1101 1009 ἐκκλησιῶν

145 1026 400 1106 καταψεύδεται;
433 1023 488 1089 καὶ
512 1019 571 1088 τὸν
589 1023 845 1105 Κερσοβλέπτην
864 1018 1020 1107 Ἀθήνησι
1037 1020 1099 1106 μέν
1116 1035 1152 1090 93

145 1128 331 1194 ἔκσπονδον
346 1123 464 1198 ἐποίεις
480 1120 642 1203 πρόεδρος
664 1113 729 1202 ὢν,
751 1121 788 1186 ἐν
806 1116 909 1208 Ὠρεῷ
927 1117 958 1186 δ’
977 1119 1098 1206 ἦλέειςς

118 1207 123 1220 ’
145 1226 199 1292 καὶ
210 1230 276 1289 νῦν
287 1224 347 1305 μὲν
358 1223 561 1303 δωροδοκίας
573 1230 778 1302 κατηγορεῖς,
796 1218 959 1304 πρότερον
970 1218 1001 1285 δ’
1016 1218 1100 1286 ύπέ-

76 1348 129 1406 ηχο
144 1348 256 1408 μεινας
268 1319 329 1407 τὴν
346 1317 504 1404 ἐπιβολὴν
522 1322 580 1401 τῆς
597 1323 720 1401 βουλῆς
736 1323 793 1400 τῆς
804 1320 835 1394 ἐξ
851 1313 978 1400 Ἀρείου
989 1316 1099 1401 πάγου

146 1419 207 1487 ούκ
220 1414 356 1497 ἐπεξιὼν
367 1424 408 1503 τῇ
419 1423 480 1482 τοῦ
490 1415 675 1498 τραύματος
686 1422 815 1502 γραφη,
827 1411 870 1500 ἣν
881 1413 1015 1501 ἐγράψω
1026 1426 1099 1502 Δη-

145 1520 291 1603 μομέλην
315 1511 375 1580 τόυ
395 1517 542 1580 Παιανιᾶ
578 1510 718 1591 άνεψιὸν
738 1510 833 1598 ὄντα,
856 1514 1017 1600 ἐπιτεμὼν
1037 1513 1101 1601 τὴν

146 1622 271 1684 σαυτοῦ
299 1612 466 1697 κεφαλήν;
510 1613 565 1678 καὶ
594 1618 803 1696 σεμνολογεῖς
834 1609 879 1690 άς
905 1611 967 1681 ούκ
995 1615 1100 1682 είδόσι

144 1714 289 1796 τούτοις,
307 1710 358 1778 ὅτι
369 1713 612 1796 Δημοσθένους
631 1707 704 1786 υίὸς
714 1707 744 1776 εί
752 1709 858 1786 νόθος
869 1717 929 1777 τοῦ
940 1737 1101 1797 μαχαιρο-

144 1819 260 1891 ποιοῦς

224 1906 449 1992 Ἑπεχείρησας
462 1905 491 1973 δ’
507 1912 625 1986 εἰπεῖν,
644 1903 687 1982 ὡς
698 1907 752 1972 καὶ
762 1905 824 1991 την
835 1909 886 1974 ἐπὶ
897 1905 975 1985 τούς
986 1905 1101 1992 Ἀμφι-
1115 1936 1149 1988 94

145 2007 287 2082 κτύονας
298 2011 476 2091 πρεσβείαν
488 2003 727 2088 ἐξομοσάμενος
738 2008 1025 2092 παρεπρέσβευσα,
1045 2008 1100 2072 καὶ

146 2101 347 2187 ψήφισματὸ
360 2101 421 2186 μὲν
432 2099 594 2184 ἀνέγνως,
618 2098 655 2166 τὸ
668 2101 703 2169 δέ
715 2097 884 2188 ὑπερέβης.
922 2101 986 2187 ἐγώ
999 2102 1031 2170 δ’
1047 2108 1100 2170 αί-

79 2235 129 2292 271
146 2203 255 2284 ρεθεὶς
268 2198 470 2287 πρεσβευτὴς
487 2202 538 2267 ἐπὶ
554 2197 633 2278 τοῦς
641 2197 897 2288 Ἀμφικτύονας,
921 2201 1099 2286 ἀρρώστως

146 2297 178 2367 δ’
198 2304 282 2383 ἔχων
298 2300 353 2366 καὶ
369 2299 449 2383 μετά
466 2306 588 2384 πολλῆς
604 2308 793 2384 προθυμίας
811 2297 1025 2384 άπαγγέλλων
1042 2298 1099 2385 άηί

146 2389 186 2482 ἧς
198 2389 283 2482 ἧκον
294 2403 469 2483 πρεσβείας
480 2394 563 2480 πρὸς
574 2393 675 2483 ὑμᾶς,
697 2395 759 2483 τὴν
774 2398 836 2482 μὲν
847 2405 1025 2484 πρεσβείαν
1037 2399 1099 2467 ούκ

145 2496 376 2581 ἐξωμοσάμην,
389 2493 456 2563 ἀλλ’
469 2493 661 2582 ὑπεσχόμην
673 2499 907 2583 πρεσβεύσειν,
926 2499 986 2565 ἐὰν
998 2492 1026 2566 ω’
1038 2505 1099 2568 δυ-

147 2591 262 2675 νατὸς,
281 2591 362 2679 πρὸς
374 2597 409 2659 δὲ
420 2593 481 2679 τὴν
490 2593 619 2680 βουλὴν
630 2594 798 2662 άπιόυτων
810 2602 878 2662 τῶν
889 2602 1099 2683 συμπρέσβε-

147 2715 195 2756 ων
213 2688 273 2756 τὸν
292 2689 440 2776 άδελφὸν
457 2687 517 2757 τόν
534 2693 679 2776 ἐμαυτοῦ
690 2692 745 2759 καὶ
756 2689 817 2759 τόν
829 2689 1033 2777 ἀδελφιδοῦν
1045 2697 1099 2762 καὶ

144 2784 204 2852 τὸν
216 2785 331 2867 ίατρὸν
341 2792 479 2871 ἔπεμψα,
492 2785 553 2854 ούκ
565 2792 821 2875 ἐξομουμένους·
843 2788 997 2874 οὐδὲγάρ
1009 2789 1026 2858 ὁ
1040 2793 1102 2858 νύ·
1119 2805 1151 2858 95

145 2906 207 2966 μος
217 2884 256 2968 ἐᾷ
267 2882 325 2958 τὰς
343 2885 378 2948 ἐκ
395 2889 456 2948 τοῦ
470 2883 578 2967 δήμου
594 2892 795 2969 χειροτονίας
812 2889 849 2954 ἐν
859 2893 899 2974 τῇ
911 2894 1019 2974 βουλῇ
1030 2889 1103 2968 ἐξό-

145 2987 309 3061 μνυσθαι·
333 2977 416 3045 άλλά
428 2980 489 3065 τὴν
500 2978 686 3063 άρρωστίαν
699 3008 765 3067 μου
776 2983 1000 3070 δηλώσοντας·
1013 2989 1103 3053 ἐπει-

146 3071 186 3158 δὴ
200 3075 235 3142 δέ
251 3080 285 3142 οἱ
299 3078 517 3163 συμπρέσβεις
535 3080 722 3166 πυθόμενοι
734 3080 774 3148 τά
793 3084 866 3165 περὶ
878 3083 955 3160 τούς
966 3088 1103 3163 Φωκέας

146 3173 319 3260 συμβάντα
330 3173 552 3261 ἀνέστρεψαν,
572 3181 752 3265 γενομένης
770 3183 940 3266 ἐκκλησίας
957 3179 1019 3267 ἤδη
1039 3207 1105 3248 πα-

144 3267 216 3352 ρῦν
227 3273 278 3339 καὶ
293 3272 477 3354 δυνάμενος
487 3281 531 3362 τῷ
544 3274 684 3360 σάματι,
703 3280 1031 3363 προσαναγκάζοντος
1042 3291 1105 3347 τοῦ

146 3367 253 3451 δήμου
260 3370 362 3452 μηδὲν
368 3362 468 3455 ἦττον
475 3374 672 3457 πρεσβεύειν
682 3373 767 3461 ἡμᾶς
776 3374 855 3453 τοῦς
861 3379 893 3455 ἐξ
905 3374 1107 3464 άρχῆςαίρε-
