2340 3916
78 205 118 264 42
492 195 622 250 ΙΣΔΙΟΤ
936 211 987 262 0,,
1007 211 1033 263 3,

42 376 216 457 Ὶβοηδείν
243 386 313 449 ταῖς
344 367 547 459 ε’πικλήροιςς
585 365 662 438 οὔτε
684 363 746 457 γίιρ
772 370 932 456 ἐπιτίμιον
961 381 1034 446 ταῖς

77 467 158 558 πρὸς
168 466 226 538 τόν
238 467 379 558 ἄρχοντα
392 476 608 557 εἰσαγγελίαις
621 475 761 553 ἔπεστιν,
775 463 849 537 οὐδ’
864 465 921 536 ἐὰν
933 472 1034 561 μηδι·

77 577 156 659 μίαν
174 572 240 639 τῶν
252 568 374 657 ψήφων
384 574 419 638 οἰ
428 575 688 656 είσαγγείλαντες
701 566 938 656 μεταλάβοισιν,
957 565 1035 636 οὔτε

77 686 259 758 πρυτανεία
276 668 352 739 οὔτε
370 667 570 757 παράστασις
588 666 727 757 οὐδεμία
743 676 871 738 τίθεται
883 671 949 738 τοῖν
969 674 1034 737 εἰσ-

78 773 254 858 αγγελισὶν·
286 766 368 839 ἄλλα
391 785 459 847 τοῖς
482 769 543 857 μὲν
567 767 747 838 διώκουσιν
764 765 950 850 ἀκινδύνως
969 774 1034 837 εἰσ·

77 875 248 958 αγγέλλειν
265 874 378 955 ἔξεστι,
397 871 445 960 τῷ
461 872 663 962 βουλομένῳ,
681 887 750 949 τοῖς
762 865 795 938 δ’
809 864 1035 958 ἁλισκομένοις

77 975 114 1038 αἰ
139 977 270 1058 ἔσχαται
300 977 418 1057 τιμωρί
418 997 451 1037 αι
404 971 531 1038 ἰὲπί
555 985 625 1049 ταῖς
655 976 873 1056 είσαγγελίαις
896 975 1033 1039 ἔπεισιν.

43 1077 189 1139 8ἰπειτα
207 1076 237 1140 εἰ
252 1059 295 1156 ήν
314 1072 345 1151 ἐξ
364 1064 558 1156 ἐγγυητής’
540 1096 565 1155 η
577 1067 697 1139 τούτου
714 1065 930 1161 ἀδελφιδῆ
898 1072 945 1138 παῖ
957 1063 1036 1160 ήμε·

77 1172 160 1261 τέρησ
177 1177 260 1262 δείμ
278 1171 494 1291 γεγενημένη,
521 1163 743 1260 ἐπέτρεψεν
722 1197 766 1240 αν
784 1138 1016 1296 Νικόδημσς’
990 1197 1037 1249 υς

78 1272 146 1352 ἐξ
129 1277 261 1358 εταίρας
283 1259 388 1340 οὖσαν
412 1265 517 1357 αὐτήν
541 1273 742 1358 ἐγγυᾶσθαις
774 1272 859 1340 καὶ
846 1271 1036 1358 γενομέναν

78 1397 188 1439 αυτων
211 1364 274 1439 οὐκ
291 1398 333 1439 αν
351 1367 540 1458 εἰσήγγελλε
562 1367 657 1490 πρὸς
666 1367 724 1440 τὸν
748 1367 890 1460 ἄρχοντα
906 1365 1035 1460 υβρίζε·

78 1481 157 1539 σδαι
174 1468 236 1556 τήν
256 1465 475 1590 ἐπίκληρον
455 1468 521 1540 υπὸ
539 1498 598 1541 του
615 1466 720 1550 οὕτως
740 1467 1020 1592 ἐγγυήσανασς’
977 1499 1036 1540 αν-

77 1567 154 1686 τήνς
180 1567 232 1658 νή
240 1566 298 1640 Δί’
307 1577 367 1659 ,εἰ
382 1559 425 1657 ήν
442 1566 592 1658 αληθή“
571 1599 591 1639 α
608 1599 673 1641 νυν
674 1569 896 1659 ὶτετόλμηκας
913 1599 1036 1660 μαρτν-

77 1673 191 1790 ρήσαι,
224 1673 420 1760 παραγρήμα
452 1666 558 1750 εὐθυς
588 1668 661 1740 τότε
688 1664 930 1760 ἑτιμωρήσω”
909 1699 952 1743 αν
971 1668 1038 1745 τὸν

76 1765 264 1840 ἀδικοῦντα.
292 1799 312 1858 η
297 1765 501 1839 καὶταῦτα
519 1779 638 1843 λαδείν
650 1767 791 1841 σεαυτὸν
803 1768 1035 1862 προσποιήσεις

43 1887 59 1934 9
77 1867 179 1942 ἔπειτῗ
197 1867 272 1940 οὐδ’
293 1874 329 1940 ἐκ
346 1874 412 1992 τής
421 1873 574 1941 ἐπιδοθεί
559 1877 631 1959 ίσης
655 1867 741 1960 αὐτή
756 1868 890 1961 προικὸς
907 1868 1035 1961 ήσδονς

78 1991 161 2039 ωστε
184 1973 240 2040 καὶ
265 1967 311 2039 δι’
335 1967 416 2041 αὐτὰ
439 1973 535 2043 τοῦτο
559 1968 823 2060 ἀγανακτήσαντα
852 1969 961 2060 δήπου
985 1993 1037 2042 σοι

79 2077 282 2157 εἰσαγγεῖλαι
295 2067 354 2141 τὸν
367 2068 503 2143 Ἕνδισν
520 2075 701 2161 προσῆκεν,
726 2079 756 2142 εἰ
775 2068 874 2153 αὐτὸς
890 2073 952 2192 μὲν
969 2101 1036 2162 τρι-

77 2167 237 2239 τάλαντον
260 2170 353 2240 οἶκον
376 2177 462 2259 ἔχειν
483 2166 626 2258 ήξίου
602 2200 645 2253 υς
669 2175 834 2294 προσῆκον
859 2166 968 2266 αυτῷ,
997 2176 1038 2264 τῇ

79 2269 117 2337 δὲ
139 2278 259 2360 γνησίᾳ
283 2292 366 2360 ουση
389 2277 568 2360 τρισχιλίας
581 2269 738 2401 δραχμὰς
759 2290 879 2362 προῖκα
902 2271 1037 2354 ίπιδούς

79 2371 235 2440 ἐκδοῦναι
256 2366 397 2458 ήξίυσεν
420 2368 518 2463 αλλρν.
563 2371 611 2442 εἰτ
615 2367 698 2443 ’ἐπὶ
721 2372 849 2454 τούτοις
871 2369 935 2443 οὐκ
957 2370 1036 2505 ρίγα-

77 2467 241 2557 νακτήσας
265 2466 513 2565 εἰσήγγειλεν“
492 2500 535 2542 αν
551 2469 609 2543 τὸν
622 2470 758 2544 ’Ἑνδισν
781 2501 892 2558 σντοςς
918 2477 976 2544 ναὶ
993 2473 1038 2564 μίι

42 2579 161 2659 δΛία,
178 2567 267 2693 εἰγ’
284 2561 328 2661 ήν
351 2568 528 2660 ἀληθὲς
495 2599 531 2641 το
553 2575 696 2662 πριῖγμα.
728 2573 819 2662 οἶμαι
843 2575 880 2645 δὲ
896 2570 1016 2645 ουδ”“
995 2603 1038 2645 αν

77 2668 139 2758 τήν
166 2667 271 2761 ιἰρχήν
302 2674 430 2743 ἰκεϊνον
458 2668 535 2742 ουδ’
560 2670 661 2743 αλλον
688 2701 728 2761 γε
749 2702 816 2745 των
841 2672 1038 2762 εἰσποιήτων

78 2767 263 2840 οὐδίνα”
223 2799 327 2853 ουτως
352 2769 461 2860 εήήδη
483 2768 560 2842 οὐδ’
584 2763 629 2842 αὖ
650 2770 813 2865 ὀλίγωρον
833 2778 904 2845 ταῖν
924 2803 1037 2864 νομονν

78 2898 145 2940 ταν
162 2874 334 2991 κειμένων
345 2873 349 2960 Ι
372 2879 560 2960 γίγνεσθαι,
578 2869 664 2944 ὥσθ’
677 2869 1038 2964 δπαρχυιίσηςγνησίας

77 2966 245 3093 δυγατρός
268 2975 316 3063 τῷ
336 2968 395 3043 τδν
417 2974 540 3060 κλῆρον
563 2972 774 3047 καταλιπόντι
798 2977 897 3068 ἕτίρμ
916 2979 1037 3047 δουναι

76 3097 201 3187 ταυτην
223 3067 303 3142 ἄνθ’
323 3074 452 3145 ἑαυτου.
485 3068 629 3162 ακριβσὶς
651 3104 713 3164 γαρ
737 3072 852 3165 ήδει”
833 3103 884 3145 οτι
905 3092 975 3157 τοῖς
998 3103 1037 3165 γε

78 3174 114 3240 ἐκ
135 3173 193 3258 τῆς
216 3179 352 3259 γνησίας
375 3170 544 3263 δυγατρδς
566 3177 660 3244 παισί
683 3175 856 3263 εγγονόσιν
878 3170 1038 3249 ἅπαντων

76 3300 144 3342 των
161 3271 334 3364 παππῴαν
358 3280 558 3364 κληρονομία
580 3273 745 3363 προσήκει.
790 3276 860 3347 εἶτα
878 3304 893 3345 ε
895 3274 1016 3358 ἰδεδς”
993 3307 1036 3347 αν

77 3401 125 3452 τις
141 3375 245 3448 ταῦτα
268 3375 369 3466 ἑτέρῳ
391 3380 557 3464 παραδοίη
579 3371 618 3443 τδ
635 3370 757 3465 αὐτου,
780 3379 835 3449 καὶ
859 3380 963 3448 ταῦτα
980 3406 1036 3464 τη·

47 3474 215 3542 Ιλικαυτα
241 3469 321 3543 ὄντα
348 3471 438 3545 ὅσων
465 3471 720 3563 ἠμφισβήτησαν
742 3466 851 3562 σίτοις
884 3483 977 3548 δοκεῖ
1000 3473 1034 3547 δ’
