2340 3916
158 191 200 253 50
509 192 765 251 ΑΙΣΧΙΝΟΤ

202 353 257 419 καὶ
269 351 360 420 πόλλ’
373 350 596 436 ἁμιλληθέντα
608 351 788 436 μαρτύρων
800 349 867 418 ὕπο

200 447 346 517 τάυαντί
363 456 471 534 ἔγνων
483 455 659 534 συμφοράς
665 456 746 534 ’μιᾶς
757 451 840 532 πέρι.

200 547 291 634 κάγώ
303 548 364 635 μὲν
374 547 462 616 οὕτω
472 599 480 631 ,
491 543 610 633 χώστις
619 543 681 613 ἔστ’
694 544 781 632 ἀνὴρ
793 547 910 640 σοφός,

201 654 367 733 λογίζομαι
379 645 536 733 τάληθὲς,
550 650 596 723 είς
606 640 729 730 άυδρδς
740 646 845 730 φύσιν

201 754 336 814 σκοπῶν
348 745 477 813 δίαιτάν
486 741 532 829 θ’,
544 741 647 829 ἥντιν’
658 745 883 829 ἐμπορεύεται,
895 799 902 812 .
916 799 922 810 .

89 863 139 916 155
201 845 291 923 ὅστίς
303 842 333 911 δ’
347 843 473 929 ὁμιλῶν
483 839 597 928 ἥδεται
609 854 722 919 κακοῖς
734 837 833 927 άνήρ,

197 941 239 1011 οὐ
250 939 372 1010 πώποτ’
382 938 552 1028 ἠρώτησα,
565 938 777 1025 γιγνώσκων,
790 938 841 1006 ὅτι

197 1041 347 1119 τοιοῦτός
359 1043 448 1107 ἐστιν
459 1033 574 1123 οἷσπερ
584 1035 698 1124 ἥδεται
708 1037 827 1117 ξυνών.

155 1144 325 1220 σκέψασθε
339 1137 384 1223 δ’,
395 1130 610 1223 ώἈθηναῖοι,
622 1135 680 1215 τάς
692 1137 835 1223 γνώμας,
843 1136 882 1216 δίς
894 1137 1113 1227 ἀποφαίνεται
1130 1163 1155 1216 1.

155 1238 332 1325 ὁποιητής.
363 1236 427 1324 ἤδη
446 1236 482 1305 δὲ
499 1244 634 1304 πολλῶν
650 1236 854 1322 πραγμάτων
871 1239 953 1323 φησὶ
970 1246 1110 1325 γεγενῆ-

155 1347 237 1405 σθαι
253 1337 382 1424 κριτὴς,
404 1335 516 1420 ῶσπερ
528 1343 593 1403 νῦν
603 1332 695 1421 ὑμεῖς
712 1339 877 1422 δικασταί,
899 1339 954 1405 καὶ
966 1335 1024 1415 τάς
1034 1344 1110 1422 κρί-

155 1455 222 1514 σεις
234 1432 296 1502 οὐκ
307 1438 344 1503 ἐκ
360 1442 430 1503 τῶν
441 1442 650 1521 μαρτυριῶν,
674 1432 742 1504 ἀλλ’
752 1438 792 1504 ἐκ
804 1444 873 1504 τῶν
889 1436 1110 1522 ἐπιτηδευμά-

156 1562 224 1602 των
234 1537 367 1602 καὶτῶν
384 1523 525 1619 ὁμιλιῶν
536 1553 619 1620 φησι
635 1544 821 1619 ποιεῖσθαι,
843 1536 947 1603 ἐκεῖσε
964 1532 1110 1621 άποβλέ-

157 1659 246 1719 πων,
268 1641 338 1712 πῶς
355 1633 417 1701 τὸν
433 1631 509 1701 καθ’
521 1630 649 1719 ἡμέραν
664 1638 740 1720 βίον
759 1637 796 1719 ζῇ
812 1629 829 1698 ὁ
848 1631 1044 1717 κρινόμενος
1054 1635 1111 1701 καὶ

90 1732 141 1787 156
155 1731 270 1800 ὅντινα
282 1729 409 1816 τρόπον
420 1736 539 1800 διοικεῖ
545 1728 609 1819 τὴν
620 1732 742 1799 ἑαυτοῦ
753 1736 871 1817 οίκίαυ,
882 1728 925 1809 ώς
936 1739 1111 1817 παραπλη-

154 1837 232 1909 σίως
243 1827 347 1897 αὐτὸν
358 1831 413 1898 καὶ
423 1828 463 1897 τά
474 1829 893 1915 τῆςπόλεωςδιοικήσοντα,
901 1830 1027 1897 καλτίσι
1036 1835 1111 1915 ’χαί-

155 1954 206 2014 ρει
217 1928 423 2014 πλησιάζων·
447 1929 502 1994 καὶ
517 1934 680 1996 τελευτῶν
691 1926 755 1996 οὐκ
768 1926 919 2014 ώκνησεν
931 1926 1110 2014 ἀποφήνα-

154 2037 236 2095 σθαι
267 2033 421 2094 τοιοῦτον
447 2024 553 2095 αὐτὸν
582 2026 667 2094 εἶναι
694 2022 808 2111 οἷσπερ
838 2025 953 2113 ἥδεται
985 2025 1107 2106 ξυνών.

87 2130 92 2140 ’
156 2125 284 2192 οὐκοῦν
305 2128 435 2192 δίκαιον
451 2128 506 2193 καὶ
523 2127 597 2211 περὶ
622 2126 790 2211 Τιμάρχου
806 2141 874 2205 τοῖς
889 2123 1000 2204 αὐτοῖς
1022 2123 1109 2210 ὑμᾶς

154 2221 318 2311 Εὐριπίδη
326 2224 515 2310 χρήσασθαι
526 2232 703 2310 λογισμοῖς.
724 2232 795 2303 πῶς
804 2222 946 2314 διώκηκε
956 2221 1019 2310 τὴν
1030 2225 1109 2291 ἕαυ-
1124 2256 1170 2310 15

154 2329 216 2389 τοῦ
226 2318 362 2400 οὐσίαν;
383 2322 583 2409 κατεδήδοκε
592 2325 632 2391 τά
644 2331 781 2413 πατρῷα
792 2326 846 2391 καί
853 2322 902 2409 [τὰ
908 2329 975 2390 τῶν
986 2328 1107 2408 φίλων]

154 2418 433 2508 μεμισθαρνηκώς
452 2430 499 2510 τῷ
520 2421 645 2507 σώματι
666 2423 721 2489 καί
743 2425 944 2507 δωροδοκῶν
965 2424 1107 2507 δημοσία

154 2516 247 2587 πάντ’
259 2516 440 2605 ἠφάνικεν,
463 2517 546 2588 ώστε
564 2521 667 2606 μηδὲν
682 2519 751 2587 ἄλλ’
763 2516 785 2606 η’
795 2518 854 2598 τάς
873 2517 1032 2604 αἰσχύνας
1043 2515 1108 2584 αὐ-

153 2626 201 2705 τῷ
221 2632 388 2703 περιεῖναι.
419 2625 523 2705 χαίρει
545 2619 580 2688 δὲ
601 2627 646 2710 τῷ
664 2619 791 2700 ξυνών;
814 2616 1042 2706 Ἡγησάνδρῳ.
1086 2615 1104 2685 ὁ

154 2715 186 2783 δ’
195 2714 421 2803 Ἡγήσανδρος
432 2721 469 2786 ἐκ
477 2727 578 2787 τίνων
584 2720 674 2787 ἐστὶν
682 2720 966 2805 ἐπιτηδευμάτωυ;
978 2721 1014 2785 ἐκ
1025 2719 1108 2786 τού-

154 2840 239 2897 των,
264 2811 286 2880 δ
302 2815 361 2882 τὸν
377 2816 548 2901 πράξαντα
566 2822 601 2885 σί
610 2817 708 2904 νόμοι
726 2814 976 2903 ἀπαγορεύουσι
990 2815 1035 2903 μὴ
1048 2821 1109 2903 δη-

154 2929 323 3001 μηγορεῖν.
362 2914 425 3001 ἐγώ
444 2915 479 2984 δὲ
495 2923 530 2983 τί
542 2920 627 3001 λε’γω
645 2915 728 2985 κατά
750 2916 935 3002 Τιμάρχου,
957 2918 1012 2983 καὶ
1033 2920 1108 2983 τίνα

83 3023 135 3082 157
152 3010 223 3081 ποτ’
234 3015 323 3080 ἐστίν
333 3010 355 3079 ά
366 3009 639 3101 άντιγέγραμμαις
668 3012 712 3103 μὴ
724 3020 924 3102 δημηγορεῖν
937 3021 1106 3101 Τίμαρχον

154 3114 423 3198 πεπορνευμένον
433 3113 489 3180 καὶ
504 3112 566 3201 την
578 3113 736 3202 πατρώαν
754 3110 872 3181 οὐσίαν
883 3112 1106 3198 κατεδηδοκό-

152 3237 201 3279 τα.
238 3209 330 3297 ὑμεῖς
347 3209 382 3278 δὲ
398 3217 433 3278 τί
446 3207 655 3298 ὀμωμόκατε;
675 3209 759 3297 ὑπὲρ
777 3208 890 3278 αὐτῶν
906 3220 1106 3296 ψηφιεῖσθαι

154 3303 203 3377 ώυ
213 3307 287 3398 άνὴ
300 3314 407 3389 δίωξις
416 3301 448 3398 ᾖ.

229 3408 301 3475 Ἵνα
313 3407 349 3476 δὲ
360 3405 403 3495 μή
416 3418 612 3496 μακρολογῶ
630 3414 783 3493 περὶτῶν
800 3418 946 3496 ποιητῶν
965 3408 1105 3497 διεξιών,
1123 3430 1137 3481 l
1167 3434 1170 3448 ⁴
