2340 3916
137 172 217 234 XVI
517 180 727 230 enarrarre.

141 340 368 417 rerevidetur3
392 349 424 400 at
445 339 479 398 hi
499 337 572 398 libri
593 359 612 398 a
633 339 767 399 librariis
794 339 868 400 satis
891 339 1017 400 rudibus
1041 362 1113 400 con-

140 428 246 507 scripti
268 425 451 505 mendisque
475 425 572 484 omnis
594 425 717 504 generis
739 424 860 502 repleti.
897 426 1016 486 Tamen
1032 424 1114 485 Har-

140 513 208 572 risii
233 510 429 590 Ardeniique
450 509 530 569 liber
558 509 649 570 alteri
676 517 706 570 et
727 528 784 589 per
804 529 838 569 se
860 509 954 588 longe
976 520 1116 590 praestat

146 606 177 657 et
198 604 361 676 postquam
383 595 561 656 correctoris
583 614 709 655 manum
732 594 912 672 diligentem
935 604 980 655 est
1003 616 1115 674 exper-

141 691 189 742 tus
212 702 253 742 ne
275 680 500 760 comparandus
523 679 649 758 quidem
675 688 731 742 est.
775 678 858 740 Sane
881 690 1033 740 corrector
1055 682 1115 742 iste

143 766 382 846 orthographica
395 786 459 825 non
476 765 610 825 curavit:
633 764 758 844 reliquit
780 765 896 825 intacta
910 766 965 843 τῆ,
987 761 1115 844 alciun,

140 848 332 927 δικαετήριαι
352 851 475 952 aliaque
490 869 590 928 aeque
605 848 707 922 foeda,
731 850 867 929 satisque
889 851 1018 930 putavit,
1044 871 1116 910 cum

78 1002 82 1011 ,
138 952 240 999 τουου
263 935 399 1016 proruis
422 929 494 996 υἱοῦ
522 936 669 1014 scriptum
696 936 895 1014 repperisset,
925 952 945 995 υ
969 937 1116 996 omissum

140 1021 282 1100 neglecto
307 1038 317 1082 1
338 1022 548 1119 interponere.
593 1019 703 1098 Neque
730 1021 926 1099 reperiuntur
952 1021 1021 1099 plus
1049 1030 1116 1082 tres

140 1114 324 1185 quattuorve
345 1106 438 1166 loci
429 1125 463 1165 rn
492 1103 605 1205 quibus
632 1104 709 1164 talia
731 1104 895 1166 emendata
917 1107 994 1165 sint:
1017 1107 1116 1166 semel

140 1186 319 1272 εἰεαγγελίᾳ
341 1211 397 1269 pro
421 1185 613 1263 εἰεαγγελία,
642 1189 736 1250 semel
758 1184 869 1251 ἔπειτα
897 1210 952 1269 pro
980 1206 1115 1270 επειται,

140 1275 236 1339 semel
264 1271 458 1338 ευνείλεκται
485 1295 542 1354 pro
571 1270 746 1338 (υνίλεκται
772 1276 954 1354 repositum,
984 1285 1015 1335 et
1044 1297 1115 1335 cum

141 1356 281 1422 ἐπείκεια
295 1356 486 1440 ἐπεικήειιιιθ
499 1358 547 1418 bis
562 1379 626 1418 non
640 1360 807 1439 tetigisset,
829 1375 891 1419 nno
906 1361 974 1420 loco
992 1357 998 1420 l
1024 1363 1113 1421 omis-

141 1465 209 1505 sum
236 1445 387 1526 ascripsit.
436 1445 534 1506 Porro
557 1444 652 1504 semel
674 1461 694 1507 ν
715 1439 940 1520 ἐφελκυσικόν
968 1446 1036 1506 sine
1059 1467 1115 1506 ne-

142 1530 286 1591 cessitate
314 1529 454 1591 additum
481 1548 585 1589 rursus
615 1529 750 1589 deletum
778 1538 832 1591 est.
876 1528 982 1608 Quare
1005 1531 1038 1588 in
1065 1530 1115 1590 his

140 1614 232 1675 rebus
255 1614 397 1676 omnibus
413 1615 512 1676 codici
526 1613 644 1673 nullam
659 1614 724 1674 fere
745 1613 837 1674 fidem
851 1613 1029 1675 habendam
1045 1635 1115 1677 esse

141 1719 246 1760 omnes
269 1701 361 1761 facile
383 1698 569 1772 concedent,
599 1719 701 1779 neque
728 1700 875 1760 maiorem
902 1701 935 1758 in
964 1701 1008 1760 eis
1032 1720 1115 1779 quae

142 1785 183 1844 ad
199 1785 364 1846 dialectum
378 1791 529 1864 spectant,
554 1803 623 1843 curn
645 1803 748 1863 neque
763 1803 803 1846 ex
816 1784 876 1844 hoc
892 1803 1007 1863 genere
1023 1805 1113 1865 prae-

139 1877 188 1930 ter
210 1885 316 1948 οιομαι
337 1871 405 1929 loco
431 1869 497 1929 eius
521 1868 605 1948 quod
626 1869 687 1928 fuit
716 1884 803 1946 οιμαι
825 1869 921 1930 semel
942 1870 1115 1950 repositum

140 1973 292 2033 nusquam
314 1955 479 2034 quicquam
493 1961 663 2014 correctum
677 1955 860 2034 reperiatur.
893 1953 937 2014 At
959 1976 1024 2015 non
1040 1955 1113 2016 ideo

141 2040 245 2100 statim
266 2036 428 2114 Πειραιῶς
450 2059 506 2118 pro
530 2059 566 2100 eo
589 2038 674 2117 quod
694 2040 729 2098 in
751 2038 857 2100 codice
872 2048 918 2101 est
932 2036 1114 2115 Πειραιέω(

141 2145 211 2184 cum
227 2122 356 2184 Oobetio
378 2125 582 2203 reposuerim,
606 2142 708 2203 neque
731 2125 834 2185 omnia
855 2125 896 2184 ad
912 2145 1051 2185 normam
1066 2146 1114 2187 se·

139 2209 293 2270 verissimi
307 2208 462 2269 Atticismi
484 2209 653 2287 exegerim:
677 2209 753 2286 quid
775 2209 879 2269 enim?
915 2209 1115 2290 Hyperidem

140 2294 192 2353 vel
213 2295 245 2352 in
267 2293 427 2354 vocabulis
454 2295 532 2372 ipsis
559 2292 825 2372 neglegentiorem
847 2314 922 2354 num
943 2296 1055 2354 scimus
1080 2298 1114 2355 in

142 2378 335 2440 declinandis
364 2381 408 2440 eis
440 2388 504 2439 tam
537 2378 718 2457 diligentem
745 2373 862 2439 fuissel
910 2379 1114 2460 Relinquitur

140 2465 235 2543 igitur
256 2472 290 2525 ut
304 2464 426 2525 codices
441 2483 614 2542 sequamur,
638 2483 702 2524 non
717 2471 872 2543 tamquam
895 2473 1034 2525 auctores
1049 2466 1115 2526 fide

142 2550 261 2628 dignos,
286 2551 343 2610 sed
363 2558 520 2628 tamquam
534 2548 615 2608 solos
632 2550 686 2628 qui
707 2549 919 2629 suppeditent.
958 2548 1114 2611 Graviora

140 2635 211 2708 alia,
235 2655 315 2714 quae
336 2636 397 2694 iam
420 2634 460 2694 ad
481 2633 667 2694 sententiam
688 2634 786 2712 ipsam
807 2635 992 2713 pertineant,
1018 2643 1115 2715 atque

141 2720 174 2778 in
190 2721 233 2779 eis
250 2721 308 2780 etsi
322 2740 386 2779 non
401 2719 553 2793 librarius,
579 2727 732 2779 corrector
754 2728 836 2780 certe
850 2718 1026 2780 Ardeniani
1039 2720 1115 2781 libri

141 2812 229 2863 tanta
257 2825 325 2865 cum
354 2804 517 2885 diligentia
543 2813 682 2864 versatus
711 2812 772 2877 est,
802 2812 837 2863 nt
862 2812 978 2866 temere
1008 2806 1115 2866 omnia

142 2889 284 2949 mutandi
305 2888 468 2950 libidinem
489 2909 547 2949 nos
569 2888 712 2950 cohibere
739 2888 940 2973 vehementer
961 2908 1037 2967 opus
1061 2893 1112 2951 sit.

140 2973 330 3036 Emendavit
352 2981 505 3036 corrector
520 2973 640 3035 circiter
655 2982 779 3034 centum
792 2973 875 3035 locos
890 2975 1030 3047 vitiosos,
1055 2996 1112 3036 ne-

142 3077 203 3137 que
230 3079 360 3138 usquam
389 3058 428 3119 de
456 3059 653 3120 correctionis
687 3060 817 3120 veritate
847 3059 989 3119 dubitare
1018 3059 1111 3139 licet3

143 3163 222 3222 quae
244 3146 362 3204 intacta
382 3144 507 3223 reliquit
529 3153 638 3224 aperta
659 3145 750 3218 vitia,
781 3143 1025 3224 orthographicis
1048 3145 1113 3207 illis

143 3230 268 3303 omissis,
292 3229 422 3307 triginta
444 3249 604 3290 numerum
624 3231 679 3291 vix
700 3230 864 3290 excedunt.
903 3228 1042 3308 Quorum
1064 3233 1113 3291 vi-

141 3315 254 3374 tiorum
275 3322 309 3372 ut
324 3333 420 3392 genus
437 3315 584 3394 origoque
599 3315 689 3375 simul
703 3317 921 3395 perspiciatur,
937 3315 1014 3376 haec
1030 3333 1114 3395 quae

142 3417 206 3457 non
229 3407 365 3460 correcta
386 3409 459 3461 sunt
481 3401 542 3461 iam
570 3402 603 3460 in
628 3409 794 3480 conspectu
816 3421 939 3481 ponam.
979 3397 1113 3477 Περιών

136 3502 197 3563 pro
220 3483 354 3565 περιιών
378 3486 497 3548 duobus
518 3486 607 3560 locis,
632 3508 659 3547 c.
673 3486 764 3548 Dem.
781 3488 809 3560 5,
827 3487 846 3546 6
870 3495 901 3547 et
914 3506 969 3566 pro
985 3486 1063 3566 Lyc.
1082 3489 1111 3562 2,
