2340 3916
126 213 168 277 86
492 206 730 277 [ωαοιωιοο]

127 353 201 451 οὔτ’
225 364 299 423 ἴσον
317 351 378 422 ούτ
383 352 517 477 ’ὀλίγῳ
537 352 640 420 πλέον
659 338 762 432 ἀξιῶν
782 355 884 436 ἔχειν·
914 347 989 418 ἀλλ’
1006 347 1098 419 οὕτω

126 440 261 584 σφόδρα
279 454 579 546 καταπεφρόνηκεν
598 450 682 522 ὥστε
704 453 928 522 διατετέλεκεν
945 450 1098 540 ἀθρόους

128 557 231 682 μδν“
209 562 300 646 υμᾶς
317 557 566 644 κολακεύων,
547 583 606 624 ενα
625 554 695 623 δ’“
675 574 816 624 εκαστον
830 559 1098 645 προπηλακίζων

77 679 109 728 17
128 657 165 740 ὃς
186 667 235 739 είς
252 662 417 729 τοσοῦτον
437 659 581 746 ἐλήλυθε
599 657 742 745 τόλμης,
765 654 850 724 ὥστε
864 663 981 736 πείσας
996 655 1098 743 Ἀγά·
1147 698 1150 703 -

126 773 257 851 θαρχον
276 761 336 830 τόν
354 763 488 850 γραφέα
506 767 740 829 συνεισελθεῖν
758 764 874 828 οίκαδε
897 759 959 846 τήν
985 764 1099 828 οἰκίαν

130 863 340 952 ἐπηνάγκαζε
369 862 532 952 γράφειν,
563 863 726 949 δεομένου
757 858 796 930 δέ
826 862 882 929 καὶ
914 859 1099 949 προφάσεις

129 964 270 1054 ἀληθείς
289 966 466 1052 λέγοντος,
494 961 539 1043 άς
557 962 621 1032 οὐκ
639 958 682 1031 ἀν
700 962 841 1031 δύναιτο
864 965 971 1032 ταῦτα
989 962 1099 1052 πράτ«

128 1094 198 1136 τειν
213 1065 277 1154 ήδη
296 1065 350 1134 διά
365 1066 402 1134 τό
419 1065 622 1155 συγγραφάς
637 1070 723 1152 ἔχειν
736 1062 817 1153 παρ’
831 1065 967 1153 ἑτέρων,
981 1080 1093 1152 προεί-

132 1192 194 1237 πεν
213 1165 308 1260 αύτῷ
327 1167 460 1258 δήσειν,
478 1175 512 1237 εί
527 1167 572 1255 μή
590 1166 683 1236 πάνυ
700 1168 826 1252 ταχέως
844 1166 978 1256 γράφοι.
1015 1164 1099 1253 ὅπερ

133 1272 285 1358 ἐποίησε·
320 1270 378 1338 καὶ
397 1269 438 1338 ου’
463 1268 627 1359 πρότερον
645 1267 822 1356 ἀπηλλάγη
845 1270 928 1359 πρὶν
946 1265 1098 1356 ἀποδράς

133 1368 238 1462 η’όχετο
255 1370 402 1464 τετάρτω
427 1377 526 1460 μηνί,
549 1370 631 1451 τούς
648 1370 805 1459 φύλακας
824 1369 961 1457 λαθών,
986 1367 1099 1460 ὥσπερ

130 1472 221 1561 παρά
246 1474 418 1560 βασιλέως.
463 1470 553 1542 οὕτω
578 1471 610 1542 δ’
638 1470 864 1559 ἀναίσχυντός
888 1475 996 1559 ἐστιν,
1014 1469 1099 1540 ὥστε

126 1574 330 1665 προσελθών
351 1575 498 1644 ἐνεκάλει
515 1571 609 1666 αύτῷ
629 1572 675 1654 σός
693 1572 932 1662 ἀδικούμενος,
958 1575 1016 1643 καὶ
1035 1573 1098 1660 οὐχ

126 1668 176 1743 τόν
199 1677 354 1763 ἐβιάσατο
381 1678 558 1763 μετέμελεν
576 1673 689 1767 αύτῷ,
707 1673 785 1742 ἀλλ’
812 1672 863 1744 ότι
879 1677 1035 1744 κατέλιπε
1057 1674 1095 1743 τό

126 1782 227 1865 ἔργον
253 1776 402 1866 ἠπείλει,
426 1777 484 1846 καλ
508 1774 587 1845 οὔτε
609 1779 669 1864 τής
688 1782 914 1867 δημοκρατίας
939 1775 1015 1846 οὔτε
1038 1779 1097 1863 τῆς

127 1882 328 1969 ἐλευθερίας
347 1877 451 1948 οὐδὲν
469 1869 511 1964 ήν
530 1876 666 1966 όφελος·
699 1876 803 1947 οὐδὲν
821 1879 889 1967 γάρ
905 1869 1007 1967 ἦττον
1023 1881 1096 1948 ἐδε-

76 2004 109 2055 18
128 1980 223 2067 δήκει
250 1983 320 2048 τῶν
344 1979 627 2068 ὁμολογουμένων
657 1980 803 2049 δούλων.
851 1978 1031 2067 ἀγανακτῶ
1063 1980 1097 2049 δ’

128 2082 389 2168 ἐνθυμούμενος
420 2080 505 2169 ύμῖν
547 2080 610 2169 μὲν
646 2079 728 2150 οὐδὲ
763 2081 844 2162 τούς
878 2080 1096 2172 κακούργους

125 2180 280 2269 ἀσφαλὲς
291 2189 340 2262 είς
353 2183 391 2250 τό
402 2182 631 2272 δεσμωτήριον
641 2179 681 2251 δν
695 2177 852 2271 ἀπάγειν,
866 2183 922 2252 διά
931 2183 970 2252 τδ
985 2191 1096 2269 χιλίας

126 2282 281 2371 δραχμάς
299 2284 459 2371 τετάχθαι
476 2282 634 2355 ἀποτῖσαι
652 2281 689 2365 ὃς
707 2280 750 2353 ἀν
768 2283 806 2353 τό
825 2286 978 2374 πέμπτον
996 2287 1098 2375 μέρος

127 2385 173 2473 μή
198 2386 372 2476 μεταλάβῃ
395 2388 466 2455 τῶν
497 2386 639 2475 νήφων·
672 2385 689 2455 ὁ
717 2386 756 2456 δὲ
781 2391 946 2456 τοσοῦτον
971 2387 1097 2476 χρόνον

127 2489 240 2576 εἵρξας
266 2490 323 2557 καὶ
351 2489 590 2576 ἐπαναγκάζων
607 2488 752 2580 γράφειν
777 2487 880 2559 οὐδέν
903 2489 1011 2558 κακὸν
1034 2491 1098 2557 πέ-

126 2600 270 2679 πονθεν,
289 2589 375 2659 ἀλλά
394 2590 449 2660 διά
467 2594 576 2661 ταῦτα
595 2588 793 2681 σεμνότερος
812 2596 905 2661 δοκεῖ
919 2592 977 2660 καί
991 2598 1097 2679 φοβε-

127 2691 274 2781 ράτερος
300 2690 395 2760 εἶναι.
439 2694 496 2762 καὶ
520 2692 607 2782 πρὸς
631 2692 693 2780 μὲν
717 2694 778 2773 τὰς
801 2690 905 2773 ἀλλας
928 2691 1041 2772 πόλεις
1060 2695 1097 2761 έν

123 2808 197 2872 τοῖς
223 2792 408 2880 συμβόλοις
435 2794 666 2882 συντιθέμεθα
682 2793 728 2884 μή
748 2796 870 2876 ἐξεῖναι
886 2793 972 2883 μήθ’
991 2787 1098 2881 εἷρξαι
1163 2846 1166 2851 -

123 2894 208 2980 μήτε
227 2896 328 2981 δήσαι
343 2896 404 2963 τὸν
423 2896 620 2983 ἐλεύθερον·
659 2897 720 2966 έάν
737 2898 779 2966 δέ
793 2923 842 2977 τις
860 2898 1017 2985 παραβῇ,
1034 2921 1096 2983 με·

123 2994 234 3083 γάλην
247 3003 366 3084 ζημίαν
382 2999 438 3067 ἐπὶ
457 2997 589 3077 τούτοις
605 3002 742 3087 ἔθεμεν·
767 2998 894 3068 τούτου
907 2997 946 3068 δέ
957 2999 1097 3066 τοιαῦτα

124 3097 317 3186 πράξαντος
331 3097 497 3186 ον’δεμίαν
511 3096 626 3179 οὐδεὶς
644 3098 713 3170 οὔτ’
731 3105 824 3170 ἰδίαν
837 3098 918 3170 οὔτε
929 3105 1098 3188 δημοσίαν

74 3223 105 3274 19
124 3208 290 3290 τιμωρίαν
316 3215 465 3270 ποιεῖται.
506 3208 631 3289 νομιζω
654 3200 693 3273 δ
715 3202 845 3291 ταύτην
875 3200 962 3272 εἶναι
987 3221 1098 3290 σωτη-

191 3332 231 3380 17
258 3322 437 3415 ἐπηνάγκαζε
468 3332 581 3411 spripsi:
609 3324 864 3410 έπηνρίγκασεμ-
830 3323 960 3397 -’παρ
989 3322 1098 3397 έτέροις

121 3397 206 3447 Dobr.
228 3399 330 3479 (potius
349 3414 390 3450 πα
439 3388 596 3466 ἕτέρφ).-
566 3392 692 3462 -παρά
712 3403 778 3451 ante
797 3396 889 3464 βασιλ.
909 3400 972 3455 add.
984 3399 1097 3450 ABBk.

122 3456 317 3547 -ἐδεδήκει,
335 3464 366 3529 (s.
392 3394 477 3521 δδεδέ
464 3450 534 3532 έκέι)
553 3468 631 3533 Εαιρ.
650 3467 743 3521 Tum:
769 3458 977 3523 έδεδοίκειμ-
944 3459 1098 3533 -όμολω

123 3526 274 3598 γουμένως
293 3534 328 3587 οἱ.
346 3534 379 3586 Β.

54 3608 90 3672 Ε.
