2340 3916
324 144 446 199 ΠΕΡΙ
464 143 885 202 ΠΑΡΑΠΡΕΣΒΕΙΑΣ.
1036 143 1075 208 71

76 318 110 374 a
204 297 332 386 Ἐπειδὴ
356 298 420 385 γάρ
444 303 478 367 οί
496 299 716 387 πρεσβύτεροι
737 316 807 381 ταῖς
828 300 969 389 ἡλικίαις
992 306 1076 392 ὑπὲρ
1145 378 1151 388 ,

123 406 179 485 τῆς
196 404 371 485 πρεσβείας
388 398 563 483 εἰρήκεσαν
579 400 633 465 καὶ
650 408 801 486 καθῆκεν
819 409 865 480 είς
882 402 969 490 ἡμᾶς
984 402 1003 472 ὁ
1016 406 1075 474 λό-
1093 413 1143 474 211

124 521 197 583 γος,
220 494 333 582 τὰμὲν
344 493 424 564 καθ’
438 497 559 564 έκαοτα
573 505 641 565 τῶν
653 501 722 566 ἐκεί
729 502 903 587 ῥηθέντων
913 500 972 570 ὑπ’
993 508 1075 591 ἐμοῦ

123 597 178 663 καί
196 593 275 673 τούς
293 593 376 679 πρός
393 605 496 663 ταῦτα
508 601 685 681 λεχθέντας
697 597 762 666 ύπό
775 607 943 669 Φιλίππου
954 604 1075 688 λόγους

123 698 160 762 έν
182 701 227 781 τῶ
250 694 342 782 δήμω
365 703 480 780 σαφῶς
500 693 684 781 άπήγγειλα
703 694 787 781 πρὸς
808 696 955 778 ἅπαντας
974 699 1076 787 Ἀθη-

125 800 256 875 ναίους,
277 795 355 860 νυνί
366 795 401 860 δὲ
413 794 610 880 πειράσομαι
623 791 676 861 διά
689 803 880 880 κεφαλαίων
891 794 976 883 ὑμᾶς
987 795 1073 866 ὑπο-

72 916 105 970 ςς
123 891 330 979 μιμνήσκειν.
353 888 486 978 πρῶτον
502 894 646 980 μὲνγὰρ
663 893 747 980 πρός
770 894 875 963 αὐτόν
897 902 1073 984 διεξῆλθον

122 989 183 1078 τήν
205 990 368 1077 πατρικήν
389 990 525 1059 εύυοιαν
546 994 601 1060 καὶ
618 991 676 1072 τάς
693 992 897 1081 εὐεργεσίας,
921 994 961 1074 ἃς
980 994 1073 1083 ὑμεῖς

122 1087 287 1175 ὑπήρξατε
307 1087 450 1178 Ἀμύντα
466 1098 514 1179 τῶ
531 1096 699 1159 Φιλίππου
709 1095 823 1178 πατρὶ,
849 1091 948 1161 οὐδέν
965 1119 1073 1181 παρα-

122 1196 256 1274 λείπων,
268 1186 344 1257 ἀλλ’
357 1192 473 1275 ἐφεξῆς
484 1188 615 1258 ἅπαντα
626 1188 901 1279 ὑπομιμνήσκων,
914 1193 1073 1278 δεύτερον

123 1287 174 1374 δέ,
199 1279 248 1354 ῶν
270 1285 371 1366 αύτός
392 1280 435 1375 ήν
455 1288 583 1373 μάρτυς
605 1282 645 1356 εύ
664 1290 795 1358 παθῶν.
823 1289 988 1378 Ἀμύντου
1008 1296 1073 1379 γάρ

123 1388 241 1455 νεωστὶ
259 1386 527 1472 τετελευτηκότος
546 1391 601 1455 καὶ
614 1386 835 1475 Ἀλεξάνδρου
852 1399 913 1459 τού
924 1401 1073 1479 πρεσβυ-

121 1487 223 1554 τάτου
234 1494 302 1554 τῶν
314 1483 485 1572 άδελφῶν,
503 1493 693 1571 Περδίκκου
704 1491 739 1556 δὲ
750 1492 804 1557 καί
816 1496 985 1558 Φιλίππου
996 1498 1073 1560 παί-

122 1591 191 1654 δων
202 1585 325 1671 όντων,
337 1582 527 1670 Εὐρυδίκης
539 1585 574 1653 δέ
585 1593 643 1671 τῆς
653 1584 777 1671 μητρός
788 1585 900 1654 αὐτῶν
911 1593 1068 1673 προδεδο-

71 1707 105 1761 27
121 1687 221 1770 μένης
237 1683 302 1750 ύπὸ
322 1691 390 1749 τῶν
407 1684 601 1751 δοκούντων
618 1681 730 1762 αὐτοῖς
744 1682 828 1752 εἶναι
840 1692 964 1772 φίλων,
976 1694 1072 1755 Παυ-

122 1790 241 1853 σανίου
264 1781 297 1851 δ’
315 1785 366 1850 ἐπὶ
383 1780 444 1868 τήν
461 1780 566 1868 άρχήν
583 1778 695 1849 αύτῶν
712 1782 899 1866 κατιόντος,
923 1785 1073 1869 φυγάδος
1089 1805 1141 1860 212

121 1884 181 1972 μὲν
201 1882 312 1969 ὄντος,
333 1889 379 1972 τῷ
397 1888 501 1968 καιρῷ
520 1879 552 1947 δ’
571 1880 758 1967 ἰσχύοντος,
780 1887 914 1949 πολλῶν
932 1880 964 1949 δ’
982 1882 1074 1970 αὐτῶ

122 1982 413 2070 συμπραττόντων,
427 1986 557 2066 ἔχοντος
568 1979 603 2047 δὲ
611 1977 804 2066 Ἑλληνικήν
815 1981 970 2067 δύναμιν,
983 1986 1072 2067 είλη-
1111 2068 1118 2077 ἢ

120 2084 224 2168 φότος
242 2082 277 2149 δὲ
299 2079 523 2166 Ἀνθεμοῦντα
539 2080 593 2147 καί
611 2081 746 2165 Θέρμαν
764 2082 819 2147 καί
840 2081 997 2165 Στρέψαν
1017 2084 1072 2149 καὶ

120 2181 191 2251 ἄλλ’
212 2181 294 2247 άττα
311 2185 429 2264 χωρία,
452 2179 663 2246 Μακεδόνων
686 2178 721 2246 δὲ
742 2176 803 2264 ούχ
823 2174 1070 2266 ὁμονοούντων,

119 2277 203 2349 άλλά
221 2288 289 2347 τῶν
309 2285 472 2346 πλείστων
488 2275 528 2345 τά
546 2285 744 2346 Παυσανίου
757 2280 994 2366 φρονούντων,
1019 2283 1070 2347 ἐπὶ

119 2388 187 2447 τῶν
198 2385 326 2463 καιρῶν
341 2378 471 2444 τούτων
482 2377 734 2464 ἐχειροτόνησαν
749 2377 919 2463 Ἀθηναῖοι
930 2400 1071 2466 στρατη-

119 2477 180 2562 γόν
198 2475 250 2544 ἐπ’
267 2476 469 2570 Ἀμφίπολιν
477 2474 685 2562 Ἰφικράτην,
705 2475 947 2562 Ἀμφιπολιτῶν
958 2478 1071 2545 αὐτῶν

118 2576 263 2662 ἐχόντων
281 2572 343 2661 τήν
361 2573 460 2642 πόλιν
471 2577 526 2643 καὶ
537 2573 599 2660 τήν
610 2575 722 2661 χῶραν
732 2576 805 2641 τότε
816 2578 1067 2660 καρπουμένων.

66 2702 101 2757 23
117 2674 325 2761 ἀφικομένου
343 2672 375 2741 δ’
395 2681 440 2753 εἰς
456 2676 535 2754 τούς
551 2675 675 2753 τόπους
689 2673 896 2760 Ἰφικράτους
913 2673 984 2762 μετ’
998 2673 1069 2743 ὀλί-

117 2801 187 2860 γων
215 2770 406 2859 τὸπρῶτον
428 2781 531 2859 νεῶν,
563 2774 615 2842 ἐπὶ
637 2782 829 2862 κατασκοπῇ
851 2781 980 2860 μάλλον
1002 2781 1070 2842 τῶν

117 2874 321 2959 πραγμάτων
338 2868 360 2958 ή
378 2880 550 2962 πολιορκίη
567 2880 624 2959 τής
644 2873 788 2958 πόλεως,
811 2870 963 2960 ἐνταῦθ’,
984 2878 1070 2960 ἔφην

118 2971 197 3057 έγῶ,
215 2977 441 3060 μετεπέμψατο
452 2969 557 3040 αὐτόν
569 2971 772 3059 Εὐρυδίκηή
787 2973 892 3059 μήτηρ
906 2970 926 3058 ή
939 2971 997 3059 σή,
1016 2976 1070 3042 καὶ

118 3070 163 3149 ῶς
174 3099 210 3157 γε
222 3071 262 3160 δή
276 3074 433 3158 λέγουσιν
446 3075 480 3139 οί
489 3072 652 3156 παρόντες
664 3073 797 3157 πάντες,
808 3078 997 3157 Περδίκκαν
1007 3073 1069 3157 μὲν

117 3167 176 3236 τόν
194 3169 342 3257 άδελφὸν
353 3170 414 3239 τόν
433 3169 496 3239 σόν
514 3172 746 3257 καταστήσασα
760 3178 805 3251 είς
820 3174 878 3250 τάς
891 3185 1000 3257 χεῖρας
1011 3169 1070 3251 τάς

112 3265 328 3356 Ἰφικράτους,
343 3271 379 3338 σὲ
395 3270 431 3339 δὲ
442 3275 487 3349 είς
498 3269 538 3336 τά
553 3269 679 3355 γόνατα
688 3268 728 3338 τά
741 3273 872 3338 ἐκείνου
882 3279 981 3338 θεῖσα
992 3295 1070 3337 παι-

115 3371 189 3434 δίον
206 3367 303 3454 ὅντα,
326 3367 431 3450 εἶπεν,
454 3367 505 3437 ότι
522 3366 703 3455 ,,Ἀμύντας
714 3367 731 3437 ὁ
743 3367 852 3457 πατήρ
861 3378 931 3438 τῶν
940 3375 1070 3439 παίδων
