2340 3916
276 221 394 277 ΠΕΡΙ
415 220 850 285 ΠΑΡΑΠΡΕΣΒΕΙΑΣ
994 224 1037 287 99

12 395 67 449 124
174 384 268 456 Τίνες
278 370 341 445 οὖν
350 370 439 498 η’σαν
450 376 515 444 αί’
496 379 620 446 απάται
638 387 758 467 (ταῦτα
769 380 833 467 γάρ
844 392 904 452 τοῦ
916 385 1037 471 γόητος

83 474 291 562 άνθρωπου),
296 468 385 561 ἐξων
394 487 502 563 είρηκε
514 487 703 563 λογίσασθε.
726 486 871 550 εἰσπλεῖν
879 490 921 570 με
930 505 1034 571 φησιν
1053 502 1105 559 294

83 579 119 642 ἑν
140 576 314 665 μονοξύλῳ
343 583 447 665 πλοίῳ
468 578 550 644 κατά
571 576 632 646 τόν
651 583 780 647 Λυδίαν
801 580 951 699 ποταμόν
976 610 1035 669 της

83 672 205 752 νυκτός
226 670 270 752 ὡς
294 679 476 760 Φίλιππον,
500 672 610 743 καὶ
573 703 636 762 την
658 674 833 763 ἐπιστολην
853 704 916 764 την
934 683 1034 763 δεῦρο

83 773 253 838 ἐλθοῦσαν
271 778 424 860 Φιλίππῳ
444 773 579 858 γράψαι.
603 772 768 859 ὁμένγάρ
781 779 996 862 Λεωσθένης,
1016 775 1031 843 c‘

85 868 221 954 φεύγων
238 873 375 938 ἐνθένδε
388 868 441 938 διά
453 870 531 950 τούς
542 871 771 957 συκοφάντας,
785 872 826 940 ού
839 876 980 954 δυνατός
990 868 1034 962 ἦν

83 970 249 1047 ἐπιδεξίως
268 968 447 1057 ἐπιστολὴν
468 970 610 1057 γράψαι,
640 968 680 1040 ὃν
705 971 768 1040 οὐκ
790 971 933 1042 όκνούσί
948 1001 1036 1053 τινες

84 1062 332 1151 άποφαίνεσθαι
342 1066 422 1154 μετά
435 1075 684 1156 Καλλίστρατον
696 1068 957 1157 τόνἈφιδναῑοκ
966 1081 1035 1140 των

10 1194 66 1246 125
85 1164 196 1234 άλλων
207 1166 349 1252 μάλιστα
361 1174 465 1235 εἰπεῖν
476 1169 660 1236 δύνασθαι·
683 1169 759 1237 οὐδ’
771 1169 873 1250 αύτδς
885 1169 902 1238 ὁ
915 1178 1035 1239 Φίλιπ-

83 1290 159 1351 πος,
183 1263 268 1349 πρὸς
284 1263 324 1334 δν
339 1264 507 1335 ἀντειπεῖν
523 1274 746 1357 Δημοσθένης
764 1268 847 1356 ὑπὲρ
865 1268 960 1357 ύμων
972 1270 1035 1338 ούκ

84 1365 251 1454 ἐδυνήθη·
278 1365 351 1435 οὐδ’
373 1365 587 1450 ὁΒυζάντιος
596 1371 744 1456 Πύθων,
770 1371 951 1457 ἄνθρωπος
962 1375 1036 1458 περὶ
1052 1386 1105 1441 295

82 1466 119 1533 τό
138 1467 283 1552 γράφειν
300 1468 423 1552 λόγους
436 1473 520 1554 μέγα
538 1478 692 1556 φρονῶν·
715 1470 788 1540 ἀλλ’
810 1471 854 1551 ύς
871 1478 973 1559 ἐοικε,
996 1472 1033 1542 τὸ

82 1574 218 1653 πρᾶγμα
229 1570 310 1654 ἐμοῦ
322 1574 521 1654 προσεδεῖτο,
540 1572 595 1639 καὶ
607 1574 711 1657 λέγεις
721 1572 798 1656 μὲν,
817 1569 868 1640 ότι
881 1579 1034 1661 Φιλίππῳ
1150 1660 1153 1665 Ι

81 1663 160 1751 μεθ’
178 1664 305 1753 ἡμέραν
322 1672 481 1748 πολλάκις
496 1667 598 1754 μόνος
608 1670 700 1758 μόνῳ
713 1672 923 1757 διελεγόμην,
947 1678 1034 1760 αἰτιᾷ

17 1760 20 1765 ’
82 1767 117 1831 δὲ
130 1771 274 1832 είσπλείν
283 1791 323 1851 με
333 1766 466 1850 νύκτωρ
478 1765 561 1834 κατά
572 1767 632 1836 τὸν
641 1768 804 1854 ποταμόν·
818 1769 905 1837 ούτω
916 1796 1035 1838 νυκτε-

10 1876 65 1934 126
85 1871 179 1948 ρινῆς
196 1867 367 1949 ἐπιστολῆς
380 1862 417 1930 τό
436 1872 571 1950 πράγμα
589 1868 703 1932 ἐδεῖτο.
730 1863 821 1933 ότιδ’
842 1865 1034 1953 ούδένάλη-

82 1966 141 2039 θὲς
158 1964 279 2047 λέγεις,
300 1960 421 2048 ἥκουσι
431 1962 493 2048 μὲν
503 1963 770 2049 μαρτυρήσοντες
781 1962 859 2051 μεθ’
874 1956 922 2032 ύν
933 1985 1034 2032 συνε-

83 2067 215 2144 σίτουν,
229 2057 455 2146 Ἀγλαοκρέων
469 2058 487 2130 ὁ
508 2067 659 2142 Τενέδιος
670 2065 725 2131 καὶ
733 2061 917 2150 Ἰατροκλῆς
931 2060 1034 2131 ὁΠα-

83 2166 265 2242 σιφῶντος,
286 2156 364 2245 μεθ’
386 2152 434 2227 οἷν
451 2162 523 2247 ἕξης
533 2159 664 2229 ἅπαντα
681 2188 742 2229 τον
758 2162 881 2248 χρόνον
896 2159 955 2240 τάς
972 2162 1034 2228 νύ-

82 2285 161 2335 κτας
172 2255 405 2344 άνεπαυόμην,
418 2266 453 2327 οἳ
462 2269 637 2328 συνίσασιν
646 2263 717 2345 ἐμοὶ
728 2266 890 2347 μηδεμίαν
900 2260 1032 2328 πάποτε

81 2354 140 2423 άπ’
160 2355 272 2425 αύτάν
289 2358 394 2426 νύκτα
415 2356 648 2447 ἀπογενομένῳ
671 2359 753 2445 μηδὲ
774 2362 874 2445 μέρος
896 2359 1032 2436 νυκτός·

81 2452 214 2542 ἄγωμεν
230 2459 266 2525 δὲ
282 2459 337 2524 καὶ
354 2458 433 2536 τούς
449 2462 575 2537 οίκέτας
592 2459 647 2524 καὶ
663 2463 897 2572 παραδιδῳμεν
915 2484 929 2523 ε
932 2456 1034 2542 ίςβά-

83 2579 196 2623 σανον.
220 2557 274 2623 καὶ
284 2554 344 2623 τὸν
354 2558 414 2642 μὲν
429 2557 569 2642 λόγον,ε
554 2551 824 2675 είσυγχωρησει
810 2580 828 2621 ο
840 2555 1032 2641 κατήγορος,
1050 2572 1102 2629 296

82 2653 252 2721 καταλύω·
264 2658 423 2738 παρέσται
436 2656 471 2722 δε
481 2651 570 2741 ηδη“
557 2682 574 2722 ο
587 2646 700 2739 δήμιος
711 2680 752 2721 κα
754 2655 928 2739 ὶβασανιεί
935 2656 1033 2718 ἐναν-

81 2760 152 2819 τίον
165 2750 273 2838 ύμων,
286 2747 329 2819 άν
340 2752 503 2839 κελεύητε.
526 2757 688 2838 ἐνδέχεται
705 2753 740 2821 δε
756 2779 792 2820 το
782 2749 924 2820 λοιπόν
935 2754 1033 2837 μέρος

79 2848 519 2936 τηςὴμέραςταῦταπράξαι·
531 2848 1032 2937 πρὸςένδεκαγάράμφορέαςέυ

10 2967 61 3022 127
81 2952 362 3037 διαμεμετρημένῃ
378 2977 419 3037 τη
440 2948 545 3040 ημέρηι
563 2959 725 3037 κρίνομαι
749 2945 815 3018 κάν
826 2957 936 3035 φύσιν
946 2947 1031 3018 άπό-
1050 2955 1101 3013 29⁷

79 3049 193 3116 κοιτόν
215 3074 255 3134 με
271 3051 413 3116 τουτωνὶ
432 3051 565 3117 πύποτε
582 3059 650 3119 τοδν
667 3057 833 3119 συσσίτων
850 3054 1031 3170 γεγονέναι,

82 3175 125 3233 μη
115 3147 303 3232 φείσησθέ
312 3173 395 3231 μου,
408 3139 435 3213 ύ
450 3145 636 3232 Ἀθηναῖοι,
649 3144 723 3214 ἀλλ’
736 3146 938 3226 άναστάντες
948 3145 1034 3215 άπο-

81 3253 237 3314 κτείνατε.
250 3246 310 3313 ἐὰν
321 3243 352 3312 δ’
366 3249 559 3335 ἐξελεγχθῇς
570 3245 791 3331 ψευδόμενος,
803 3246 1031 3334 Δημόσθενες,

82 3348 240 3432 τοιαύτην
252 3351 348 3432 δίκην
360 3347 431 3424 δός·
444 3343 653 3432 ὁμολόγησον
664 3342 873 3431 άνδρόγννος
885 3345 967 3414 εἶναι
979 3351 1034 3415 καὶ

82 3445 126 3531 μὴ
140 3447 316 3531 ἐλεύθερος
328 3449 479 3514 ἐναντίον
491 3448 628 3513 τούτων.
648 3444 741 3511 κάλει
752 3470 808 3530 μοι
819 3442 897 3595 τῳΞς
909 3450 1035 3524 οίιιέτας
