2340 3916
331 201 460 258 ΚΑΤΑ
483 201 862 263 ΚΤΗΣΙΦΩΝΤΟΣ.
1017 199 1077 263 117

580 468 608 526 3.

333 624 461 690 6666·
488 623 857 692 ΚἸἮΣΙΦΩΝΤΟΣ.

485 792 708 851 ΥΠΟΘΕΣΙΣ.

205 933 381 1032 Κτησιφῶν
398 951 510 1034 έγραψε
526 945 668 1031 ψήφισμα
679 954 863 1061 στεφανῶσαι
878 952 1077 1032 Δημοσθένην
1092 964 1147 1021 348

119 1046 332 1142 Δημοσθένους
355 1044 504 1107 Παιανιέα
524 1049 622 1129 γρυσῳ
644 1041 779 1130 στεφάνῳ
807 1039 898 1107 666⁹
866 1051 1077 1148 αναγορεῦσαι

119 1123 168 1190 τὸν
178 1131 323 1232 στέφανον
335 1128 366 1191 έν
377 1152 417 1214 τῳ
404 1124 547 1213 θεάτρῳ
559 1132 727 1202 Διονυσίοις
738 1132 914 1231 τραγῳδῶν,
926 1153 970 1194 οτι
982 1133 1076 1193 διατε-

117 1219 164 1273 λεῖ
175 1206 210 1274 66
229 1210 333 1293 άριστα
350 1192 406 1312 κριὶ
418 1212 510 1313 λέγων
528 1211 579 1273 καὶ
595 1208 778 1317 πράττων
748 1236 789 1274 66
776 1209 892 1299 δήμῳ
909 1218 968 1276 τῶν
982 1209 1073 1316 Ἀθη-
1088 1218 1144 1277 349

117 1298 216 1358 ναίων.
249 1301 334 1359 τοῦτο
350 1289 383 1359 τὸ
400 1292 548 1396 ψήφισμα
561 1295 712 1378 ἐγράψατο
727 1275 869 1401 Αἰσχίνης
883 1294 1074 1401 μαρανόμων,

117 1381 167 1481 τιμὶ
176 1376 284 1462 εἰσάγει
294 1377 440 1459 κεφάλαια
450 1373 552 1478 γεγικδι
563 1405 597 1462 τρ
597 1380 724 1485 6666
692 1405 755 1461 μεν,
767 1404 812 1443 οτι
819 1375 1019 1445 υττενθυνον
1003 1406 1076 1445 οντα

116 1457 167 1526 τδν
175 1465 373 1568 Δημοσθένην
385 1460 565 1543 ἐστεφάνωσε
575 1471 627 1529 606
638 1461 735 1567 νόμον
741 1463 908 1539 κελεύοντος
918 1491 959 1547 μη
948 1460 1077 1542 ἐξεῖναι

115 1544 318 1611 ὑπεύθυνον”
298 1573 424 1651 αρχογτα
438 1554 611 1651 στεφανοῦν,
624 1573 690 1632 ιτερι
682 1542 812 1653 ὀὐσίας
826 1545 960 1654 δεύτερον
971 1545 1047 1629 δέ,”
1032 1575 1076 1613 οτι

117 1634 149 1695 ἕν
165 1658 204 1718 τῳ
192 1628 340 1719 θεάτρῳ
358 1625 562 1715 άνεκηρυξε
534 1657 586 1698 τον
608 1627 791 1737 στέφανον’
773 1632 1007 1734 ατταγορεύοντος
1024 1639 1076 1696 τοῦ

116 1696 209 1796 νόμάυ
220 1696 332 1826 μηδένά
343 1723 507 1819 στεφανοῦν
517 1717 549 1779 έν
560 1741 600 1803 τῳ
587 1715 749 1819 θεάτρῳ,
760 1719 827 1800 περὶ
837 1713 1004 1799 ποιότητος,
1014 1720 1075 1800 τρί-

116 1825 166 1863 τον
182 1802 233 1864 καὶ
248 1796 466 1904 τελευταῖον,”
449 1826 494 1863 οτι
511 1781 612 1864 καίτοι
624 1805 722 1910 ψευδῆ
739 1803 868 1909 ἔγραψεν
885 1801 969 1864 έν
928 1826 968 1885 τῳ
979 1803 1075 1881 ψηφί-

117 1905 219 1988 σματι·
249 1879 305 1949 066
322 1878 446 1949 εἶναι
412 1911 470 1985 γῳρ
486 1879 578 1948 καλὸν
594 1886 644 1948 606
662 1881 785 1989 άγαθδν
797 1883 849 1952 τδν
866 1863 1074 1987 Δημοσθένην,

118 1962 186 2032 0666
198 1967 281 2046 άξιον
291 1976 343 2032 τοῦ
353 1965 509 2079 στεφάνου.
537 1969 587 2033 καὶ
604 1977 689 2034 τοῦτο
699 1963 785 2045 είς
756 1995 790 2034 το
806 1965 1007 2076 παράνομον
1002 1963 1074 2030 666

118 2055 217 2135 κτέον,
241 2051 340 2135 έττειδὴ
357 2054 408 2116 καὶ
424 2049 513 2134 νόμος
529 2048 638 2118 ἔστιν’
624 2080 640 2117 0
659 2052 783 2159 666660
793 2082 830 2118 τα
817 2051 939 2157 ψευδῆ
949 2048 1076 2155 γράφειν

118 2138 149 2200 ἕν
166 2145 226 2213 τοῖς
243 2141 326 2219 ψηφί
325 2156 445 2242 σμασιν·
468 2140 528 2201 έστι
545 2138 577 2201 δὲ
580 2138 664 2241 περὶ
681 2137 841 2220 ποιότητος
874 2129 1030 2218 διτοφορδις
1048 2133 1080 2196 δε
1092 2145 1147 2200 350

118 2219 260 2305 λαμβάνει
279 2228 370 2324 τρεῖς,
391 2217 473 2326 ττρδς
486 2223 540 2327 μέγ
560 2216 592 2285 τὸ
613 2229 730 2327 πρῶτον
747 2223 1001 2330 δισσῶςέροῦντος
1013 2226 1074 2322 Δη-

118 2302 335 2410 μυσθένονς,”
320 2330 364 2369 οτι
381 2301 436 2370 066
452 2296 491 2388 ἦν
508 2303 607 2390 άργων
621 2303 690 2371 0666
700 2303 809 2371 ἔστιν’
790 2302 865 2391 αρχὴ
876 2304 895 2389 6
906 2311 965 2367 τῶν
975 2309 1077 2406 τειχῶν

118 2385 276 2493 οἰκοδομὴ,
303 2384 379 2453 6666
398 2393 534 2454 διακονία
550 2414 593 2463 τις
604 2395 654 2456 6066
666 2391 827 2471 έττιμέλεια·
851 2393 877 2452 εί
887 2388 919 2456 δέ
929 2389 980 2450 606
991 2382 1075 2469 άρχὴ,

117 2481 158 2559 66
179 2499 224 2575 γε
235 2474 478 2578 έττιδεδῳκέναι’
463 2499 496 2537 εκ
516 2480 576 2537 τῶν
597 2475 680 2539 ἰδίων
701 2475 752 2537 καί
767 2474 858 2576 μηδὲν
875 2470 1077 2577 είληφέναιέκ

118 2565 169 2658 τῆς
185 2554 295 2634 πόλεως
312 2552 368 2623 066
386 2547 425 2641 66
442 2552 627 2631 δττεάθυνος·
658 2559 725 2639 ιτερὶ
743 2555 896 2659 ττοιρίτητος
917 2552 1075 2651 άμφότερα.

117 2637 189 2749 πρὸς
203 2643 234 2706 δέ
244 2648 329 2707 τοῦτο
340 2669 355 2707 0
344 2636 508 2724 Αἰσχίνης
520 2636 628 2746 εἰσάγει
640 2634 828 2750 στογαστικδν
839 2637 1024 2741 κεφάλαιον,
1041 2631 1077 2698 06

118 2752 215 2806 μεντοι
227 2724 448 2804 κατασκευαζει
472 2728 499 2790 εί
508 2722 586 2791 δέ
549 2751 590 2807 μη
601 2719 669 2810 παρ’
682 2727 785 2790 εαυτου
772 2724 950 2804 έκεδοοκεν,
963 2715 1024 2785 666’
1037 2717 1077 2783 6

119 2835 149 2892 χε
163 2808 249 2913 παρά
265 2818 316 2913 της
338 2814 490 2915 βουλῆςί
464 2837 504 2887 ες
526 2816 610 2874 τοῦτο
629 2812 700 2876 δέκα
718 2805 860 2888 τάλαντα,
879 2810 946 2892 περὶ
966 2800 1075 2878 οὐσίας

117 2891 190 2998 πρὸς
208 2897 239 2959 δὲ
259 2889 292 2958 τὸ
314 2893 449 2997 δεύτερον
469 2893 632 2999 κεφάλαιον
639 2895 846 2998 παρεχομένου
865 2890 1078 2996 Δημοσθένους

119 2980 210 3059 νόμον
221 2980 334 3084 έτερον,
346 2973 530 3044 κελεάοντα’
511 2976 723 3088 ανακηράττειν
733 2978 765 3040 έν
775 3002 816 3064 τῳ
803 2971 973 3075 θεάτρῳ,
968 2971 1007 3038 66
1018 2989 1078 3052 ψη-

119 3059 265 3172 66666666
278 3066 386 3169 δῆμος,
407 3057 597 3171 Αίσγίνης’
564 3088 599 3126 ον
616 3064 752 3146 περὶτῶν
768 3041 934 3125 666666666
938 3052 1029 3158 66666
1039 3053 1079 3119 εί-

118 3151 170 3210 ναί
163 3165 292 3250 φησιν,
315 3143 391 3212 6666
406 3148 543 3231 περὶτῶν
558 3151 680 3224 ξενικῶν
697 3143 865 3227 στεφάνων,
884 3145 951 3249 περὶ
969 3135 1036 3205 0666
1035 3166 1078 3215 ας.

117 3228 191 3313 πρὸς
209 3230 286 3295 δὲ
258 3258 290 3296 το
307 3236 405 3317 τρίτον
420 3225 515 3295 πολλά
532 3256 607 3334 κριτα
595 3225 718 3314 μέρος.
750 3233 840 3294 οἴεται
857 3229 935 3292 δέ
905 3252 957 3292 τον
980 3232 1079 3320 Δημο-

119 3316 232 3418 σθέγην
251 3318 333 3391 εἰςτέ
333 3336 442 3420 σσαρας
459 3310 581 3399 καιροδς
593 3309 812 3419 διηρηκέναι
780 3340 836 3395 την
846 3305 1022 3394 άττολογίαυ,
1045 3302 1080 3370 66

119 3396 277 3480 πράγματα
293 3394 362 3464 καθ’
381 3401 488 3464 ἕκαστα
506 3402 546 3474 εἰς
562 3397 683 3472 τούτους
700 3402 865 3480 μερίσαντα.
897 3403 1082 3479 πρῶτυνν
1029 3393 1082 3474 μέν
