2340 3916
353 210 443 260 mm
461 209 537 261 ΤΩΝ
554 211 789 265 ανεεεειαα.
906 287 909 291 ἢ
1006 210 1050 277 39

79 361 368 439 καταψηφιεῖσθε,
387 349 486 440 ὁράτε
504 352 548 439 μή
563 350 626 421 οὑκ
646 354 718 440 ἐμοὶ
737 353 879 440 μάλιστα
897 358 968 423 τῶν
984 379 1049 424 πο-

79 455 184 522 λιτῶν
198 452 357 543 προσήκει
370 452 472 539 λόγον
487 455 685 523 δοὺναιτάν
699 457 945 543 γεγενημένων,
959 455 1046 526 ἀλλά

79 563 221 635 πολλοῖς
237 556 360 644 ἑτέροις
374 559 523 643 μᾶλλον,
541 559 643 625 τούτο
656 554 719 644 μὲν
730 552 781 636 οἷς
795 556 893 645 ὑμεῖς
909 561 1048 629 ἐναντία

79 656 303 745 μαχεσόμενοι
321 657 519 745 διηλλάγητε
536 659 594 726 καὶ
613 654 735 746 ὅρκους
755 656 926 746 ὠμόσατε,
946 664 1046 729 τοῦτο

79 758 121 826 δέ
135 754 195 838 οὑς
210 758 402 846 φεύγοντας
416 760 637 847 κατηγάγετε,
655 763 757 829 τοῦτο
775 759 813 829 δὲ
828 756 890 840 οὑς
904 759 1046 849 ἀτίμους

80 858 182 939 ὄντας
208 862 383 948 ἐπιτίμους
409 862 597 948 ἐποιήσατε·
626 851 675 930 ὧν
702 867 813 931 εἵνεκα
839 863 896 930 καί
923 863 1047 948 στήλας

78 961 230 1031 ἀνείλετε
248 963 304 1030 καὶ
329 963 456 1049 νόμους
480 961 631 1052 ἀκύρους
657 964 831 1050 ἐποιήσατε
854 965 912 1032 καί
936 974 1046 1052 ψηφί-

80 1083 189 1152 σματα
203 1067 413 1152 ἐξηλείψατε·
434 1072 470 1134 οἳ
488 1067 568 1134 νυνὶ
588 1066 751 1152 μένουσιν
767 1070 803 1135 ἐν
815 1069 857 1154 τῇ
875 1065 970 1135 πόλει
989 1091 1045 1135 ττι-

80 1166 258 1246 στεὺοντες
276 1164 380 1254 ὑμῖν,
400 1156 426 1234 ἀ
444 1164 575 1257 ἀνδρες.
614 1173 646 1235 εί
663 1158 726 1235 οὑν
748 1168 938 1254 γνώσονται
955 1167 1045 1257 ὑμάς
1064 1184 1114 1234 104

79 1265 352 1356 ἀποδεχομένους
376 1268 437 1348 τάς
455 1275 658 1357 κατηγορίας
676 1273 745 1337 τῶν
764 1269 930 1359 πρότερον
947 1297 1045 1357 γεγε-

77 1371 254 1456 νημένων,
284 1376 362 1438 τίνα
393 1367 522 1449 αὑτοὺς
549 1381 662 1439 οἴεσθε
689 1371 829 1458 γνοίμην
856 1373 942 1452 ἕξειν
967 1375 1044 1461 περὶ

78 1473 180 1558 σφῶν
203 1470 336 1554 αύτῶν;
361 1466 382 1558 ή
405 1479 483 1540 τίνα
501 1470 617 1540 αὐτῶν
643 1472 816 1559 ἐθελήσειν
841 1479 889 1552 είς
908 1473 1044 1560 ἀγῶνας

77 1581 307 1642 καθίστασθαι
350 1575 448 1643 ἕνεκα
482 1577 553 1641 τῶν
589 1573 754 1663 πρότερον
791 1577 1044 1662 γεγενημένους

78 1674 288 1761 φανήσονται
305 1676 372 1764 γάρ
391 1677 510 1744 πολλοὶ
528 1673 591 1763 μὲν
611 1677 727 1765 ἐχθροὶ
742 1676 862 1744 πολλοὶ
881 1674 919 1744 δὲ
938 1696 1044 1745 συκο-

78 1775 204 1862 φάνται
212 1830 222 1864 ,
237 1783 272 1845 οἳ
283 1777 550 1864 καταστήσουσιν
564 1775 680 1845 αὑτῶν
695 1779 838 1845 ἕκαστον
853 1782 900 1856 είς
916 1775 1043 1862 ἀγῶνα.

77 1875 197 1963 ήκαυσι
228 1876 265 1946 δὲ
294 1881 377 1948 νυνί
403 1876 648 1968 ἀκροασόμενοι
676 1877 878 1967 ἀμφότεροι,
910 1877 951 1946 ού
982 1880 1043 1967 τὴν
1062 1894 1112 1944 106

77 1978 187 2067 αὑτήν
204 1979 344 2068 γνύμην
365 1988 495 2066 ἔχοντες
514 1977 691 2068 ἀλλήλοις,
716 1978 791 2048 ἀλλ’
817 1984 854 2048 oc
867 1979 930 2067 μὲν
948 1982 1044 2050 είσό-

75 2108 172 2168 μενοι
189 2087 222 2150 εί
237 2083 300 2171 χρὴ
319 2083 488 2151 πιστεύειν
501 2099 572 2162 τοῖς
586 2082 703 2170 νόμοις
720 2097 791 2162 τοῖς
806 2084 968 2170 κειμένοις
986 2085 1042 2151 καί

75 2199 149 2262 τοῖς
168 2179 279 2271 ὅρκοις
298 2180 358 2263 οὑς
377 2182 529 2272 ὠμόσατε
547 2183 724 2272 ἀλλήλοις,
743 2188 779 2252 οί
794 2183 833 2252 δὲ
851 2183 1043 2274 ἀποπειρώ-

75 2311 171 2372 μενοι
183 2287 241 2372 τῆς
255 2284 420 2375 ὑμετέρας
440 2286 594 2373 γνιόμης,
613 2292 644 2355 εί
657 2284 775 2365 αὑτοῖς
791 2286 918 2366 ἐξέσται
935 2284 1043 2367 ἀδεῶς

77 2403 308 2474 συκοφαντεῖν
327 2389 383 2455 καί
409 2387 621 2477 γράφεσθαι,
647 2387 729 2466 τοὺς
753 2385 791 2455 δὲ
818 2387 1043 2476 ἐνδεικνύναι,

74 2487 158 2567 τοὺς
177 2489 215 2556 δὲ
233 2487 386 2576 ἀπάγειν.
424 2487 532 2568 οὕτως
551 2479 615 2557 οὑν
634 2494 717 2575 ἔχει,
737 2478 762 2554 ἀ
781 2484 918 2575 ἀνδρες·
944 2486 962 2556 ὁ
980 2489 1043 2577 μὲν

74 2588 172 2676 ἀγὺν
192 2592 289 2681 ἐντῷ
304 2589 432 2678 στόματι
445 2594 491 2681 τῷ
513 2592 581 2681 ἐμῷ
595 2590 824 2676 καθέστηκεν,
841 2586 862 2674 ή
877 2586 915 2657 δέ
929 2590 1043 2677 νήφος

75 2690 98 2778 ή
115 2690 261 2780 ὑμετέρα
279 2697 425 2781 δημοσίᾳ
443 2707 568 2781 κρινεῖ,
593 2691 735 2780 πότερον
756 2690 820 2779 χρὴ
839 2704 910 2770 τοῖς
927 2690 1043 2778 νόμοις

74 2809 148 2873 τοῖς
166 2791 340 2883 ὑμετέροις
359 2793 527 2863 πιστεύειν
551 2789 670 2879 ήτοὺς
689 2791 907 2879 συκοφάντας
932 2817 1044 2882 παραυ

145 2924 203 2974 103.
222 2917 352 2990 προσήκῃ
375 2923 470 2990 Steph.
492 2950 526 2959 -
548 2920 758 2989 μαχεσαμένοις
781 2921 817 2974 οἱ.
834 2921 866 2976 R.
884 2947 917 2957 -
936 2914 1045 2989 ἀτίμως

75 2991 133 3042 ΑΒ.
157 3016 190 3026 -
214 2990 312 3043 εἵνεκα
334 2992 424 3041 ABk.:
449 2986 541 3042 ἕνεκα.
564 3018 597 3027 -
615 2988 666 3042 καὶ
685 2988 862 3055 ψηφίσματα
883 3006 923 3054 pr.
947 2993 971 3040 A
989 2992 1042 3043 Bk.

78 3051 130 3123 (τά
150 3074 233 3124 supra
251 3059 299 3109 lin.
317 3058 379 3109 add.
400 3073 441 3124 pr.
461 3058 520 3121 A⁰):
539 3056 588 3109 καλ
606 3051 642 3109 τά
660 3066 736 3125 ψηφ.

145 3128 202 3177 104.
234 3121 380 3193 προτέρων
401 3121 598 3192 γεγενημένων
623 3126 771 3190 utrobique
798 3124 902 3175 ABLZ.
933 3153 966 3162 —
998 3142 1043 3177 vv.

75 3183 93 3259 ἢ
113 3193 180 3245 τίνα
197 3220 230 3230 -
248 3188 448 3261 γεγενημένων
466 3194 519 3245 del.
532 3195 621 3258 Emp..
640 3193 695 3245 Sed
713 3194 766 3243 hoe
784 3194 853 3244 dicit
870 3199 975 3243 orator:
995 3209 1043 3244 no-

75 3261 135 3312 lent
153 3261 286 3312 iudicium
304 3263 407 3324 subire,
426 3262 519 3328 potius
537 3261 633 3313 urbem
651 3261 810 3326 relinquent
829 3257 916 3327 (105).

145 3331 201 3382 105.
221 3321 432 3395 ἀκροασάμενοι
451 3329 470 3379 Ζ
490 3334 518 3380 et
535 3345 575 3394 pr.
587 3328 620 3383 A.
640 3355 672 3366 -
690 3322 836 3396 οίσόμενοι
848 3327 892 3378 ΒΖ
912 3332 941 3379 et
958 3345 998 3393 pr.
1011 3329 1044 3382 L.

74 3424 108 3432 —
128 3392 156 3448 εί
177 3389 229 3463 χρή
251 3398 297 3448 ΑΖ
316 3397 382 3449 Bk:
406 3387 425 3464 ἢ
442 3388 576 3476 ηρήβῐι,
601 3385 662 3462 είῆ
682 3390 735 3463 χρὴ
761 3413 786 3446 v.
802 3424 836 3433 -
854 3386 979 3477 ὁμόσατε
996 3396 1042 3446 Ad.

74 3491 110 3500 —
133 3457 234 3524 αὑτοῖς
260 3465 307 3514 ΑΒ
330 3464 395 3514 Bk:
423 3476 537 3524 αυτους.
566 3489 599 3500 -
626 3459 705 3528 (τοὺς
731 3460 795 3529 μὲν)
823 3480 910 3531 γραφ.
940 3465 982 3514 W.
1013 3490 1038 3500 -

74 3536 171 3598 κρινεῖ
195 3548 256 3582 cum
283 3531 381 3598 Steph.
401 3534 493 3583 Turn:
512 3531 615 3598 κρίνει.
