2340 3916
437 223 646 274 ennnssmo.
945 213 1030 275 XXI

59 391 126 443 stea
137 383 298 442 inventum
308 401 364 461 per
375 381 493 443 litteras
504 401 622 443 mecum
634 384 881 462 communicavit3
894 392 1029 445 ceterum

59 476 202 548 quartum
224 488 263 529 ex
285 467 329 527 eis
350 468 383 526 in
407 467 477 541 duo,
501 485 581 547 quae
604 469 705 529 colore
728 469 820 529 etiam
839 471 953 550 papyri
968 469 1027 528 dis-

59 562 242 626 cernuntur,
264 551 470 614 dirimendum
488 561 543 616 est.
586 552 707 633 Nempe
723 554 784 613 ista
799 553 973 633 fragmenta
988 553 1027 614 ab

58 636 216 698 Arabibus
239 639 356 717 insigni
378 638 513 717 quedam
534 637 687 698 industria
707 658 855 698 unacum
869 639 937 698 aliis
953 639 1027 699 alio·

58 745 125 783 rum
146 723 337 783 voluminum
358 723 402 782 ita
424 724 637 802 conglutinata
660 731 757 797 erent,
780 732 816 783 ut
837 722 952 802 integri
974 743 1026 784 vo-

57 808 183 868 luminis
205 809 339 887 speciem
360 807 559 891 prpebereut3
583 809 666 888 quod
688 817 850 888 postquam
872 807 1028 869 evolutum

60 901 115 966 est,
139 894 242 952 statim
263 893 348 952 fraus
371 893 537 954 manifesta
559 893 628 954 suit.
666 892 728 954 Sed
752 895 924 954 coniunctis
947 912 1027 971 quae

60 978 278 1056 coniungenda
304 987 376 1038 sunt
410 978 470 1038 duo
503 979 619 1038 maiora
646 978 823 1058 fragmenta
850 987 881 1038 et
909 986 1028 1057 septem

58 1065 178 1123 minora
201 1063 384 1136 efficiuntur,
408 1083 425 1123 e
448 1063 559 1143 quibus
581 1084 678 1123 unum
700 1063 857 1124 extribus
880 1064 1027 1142 composi-

58 1156 123 1208 tum
145 1168 249 1208 rursus
277 1167 345 1208 cum
373 1147 493 1209 duobus
514 1147 705 1217 Harrisianis
732 1149 777 1207 ita
804 1148 964 1220 coalescit,
993 1156 1028 1207 ut

59 1234 162 1293 omnia
184 1235 246 1294 iam
267 1234 414 1292 continuo
435 1231 499 1311 legi
520 1234 650 1312 possint.
686 1233 838 1293 Maiorem
859 1241 963 1293 autem
984 1232 1027 1292 al-

58 1327 156 1378 terum
179 1320 240 1377 iam
262 1316 300 1377 ab
315 1316 439 1397 Eggero
462 1338 531 1378 cum
546 1318 606 1378 alio
621 1318 803 1378 Hamisiano
827 1318 1028 1397 compositum

59 1412 115 1463 est.
160 1403 230 1481 Quo
252 1403 320 1463 loco
342 1423 407 1462 non
429 1422 554 1482 possum
575 1404 651 1483 quin
674 1402 805 1483 Sauppii
827 1404 1028 1481 sagacitatem

58 1487 105 1546 his
128 1489 218 1547 novis
241 1489 376 1548 inventis
397 1488 561 1568 insiguiter
583 1488 812 1568 comprobatam
832 1486 1025 1567 praedicem3

58 1593 130 1632 nam
159 1574 308 1653 pleraque
337 1574 454 1646 omnia,
484 1593 564 1653 quae
590 1576 624 1632 in
651 1572 841 1632 Harrisianis
868 1571 930 1631 illis
956 1591 1027 1630 con-

57 1659 174 1718 iectura
195 1667 317 1718 tantum
338 1659 480 1732 restituit,
504 1658 642 1718 nuncin
664 1656 731 1736 ipso
755 1674 875 1736 papyro
897 1657 959 1714 iam
974 1675 1027 1735 ap·

57 1751 178 1820 parent.
223 1740 308 1802 Ordo
331 1762 454 1822 quoque
477 1761 569 1821 quem
590 1743 644 1800 ille
659 1740 818 1801 constituit
839 1739 1026 1819 fragmento-

57 1846 124 1885 rum
145 1846 208 1885 uno
231 1835 314 1886 certo
328 1828 396 1886 loco
416 1825 630 1905 comprobatus
653 1834 712 1902 est3
737 1845 797 1904 quo
819 1826 918 1903 magis
941 1833 971 1884 et
993 1825 1026 1883 in

58 1911 168 1970 ceteris
184 1930 254 1970 eum
268 1910 465 1970 retinendum
481 1910 564 1984 duxi,
587 1930 652 1970 non
668 1928 728 1989 quo
745 1918 861 1970 certum
875 1916 1024 1988 putarem,

56 1995 113 2055 sed
135 1995 218 2075 quod
233 1996 327 2054 alium
341 1994 579 2076 probabiliorem
592 1995 712 2056 nullum
726 1993 934 2055 inveniebam.
972 1993 1026 2054 Se-

57 2080 118 2140 mel
139 2089 259 2141 tantum
281 2088 316 2141 ut
337 2080 375 2141 ab
399 2102 435 2141 eo
459 2077 650 2142 discederem
671 2100 705 2139 re
727 2081 796 2159 ipsa
811 2087 933 2140 coactus
948 2099 1026 2139 sum.

58 2165 121 2225 Sed
143 2167 204 2226 iam
226 2167 307 2226 notis
328 2185 405 2246 quas
433 2166 498 2226 dixi
527 2166 638 2227 criticis
669 2164 810 2226 omnibus
838 2165 1026 2224 coniunctim

57 2252 223 2329 propositis
245 2252 467 2331 explicatisque
488 2251 654 2331 praefandi
673 2251 767 2311 finem
788 2251 909 2310 faciam.

133 2413 219 2467 Uncis
232 2415 374 2482 quadratis
393 2414 495 2482 ([-—])
514 2433 548 2468 ea
559 2417 671 2480 inclusi,
691 2430 763 2482 quae
775 2430 849 2466 nunc
861 2429 918 2465 non
930 2415 1027 2480 legan-

56 2483 351 2616 blhbablle.e¹⁵tilis⁵⁰
375 2485 440 2535 olim
462 2486 493 2533 in
516 2483 612 2535 codice
634 2485 681 2536 val
705 2488 812 2534 certum
836 2482 873 2532 sit
893 2479 1027 2533 veleatis

133 2634 221 2684 Uncis
239 2634 364 2685 rotundis
382 2632 477 2699 ((—))
498 2634 707 2700 circumscripta
726 2636 791 2685 sunt
808 2647 878 2697 quae
897 2633 1027 2685 librarios

56 2717 146 2754 errore
164 2701 292 2754 omisisse
309 2702 462 2767 putandum
479 2703 525 2753 sit.
1114 2702 1121 2717 '¹

126 2787 213 2837 Uncis
232 2787 378 2851 quadratis
396 2787 544 2853 geminatis
562 2783 665 2855 (Η)
684 2786 783 2838 notavi
801 2801 872 2851 quae
886 2802 978 2838 errore
996 2787 1026 2837 in

58 2855 180 2906 codicem
193 2855 352 2920 pervenisse
365 2855 586 2922 removendaque
605 2871 666 2906 esse
677 2855 835 2906 videantur.
866 2854 915 2905 Eis
933 2860 1027 2907 tamen

58 2939 136 3004 quae·
147 2922 183 2973 ad
201 2923 288 2975 solam
306 2923 531 2990 orthographiam
548 2924 690 2989 pertinent
707 2923 760 2974 hoc
778 2923 886 2990 signum
903 2938 959 2974 non
977 2938 1025 2988 ap·

57 3005 292 3110 posmlisteriscua
311 3055 346 3124 (³¹⁶)
366 3060 407 3111 eis
425 3059 570 3111 vocabulis
587 3059 771 3125 praepositus,
789 3058 930 3123 inquibus
948 3056 1026 3108 aliud

58 3124 196 3205 quoddam
213 3126 350 3189 mendum,
367 3127 507 3194 neglectis
524 3132 620 3178 tamen
636 3123 865 3193 orthographicis,
882 3127 913 3176 in
931 3125 1026 3176 codice

57 3197 251 3311 reperlraidddiis
268 3262 419 3314 minoribus
436 3277 503 3314 usus
521 3276 593 3326 eum,
616 3269 649 3315 ut
666 3278 700 3314 ea
718 3278 789 3328 quae
807 3276 896 3327 neque
914 3275 1025 3327 prorsus

58 3332 232 3378 evanuerunt
249 3344 339 3394 neque
358 3330 505 3396 perspicue
524 3335 636 3382 exstant
654 3330 836 3397 designarem.

132 3397 248 3447 Punctis
269 3397 298 3447 iu
319 3397 429 3450 lacunis
451 3414 580 3450 numerus
601 3398 760 3451 litterarum
782 3414 853 3464 quae
875 3397 1025 3449 intercide-

56 3464 295 3583 ppppapndicatur,
318 3480 398 3531 quem
420 3469 512 3517 tamen
526 3472 667 3529 ,exactum
684 3483 742 3520 non
758 3481 822 3519 esse
836 3467 907 3531 ipse.
918 3479 971 3512 rea
985 3465 1039 3508 ee-
