2340 3916
332 214 430 265 ΚΑΤΑ
448 210 783 264 ΑΡΙΣΤΟΓΕΙΤΟΝΟΣ.
1002 208 1045 276 55

77 375 136 457 κὸς
157 372 406 463 Ἀριστογείτων
429 367 528 463 αὑτῷ.
566 368 640 440 άντὶ
664 371 726 459 μέν
749 370 813 462 γάρ
840 374 902 441 τοῦ
925 374 1046 460 γονέας

77 474 116 552 εὖ
134 496 243 550 ποιεῖν
262 483 371 560 κακῶς
385 469 483 559 οὗτος
500 476 560 547 τὸν
575 480 698 547 ἑαυτοῦ
712 480 837 568 πατέρα
851 485 1045 567 πεποίηκεν·

77 587 131 658 ότε
155 585 186 656 δ’
208 584 302 675 ὑμεῖς
326 583 565 676 ἐστρατεύεσθε
587 583 722 672 πάντες,
752 576 850 667 οὗτος
872 576 916 673 ἦν
939 588 976 654 έν
998 588 1045 678 τῷ

78 701 306 784 δεσμωτηρίῳ·
338 694 501 761 τοσοῦτον
534 688 566 761 δ’
597 688 795 761 άπολέλοιπε
827 695 888 761 τοῦ
921 690 1046 782 πατρὸς

79 801 191 890 μνῆμά
218 828 250 868 τι
278 805 365 887 ἔχειν
394 790 420 866 ά
446 795 620 884 Ἀθηναῖοι
648 801 768 884 δείξαι,
797 795 875 868 ὥστ’
906 795 982 867 οὐδ’
1009 801 1046 866 έν

76 906 222 997 Ἐρετρίᾳ
248 908 311 975 τοῦ
338 902 462 995 πατρὸς
489 901 595 973 αὐτοῦ
626 904 883 993 τελευτήσαντος
911 906 980 975 ἐκεῖ
1005 902 1046 973 τά

79 1014 276 1101 νομιζόμενα
296 1015 452 1099 ἐποίησεν
466 1008 570 1102 αὐτῷ’
589 1014 658 1079 των
672 1008 705 1079 δ’
727 1009 838 1080 άλλων
854 1008 1045 1099 Ἀθηναίων

79 1120 304 1208 εἰσφερόντων
322 1122 358 1186 ἐκ
376 1121 445 1186 τῶν
464 1123 562 1186 ίδίων
576 1108 675 1198 οὗτος
694 1113 855 1186 οὐδένων
874 1123 1047 1206 δημοσίων

79 1229 134 1295 καί
158 1219 206 1295 ὧν
230 1218 342 1313 άφλεν
365 1222 402 1293 τδ
427 1220 592 1314 άργάριον
616 1221 706 1292 άπαν
729 1227 899 1293 ἐκτέτικεν.
935 1221 1047 1306 ὁπλάς
1067 1231 1099 1280 19

80 1331 112 1402 δ’
134 1339 253 1419 εἰπεῖν,
277 1334 412 1400 ἐναντία
434 1345 504 1410 τοῖς
527 1329 645 1418 νόμοις
668 1328 772 1400 άπασι
794 1331 950 1422 πράττων
974 1336 1046 1400 δια-

79 1442 232 1523 τετέλεκε,
250 1439 306 1507 καὶ
324 1439 445 1506 τοῦτον
460 1436 566 1524 μόνον
585 1433 654 1524 ἡέξ
670 1434 800 1527 Ἀρείον
814 1437 926 1524 πάγον
940 1435 1047 1525 βουλὴ

80 1543 194 1626 αὐτοῖς
217 1544 387 1633 ἐζητηκόσι
409 1545 464 1612 καὶ
489 1542 617 1612 είδόσιν
641 1539 891 1631 άποπέφαγκεν·
916 1541 958 1613 οὐ
982 1542 1047 1633 γάρ

79 1649 157 1742 παρ’
184 1655 309 1739 ἐκείνης
332 1646 426 1737 ὑμεῖς
448 1649 637 1738 πυθόμενοι
659 1653 781 1719 τοῦτον
805 1660 873 1718 ίστε
896 1648 1048 1738 πονηρόν

78 1761 135 1827 καὶ
159 1757 278 1827 άδικον
302 1754 398 1842 ὄντα,
423 1752 505 1824 άλλά
529 1759 665 1837 ἕκαστος
688 1752 784 1844 ὑμῶν
807 1753 952 1845 ἀκριβῶς
976 1754 1047 1825 οἶδε

80 1863 141 1952 τὴν
163 1865 286 1934 τούτου
309 1869 485 1952 πονηρίαν.
523 1859 607 1931 ὥστε
629 1861 667 1931 τό
686 1862 843 1944 πολλάκις
865 1862 1048 1950 λεγόμενον

81 1968 203 2059 άληθὲς
223 1977 328 2039 εἰπεῖν
347 1972 448 2054 ἐστιν,
467 1965 518 2037 ότι
536 1970 610 2057 περὶ
630 1968 691 2056 μὲν
708 1968 831 2038 τούτου
849 1966 912 2057 τὴν
930 1972 1048 2057 ψῆφον

79 2073 174 2165 ὑμεῖς
192 2079 323 2166 μέλλετε
342 2077 468 2165 φέρειν,
487 2076 561 2165 περὶ
581 2073 612 2144 δ’
634 2071 731 2163 ὑμῶν
749 2079 785 2145 ολ
800 2075 1048 2165 περιεστηκότες

79 2186 135 2252 καὶ
155 2188 191 2252 οί
207 2181 300 2252 άλλοι
319 2182 446 2263 πάντες.

161 2288 225 2359 Λιὸ
245 2291 300 2359 καὶ
320 2288 510 2378 σωφρόνων
528 2290 597 2357 ἐστὶ
617 2280 846 2375 δικαστων,
820 2317 845 2357 ω
862 2286 1047 2418 Ἀθηναῑρι,
1065 2309 1100 2357 20

79 2507 161 2571 πάσι
179 2518 249 2584 τοῖς
267 2500 380 2583 άλλοις
396 2498 598 2588 Ἀθηναίοις,
617 2497 684 2569 ἀλλ’
707 2497 930 2589 ὁμοθυμαδὸν
948 2528 1047 2569 κατα-

82 2611 337 2697 ψηφισαμένους
364 2608 491 2688 πάντας
519 2609 733 2696 παραδοῦναι
760 2620 830 2687 τοῖς
862 2608 914 2674 ἐπὶ
946 2609 1046 2675 τοῦτο

80 2718 290 2803 τεταγμένοις
307 2715 447 2805 θανάτῳ
467 2716 637 2803 ζημιῶσαι,
656 2711 770 2802 καὶμὴ
789 2713 957 2803 προέσθαι
976 2714 1047 2800 [καὶ

81 2820 125 2909 μὴ
148 2824 352 2911 προδοῦναι]
374 2819 437 2909 την
461 2816 559 2890 ὁσίαν
581 2821 638 2890 καὶ
665 2818 727 2908 τὴν
750 2817 893 2910 εὔορκον
921 2823 1049 2908 ψῆφον,

80 2985 147 3106 ww}
139 2984 255 3108 γρνέας
275 2989 301 3040 N
319 2985 354 3039 Ad
372 2989 439 3039 Bk..
463 2983 531 3049 τοὺς
549 2983 717 3055 γονέας-
748 2980 818 3040 οὐδὲ
837 2986 894 3039 τῶν
912 2988 937 3039 N
954 2988 1049 3037 Turn·

81 3073 116 3107 ov
184 3075 200 3107 ιι
219 3075 283 3109 των.

151 3128 192 3177 19.
230 3116 329 3184 αὐτοις
348 3126 461 3190 scripsi:
480 3127 601 3184 τοις.-
617 3121 773 3190 πονηρίαν]
793 3094 961 3190 μοχθηρίαν
980 3120 1051 3183 Αἰδ,

83 3193 154 3257 quod
172 3194 261 3257 praef.
280 3194 350 3244 Wm.
370 3191 435 3244 coll.
454 3192 535 3242 Phot.
554 3191 609 3243 lex.
627 3209 653 3258 p.
672 3194 738 3243 277.
761 3188 812 3242 κοιλ
835 3189 985 3257 μοχθηρία
1003 3158 1051 3240 ἐπὶ,

82 3259 134 3339 τῆς
153 3261 258 3320 κακίας
276 3255 420 3314 τέτακται.
439 3275 515 3312 ουτω
532 3260 612 3311 Δείν.
630 3259 666 3313 es
686 3276 712 3313 v
731 3257 1000 3324 1.Αιιι.4β4.-

84 3319 177 3393 άλλοι]
199 3323 228 3378 οί
246 3343 328 3393 supra
346 3344 373 3379 v.
393 3327 455 3377 add.
475 3343 549 3392 apr.
568 3324 614 3378 Ad.

150 3399 192 3446 20.
231 3394 418 3458 παραδοῦναι
436 3392 578 3471 (τοῦτον)
582 3409 643 3444 cum
662 3394 754 3445 Schm.
772 3394 875 3446 Mr.-
899 3384 947 3444 έπλ
966 3390 1052 3444 τοῦτο

83 3464 131 3514 NB
156 3469 185 3513 et
203 3465 225 3512 A
245 3479 315 3514 corr.
333 3465 428 3514 Turn·
456 3455 504 3514 ἐπὶ
526 3452 617 3532 τούτῳ
640 3462 748 3525 ZBk.,
776 3453 823 3512 έπλ
847 3475 950 3513 τοντον
973 3475 998 3512 v.
1018 3486 1051 3497 -

83 3529 145 3581 καὶ
142 3548 191 3597 μη
210 3529 372 3597 προδοῦναι
391 3529 444 3582 del.
457 3529 523 3584 mal.
535 3532 632 3580 Mr.-
650 3500 748 3580 ὁσίαν
753 3530 806 3580 Bk.
827 3530 857 3579 in
874 3528 944 3580 Add.
963 3528 1050 3579 Dobr.
