2340 3916
333 213 464 273 ΚΑΤΑ
484 214 860 273 ΚΤΗΣΙΦΩΝΤΟΣ.
1012 212 1072 274 165

127 375 218 445 δόται
232 373 487 460 τῶνἙλλήνων,
506 371 570 442 ἀπὸ
583 377 643 460 μὲν
655 382 711 459 τῆς
728 374 860 461 εἰρήνης
874 373 1080 463 ἀπετράπον-

126 502 173 560 το,
185 476 236 542 ἐπὶ
249 475 282 542 δὲ
294 471 355 560 τήν
367 473 550 558 παράταξιν
561 469 728 558 ὅρμησαν.

65 592 112 642 1ου
203 574 313 641 Ἔνθα
335 573 374 657 δή
397 574 452 639 καὶ
474 579 543 638 των
560 569 701 655 ἀγαθῶν
719 567 853 656 ἀνδρῶν
870 571 964 652 ἀξιόν
986 575 1076 639 ἐστιν

127 677 388 758 ἐπιμνησθῆναι,
412 667 470 749 οὓς
487 661 584 748 οὗτος
601 668 742 737 ἀθύτων
758 673 813 737 καὶ
830 668 1076 756 ἀκαλλιερήτων

127 769 234 837 ὄντων
245 777 313 837 τῶν
323 772 598 854 ίεροῖνὲκπέμψας
609 771 660 835 έκλ
671 766 907 855 τδνπρόδηλον
916 775 1075 838 κίνδυνον

127 870 284 955 ἐτόλμησε
301 885 368 947 τοῖς
384 870 558 953 δραπέταις
576 869 652 935 ποσλ
665 870 720 935 καὶ
732 869 899 935 λελοιπόσι
909 866 970 954 τήν
981 868 1075 947 τάξιν

128 967 254 1055 ἀναβάς
272 970 324 1036 ἐπὶ
341 964 520 1052 τόντάφον
538 973 606 1032 τῶν
616 967 895 1050 τετελευτηκότων
912 966 1074 1051 ἐγκωμιά-

128 1072 193 1144 ζειν
211 1062 272 1150 τήν
291 1068 427 1132 ἐκείνων
446 1062 575 1150 ἀρετήν.
610 1055 637 1131 ὦ
653 1062 736 1148 πρός
753 1063 813 1149 μὲν
830 1062 870 1130 τά
881 1066 1007 1151 μεγάλα
1020 1065 1075 1132 καὶ

129 1167 294 1229 σπουδαῖα
313 1163 448 1229 πάντων
470 1160 663 1244 ἀνθρώπων
679 1159 913 1248 ἀχρηστότατε,
936 1162 1018 1249 πρὸς
1039 1164 1075 1230 δὲ

128 1260 189 1346 τήν
201 1266 236 1328 έν
248 1276 315 1339 τοῖς
327 1264 437 1346 λόγοις
448 1262 574 1346 τόλμαν
584 1261 847 1346 θαυμασιώτατε,
859 1263 1075 1347 ἐπιχειρήσειν
1139 1266 1145 1273 ’

128 1360 295 1444 ἐθελήσεις
306 1357 422 1426 αὐτίκα
433 1360 537 1445 μάλα,
549 1363 681 1446 βλέπων
693 1365 738 1436 είς
749 1358 788 1426 τά
801 1358 929 1427 τούτων
940 1359 1075 1445 πρόσω-

129 1485 192 1543 πα,
217 1461 341 1544 λέγειν,
365 1457 410 1538 ἀς
421 1463 516 1526 δεῖσε
529 1461 580 1525 ἐπὶ
591 1473 662 1537 ταῖς
675 1467 732 1544 τῆς
749 1457 876 1537 πόλεως
888 1473 1076 1544 συμφοραῖς

129 1565 397 1642 στεφανοῦσθαι;
426 1555 484 1623 έάν
496 1554 528 1623 δ’
541 1549 637 1635 οὗτος
649 1559 743 1644 λέγη,
766 1554 860 1642 ὑμεῖς
870 1554 1074 1643 ὑπομενεῖτε,

127 1660 181 1725 καὶ
193 1667 474 1725 συναποθανεῖται
484 1671 551 1734 τοῖς
561 1654 812 1741 τελευτήσασιν,
836 1651 880 1732 ἀς
898 1661 998 1739 ἔοικε,
1022 1659 1075 1722 καὶ

62 1782 111 1834 ,53
126 1757 146 1844 ή
160 1755 300 1843 ὑμετέρα
311 1759 439 1844 μνήμης
461 1760 600 1843 γένεσθε
620 1757 661 1841 δή
680 1781 734 1840 μοι
747 1753 869 1840 μικρὸν
880 1755 1003 1841 χρόνον
1014 1753 1075 1842 τήν

129 1857 281 1923 διάνοιαν
299 1856 343 1941 μή
361 1859 398 1923 ἐν
417 1864 464 1944 τῷ
480 1860 698 1942 δικαστηρίῳ,
720 1851 789 1921 ἀλλ’
808 1858 845 1921 έν
861 1863 908 1944 τῳ
931 1855 1075 1943 θεάτρῳ,
1090 1871 1140 1927 541

128 1958 181 2022 καὶ
193 1954 346 2040 νομίσαθ’
354 1953 439 2041 ὁρᾶν
450 1954 608 2038 προϊόντα
618 1951 678 2020 τόν
689 1951 817 2038 κήρυκα
829 1956 884 2019 καὶ
895 1952 957 2040 τήν
967 1956 1003 2020 ἐκ
1015 1961 1077 2019 τοῦ

127 2062 336 2141 ψηφίσματος
344 2051 528 2141 ἀνάρρησιν
536 2055 723 2140 μέλλουσαν
730 2057 916 2136 γίγνεσθαι,
923 2054 977 2119 καὶ
985 2059 1076 2137 λογί-

129 2165 252 2239 σασθε,
276 2153 384 2241 πότερ’
398 2165 510 2223 οἴεσθε
527 2150 606 2231 τούς
617 2157 758 2229 οἰκείους
770 2158 839 2218 τῶν
854 2151 1075 2238 τελευτησάν-

128 2281 195 2321 των
212 2260 311 2321 πλείω
336 2255 465 2340 δάκρυα
488 2251 630 2339 ἀφήσειν
652 2253 704 2319 ε’πὶ
721 2264 792 2329 ταῖς
808 2255 1004 2341 τραγῳδίαις
1021 2255 1076 2318 καί

129 2368 195 2431 τοῖς
212 2351 367 2437 ήρωικοῖς
388 2354 511 2421 πάθεσι
531 2367 599 2430 τοῖς
619 2350 699 2437 μετά
723 2351 811 2418 ταῦτ’
829 2354 1030 2418 ἐπεισιοῦσιν
1053 2346 1075 2436 ή

61 2457 110 2507 154
129 2455 179 2519 ἐπὶ
192 2461 231 2538 τῇ
242 2461 299 2538 τῆς
311 2452 436 2529 πόλεως
448 2451 680 2537 ἀγνωμοσύνη.
703 2459 751 2526 τίς
764 2446 828 2533 γάρ
842 2446 904 2516 οὐκ
917 2445 960 2514 ἀν
971 2448 1076 2533 ἀλγή-

129 2572 217 2616 σειεν
239 2548 418 2634 ἀνθρωπος
437 2548 559 2633 Ἕλλην
584 2550 639 2614 καὶ
665 2549 857 2624 παιδευθεὶς
879 2549 1074 2633 ἐλευθέρως,

129 2647 356 2732 ἀναμνησθεὶς
367 2648 403 2712 έν
414 2656 460 2736 τῷ
471 2646 603 2735 θεάτρῳ
616 2645 723 2712 ἐκεῖνό
736 2671 783 2729 γε,
796 2649 826 2711 εί
836 2644 939 2729 μηδὲν
950 2646 1074 2727 ἕτερον,

129 2744 291 2832 ότιιαύτη
309 2745 387 2813 ποτὲ
404 2754 445 2832 τῇ
463 2743 567 2833 ήμέρῳ
585 2743 774 2830 μελλόντων
791 2740 900 2827 ὥσπερ
918 2746 994 2811 νυνὶ
1010 2751 1077 2810 τῶν

129 2849 310 2930 τραγῳδῶν
331 2854 523 2931 γίγνεσθαι,
546 2841 591 2912 ὅτ’
610 2841 781 2928 εὐνομεῖτο
800 2848 927 2928 μᾶλλον
943 2840 964 2929 ή
983 2842 1078 2919 πόλις

131 2947 184 3012 καὶ
202 2951 346 3029 βελτίοσι
365 2945 563 3028 προστάταις
582 2945 715 3029 έχρήτο,
737 2940 916 3028 προελθών
937 2940 955 3010 ὁ
974 2949 1077 3027 κήρυξ
1095 2960 1147 3017 542

131 3042 185 3107 καὶ
206 3040 501 3127 παραστησάμενος
520 3037 598 3118 τούς
615 3038 802 3125 ὀρφανούς,
826 3032 875 3106 οἷν
892 3045 926 3107 οί
942 3048 1079 3123 πατέρες

133 3130 216 3222 ἦσαν
227 3140 264 3205 ἐν
275 3144 320 3227 τῳ
333 3141 464 3229 πολέμῳ
477 3137 755 3224 τετελευτηκότες,
768 3145 962 3216 νεανίσκους
974 3163 1079 3206 ποι-νο-

131 3239 208 3320 πλίῳ
224 3239 506 3321 κεκοσμημένους,
524 3235 679 3321 ἐκήρυττε
689 3234 726 3301 τὸ
740 3234 915 3304 κάλλιστον
926 3236 1077 3322 κήρυγμα

131 3339 186 3401 καὶ
199 3337 527 3422 προτρεπτικώτατον
542 3336 625 3421 πρὸς
642 3333 780 3422 ἀρετήν,
802 3335 853 3404 ὅτι
870 3335 989 3403 τούσδε
999 3334 1078 3413 τούς

130 3444 342 3512 νεανίσκους,
367 3427 415 3501 (δυ
427 3439 461 3501 οί
469 3438 605 3521 πατέρες
617 3435 832 3520 ἐτελεύτησαν
842 3438 878 3502 ἐν
888 3442 934 3523 τῳ
946 3438 1076 3519 πολέμῳ
