2340 3916
153 189 215 252 160
503 186 759 246 ΑΙΣΧΙΝΟΤ

150 352 356 437 πέμπεσθαι,
378 357 476 417 τοῦτο
496 344 686 431 πεισόμενοι
703 346 759 412 καὶ
776 341 870 412 αὐτοὶ
881 341 1105 430 καὶηπατρὶς,

150 449 173 528 ὅ
195 477 227 517 τι
248 447 293 518 άν
313 453 428 539 ἐκείνῳ
451 447 545 536 δόξη,
569 447 625 515 καὶ
642 447 679 514 ἐν
695 453 737 532 τῇ
753 453 815 513 τοῦ
831 451 1034 530 κρατοῦντος
1051 447 1106 511 καί

153 553 422 635 προηδικημένου
432 543 617 633 μετριότητι
629 543 858 629 κριθήσονται.
887 540 952 630 ἡδ’
966 540 1106 665 ἡμετέρα
1123 560 1168 614 134

152 645 296 734 πόλις,“
278 675 298 734 η
311 648 405 767 κοιρὴ
418 671 592 732 καταφυγη
606 651 675 711 τῶν
682 641 866 729 Ἑλλήνων,
879 642 962 728 πρὸς
972 669 1016 727 ην
1027 641 1107 728 άφι-

110 826 112 831 ⁴
152 752 297 814 κνοῦντο
312 745 500 865 πρότερον
488 748 575 813 ἐκ
535 770 594 831 της
604 740 758 820 Ἑλλάδος
770 768 804 808 αι
796 745 953 858 ’πρεσβεῑ
954 769 1003 828 αι,
1022 740 1106 808 κατά

155 845 297 922 πόλεις”
278 866 410 912 εκαστοι
427 840 500 928 παρ’
513 840 615 963 ἡμων
626 867 688 927 την
701 849 866 957 σωτηρίαν
877 838 1105 965 εὑρησόμενοι,

154 950 220 1009 νῦν
238 941 349 1010 οὐκέτι
367 943 442 1028 περι
452 967 511 1028 της
527 947 594 1008 τῶν
606 936 806 1026 Ἑλλήνων
790 945 966 1025 ηγεμονίας
984 937 1108 1022 άγωνί-

152 1047 257 1128 ζεται,
281 1039 349 1110 ἄλλ’
361 1041 426 1128 ἤδη
442 1042 517 1125 περὶ
534 1066 596 1107 του
583 1047 670 1125 της
687 1043 845 1124 πατρίδος
862 1038 1017 1123 ἐδάφους.
1051 1039 1106 1103 καὶ

154 1138 250 1208 ταῦθ’
264 1139 343 1228 ἡμίν
358 1143 567 1228 συμβέβηκεν
578 1141 612 1220 ἐξ
626 1137 708 1206 ύτου
718 1141 941 1225 Δημοσθένης
952 1135 1033 1222 πρὸς
1044 1134 1107 1221 τὴν

156 1246 325 1306 πολιτείαν
339 1240 602 1325 προσελήλυθεν.
636 1231 675 1306 εὖ
691 1235 756 1324 γάρ
775 1240 849 1322 περὶ
865 1236 1107 1305 τῶντοιούτων

152 1335 303 1414 Ἡσίοδος
314 1334 331 1404 ὁ
343 1335 479 1423 ποιητὴς
490 1335 719 1422 ἀποφαίνεται.
751 1342 839 1422 λέγει
849 1336 912 1422 γάρ
924 1361 1007 1422 που,
1029 1360 1106 1402 παι-

157 1432 268 1500 δεύων
284 1432 324 1501 τά
344 1434 457 1520 πλήθη
474 1437 530 1504 καί
548 1435 790 1522 συμβουλεύων
805 1449 875 1513 ταῖς
896 1433 1012 1502 πόλεσι
1028 1431 1107 1510 τούς

157 1533 326 1621 πονηρούς
336 1543 405 1602 τῶν
416 1539 624 1622 δημαγωγῶν
635 1534 679 1621 μη
692 1537 941 1620 προσδέχεσθαι.
976 1536 1057 1613 λέξω
1071 1531 1107 1599 δὲ

156 1633 249 1720 κάγω
260 1631 299 1701 τά
311 1638 388 1720 ἔπη·
411 1632 466 1702 διά
484 1643 582 1703 τούτο
601 1632 771 1720 γάροδμαι
781 1638 900 1712 παῖδας
911 1631 1010 1711 όντας
1021 1629 1107 1719 ἡμᾶς
1123 1660 1168 1713 135

156 1731 214 1811 τάς
224 1740 292 1800 τῶν
303 1739 452 1819 ποιητῶν
463 1732 598 1819 γνάμας
609 1732 851 1819 ἐκμανθάνειν,
862 1730 902 1799 ἵν’
915 1729 1034 1814 άνδρες
1046 1727 1107 1798 όν-

155 1858 208 1911 τες
219 1830 332 1912 αύταίς
341 1832 509 1919 χρώμεθα.

199 1931 339 1999 πολλάκι
350 1930 390 2017 δη
404 1931 558 2017 ξύμπασα
568 1934 663 2011 πόλις
675 1940 782 2000 κακοῦ
792 1929 915 2016 άνδρὸς
927 1929 1072 2017 άπηύρα,

88 2051 141 2106 526
199 2029 236 2109 ός
247 2055 306 2098 κεν
317 2027 487 2119 άλιτραίνη
498 2032 553 2099 καὶ
564 2029 738 2099 άτάσθαλα
749 2029 962 2118 μηχανάαται.

199 2144 304 2196 τοῖσιν
316 2128 346 2196 δ’
361 2128 552 2213 ούρανόθεν
561 2128 630 2216 μέγ’
643 2130 786 2217 ἐπήγαγε
798 2137 889 2217 πῆμα
898 2134 1065 2214 Κρονίων,

199 2229 299 2313 λιμόν
309 2224 397 2313 ὁμοῦ
407 2231 460 2295 καὶ
474 2229 609 2315 λοιμόν,
628 2227 908 2316 ἀποφθινύθουσι
918 2231 954 2298 δὲ
964 2235 1055 2297 λαοί·

200 2324 222 2414 ἢ
233 2336 300 2396 τῶν
311 2355 348 2413 γε
360 2327 503 2414 στρατόν
514 2327 618 2414 εὐρύν
630 2327 803 2398 άπιόλεσεν
814 2325 836 2416 ἢ
848 2328 868 2399 ό
881 2355 919 2415 γε
929 2343 1044 2415 τεῖχος,

198 2423 221 2514 ἦ
232 2430 308 2507 νέας
321 2431 358 2495 ἐν
367 2427 480 2517 πόντῳ
492 2425 708 2496 άποτίνυυται
719 2424 869 2515 εὐρύοπα
879 2427 972 2506 Ζεύς.

157 2528 216 2596 ἐάν
229 2529 264 2598 δὲ
275 2529 482 2615 περιελόντες
493 2538 555 2598 τοῦ
566 2538 707 2617 ποιητοῦ
722 2530 759 2597 τὸ
771 2532 894 2617 μέτρον
906 2530 964 2608 τάς
974 2527 1109 2614 γνάμας
1129 2547 1168 2601 134

157 2630 335 2716 ἐξετάζητε,
354 2628 444 2717 οἶμαι
455 2628 536 2718 ύμίν
547 2632 657 2712 δόξειν
668 2629 709 2700 ού
723 2628 1050 2718 ποιηματαἩσιόδου
1062 2627 1109 2697 εἷ-

157 2755 229 2815 ναι,
252 2727 334 2798 άλλά
351 2731 502 2818 χρησμὸν
519 2737 565 2810 εἰς
583 2729 645 2816 την
661 2735 905 2819 Δημοσθένους
923 2732 1107 2796 πολιτείαν·

87 2848 140 2904 527
155 2829 210 2895 καὶ
221 2825 285 2913 γάρ
297 2828 436 2917 ναυτικὴ
445 2831 501 2897 καὶ
512 2827 589 2915 πεζὴ
603 2828 738 2913 στρατιά
749 2831 804 2897 καὶ
819 2828 931 2907 πόλεις
941 2827 1049 2914 άρδην
1060 2832 1109 2893 εί-

158 2927 211 2992 σίν
222 2923 473 3013 ἀνηρπασμέναι
482 2930 519 2996 ἐκ
530 2935 587 3013 τῆς
597 2927 720 2996 τούτου
730 2932 903 3004 πολιτείας.

87 3048 139 3103 ⁶30
237 3022 330 3110 Ἀλλ’,
354 3024 458 3112 οἶμαι,
480 3026 559 3094 οὔτε
583 3026 791 3112 Φρυνώνδας
811 3024 888 3094 ούτε
908 3023 1108 3110 Εὐρύβατος
1127 3042 1168 3100 13:

157 3123 224 3193 οὔτ’
237 3125 336 3204 ἄλλος
352 3124 461 3205 ούδελς
478 3128 611 3197 πάποτε
628 3135 697 3197 τῶν
707 3127 809 3197 πάλαι
825 3134 985 3213 πονηράν
994 3134 1108 3193 τοιοῦ-

157 3251 212 3304 τος
223 3225 327 3311 μάγος
339 3227 394 3294 καὶ
403 3226 485 3313 γόης
494 3229 640 3312 ἐγένετο,
653 3224 704 3314 ὃς,
724 3219 806 3314 ιόγῆ
817 3228 872 3295 καί
881 3226 957 3294 θεοὶ
967 3226 1023 3294 καλ
1034 3229 1110 3292 δαί-

157 3349 256 3408 μονες
267 3328 322 3391 καὶ
334 3321 527 3412 άνθρωποι,
546 3324 621 3394 ὅσοι
637 3325 804 3414 βούλεσθε
815 3320 1106 3409 άκούειυτάληθη,

156 3430 260 3511 τολμᾷ
272 3423 381 3507 λέγειν
393 3425 525 3510 βλέπων
543 3429 588 3503 είς
599 3421 638 3490 τά
650 3422 813 3509 πρόσωπα
823 3422 863 3489 τά
879 3419 1039 3508 ύμέτερα,
1063 3417 1108 3496 ως
