2340 3916
152 202 195 262 55
570 188 699 240 ΙΣΑΙΟΤ
1020 186 1074 237 On.
1091 188 1118 241 4.

151 396 211 436 τον
228 366 289 454 μέν
306 360 363 443 τάς
382 360 544 450 διαθήκας
562 377 714 447 σκοπεῖν,
740 366 770 429 εἰ
788 362 922 427 δοκοῦσι
944 360 1119 446 γενέσθω·

151 470 249 535 τοῦτο
266 463 329 553 γάρ
347 469 432 531 οἵτε
449 461 543 550 νόμοι
562 464 730 530 αἰτοῦνται
748 462 803 528 καλ
818 457 1023 528 δικαιότατόν
1041 460 1117 527 ἐστι.

94 577 134 629 23
151 564 195 655 μή
214 569 327 653 σαφοῦς
342 565 379 632 δέ
395 559 470 651 μήτ’
490 558 611 640 αύτούς
628 559 689 647 τήν
701 557 862 647 άλήθειαν
881 557 1021 645 εἰδότας,
1038 556 1121 646 μήτε

151 670 220 735 των
237 662 413 754 μαρτύρων
435 667 496 731 τοῦ
511 658 764 747 τελευτήσαντος
789 663 983 747 ἐπιτηδείων
999 655 1119 745 όντων,

153 762 236 834 άλλά
253 762 423 854 Χαριάδου
446 766 508 831 τοῦ
524 758 697 849 τάλλότρια
714 762 918 847 βουλομένου
936 766 1070 846 λαβεῖν,
1087 766 1126 827 τί

153 861 195 935 άν
220 876 270 953 εἴη
295 860 499 951 δικαιότερον
521 857 542 948 ή
564 877 632 940 τοῖς
659 864 833 947 συγγενέσι
857 857 897 928 τά
920 863 980 928 τοῦ
1003 879 1122 945 σνγγε·

153 970 233 1044 νοῦς
256 971 474 1051 ψήφίζεσθαι;
499 959 634 1048 καὶγὰρ
654 971 687 1029 εῖ
700 990 729 1029 τι
748 965 819 1028 οἵδε
838 965 981 1046 ἔπαθον,
1005 954 1119 1029 ούδενλ

153 1061 195 1133 άν
213 1062 300 1153 άλλφ
319 1058 339 1148 ή
361 1060 572 1153 Νικοστράτῳ
589 1058 629 1128 τά
646 1059 773 1130 τούτων
792 1062 933 1146 ἐγένετο·
958 1055 1040 1128 κατά
1057 1056 1121 1149 γάρ

152 1160 190 1232 τό
207 1159 290 1231 αύτό
313 1166 409 1248 γένος
427 1156 469 1229 άν
486 1158 701 1249 ήμφισβήτει,
725 1156 859 1243 άνειγιδς
882 1156 929 1229 τόν
953 1156 1066 1240 αῦτοῖς
1086 1162 1123 1229 ἐκ

100 1286 136 1336 ‘24
153 1265 402 1351 πατραδέλφων.
432 1259 493 1330 M&
510 1259 567 1330 Δί’
587 1258 658 1329 ἄλλ’
677 1258 740 1330 οῦκ
758 1267 848 1329 ἔστιν
865 1257 1025 1348 δ”Αγνων
1040 1256 1120 1330 οὐδ’

153 1358 361 1448 όἍγνόθεος
378 1365 439 1430 τοῦ
455 1359 683 1449 Νικοστράτου
701 1378 889 1449 συγγενεῖς,
915 1357 959 1441 άς
982 1366 1017 1430 οἱ
1031 1356 1122 1431 άντί-

155 1467 244 1530 δικοί
267 1482 385 1549 φασιν,
413 1458 486 1530 ἀλλ’
515 1465 626 1551 ἕτεροι.
672 1469 784 1530 ἔπειτα
809 1466 857 1554 τῷ
881 1463 942 1550 μὲν
960 1459 1042 1530 κατά
1060 1460 1122 1549 τήν

155 1559 250 1630 δόσιν
281 1565 342 1629 τοῦ
373 1561 496 1649 κλήρου
527 1561 658 1649 λαχόντι
684 1566 925 1652 μαρτυροῦσιν,
962 1558 1057 1630 αὐτοὶ
1085 1562 1123 1631 δέ

153 1659 235 1729 κατά
266 1660 302 1730 τό
328 1664 422 1748 γένος
449 1658 511 1730 οῦκ
537 1659 859 1749 άμφισβητήσονσιν;
883 1662 887 1748 λ
911 1657 951 1730 οῦ
981 1659 1045 1751 γάρ
1073 1668 1122 1743 εἰς

152 1758 250 1830 τοῦτό
265 1790 305 1848 γε
322 1759 435 1842 άνοίας
452 1759 590 1849 ἥκουσιν
609 1758 692 1830 ὥστε
709 1761 943 1841 πιστεύσαντες
959 1778 1032 1841 ταῖς
1051 1766 1123 1831 δια·

152 1859 274 1946 θήκαις
291 1859 377 1931 οὕτω
396 1867 518 1952 ῥαδίως
535 1860 703 1930 τοσούτων
720 1861 895 1950 χρημάτων
913 1858 1120 1949 ἀφίστανται.

155 1955 237 2027 άλλά
254 1958 320 2047 μήν
337 1964 391 2028 καὶ
411 1965 441 2043 ἐξ
461 1951 508 2029 άν
526 1959 619 2030 αὐτοὶ
637 1951 728 2030 οῦτοι
746 1965 894 2049 λέγουσι,
913 1960 1034 2031 τούσδε
1051 1978 1124 2043 τοῖς

154 2063 350 2145 συγγενέσιν
378 2057 488 2139 αὐτοῖς
516 2060 769 2130 ἐπιδικάσασθαι
795 2064 955 2149 συμφέρει
972 2065 1040 2131 των
1058 2072 1121 2131 Νι-

101 2174 136 2225 25
154 2156 335 2245 κοστράτου
360 2162 484 2246 μάλλον
510 2154 530 2246 ή
557 2159 736 2248 Χαριάδιγν.
784 2168 830 2240 εἰς
848 2159 909 2250 γάρ
927 2159 986 2230 τόν
1003 2158 1124 2232 λοιπόν

154 2255 290 2344 χρόνον,
319 2264 348 2325 εἰ
371 2260 433 2345 μὲν
458 2265 530 2327 οἵδε
555 2258 636 2329 κατά
661 2258 697 2329 τό
723 2263 817 2348 γένος
835 2257 1122 2348 άμφισβητοῦντες

154 2354 313 2443 λήψονται
339 2355 398 2426 τόν
424 2362 562 2447 κλήρου,
597 2362 717 2441 ἐξέσται
745 2364 800 2429 καὶ
825 2358 969 2447 τούτοις,
994 2356 1122 2433 ὁπόταν

154 2453 356 2544 βούλωνται,
383 2455 465 2526 κατά
490 2457 526 2527 τό
551 2462 645 2546 γένος
672 2465 828 2547 λαχοῦσιν
855 2464 1012 2542 ἐπιδεῖξαι
1037 2456 1122 2551 ῦμῖν

155 2552 199 2635 ὡς
226 2553 318 2626 αὐτοὶ
346 2560 508 2646 ἐγγυτέρω
534 2549 619 2646 ἦσαν
645 2564 704 2629 τοῦ
734 2558 974 2648 Νικοστράτου,
1002 2557 1122 2642 καλάς

154 2664 304 2745 Σμίκρου
331 2648 373 2743 ἦν
400 2661 453 2726 καὶ
480 2655 520 2727 ού
548 2658 781 2747 Θρασυμάχου·
811 2658 868 2729 ἐάν
895 2662 932 2728 δὲ
949 2660 1121 2749 Χαριάδης

155 2751 266 2824 αύτων
292 2756 537 2846 κληρονομήσῃ,
564 2756 625 2827 οῦκ
652 2766 739 2827 ἐσται
758 2756 872 2829 οῦδενλ
892 2777 1051 2847 συγγενεῖ
1067 2764 1121 2831 ἐπὶ

154 2852 195 2922 τά
212 2856 441 2942 Νικοστράτου
461 2862 580 2926 ἐλθεῖν.
617 2858 698 2927 κατά
717 2859 811 2929 δόσιν
828 2858 891 2948 γάρ
911 2868 1041 2949 ἔχοντος
1059 2865 1122 2931 τοῦ

156 2958 465 3043 έπιδεδικιισμείιου,
493 2966 527 3025 τί
550 2962 735 3045 φανοῦνται
760 2964 909 3048 λέγοντες
935 2966 970 3029 οἱ
984 2960 1067 3031 κατά
1083 2958 1121 3031 τό

154 3058 249 3139 γένος
267 3054 499 3144 λαγχάνοντες;

100 3172 137 3225 26
223 3151 324 3243 Ὅπερ
348 3150 389 3224 άν
416 3147 480 3226 οῦν
498 3154 665 3246 καλάμων
684 3164 817 3240 ἕκαστος
835 3158 1002 3242 άξιάσειε,
1021 3166 1120 3233 τοῦτο

154 3256 210 3321 καὶ
227 3259 370 3324 τουτοισὶ
388 3274 456 3337 τοῖς
473 3266 657 3339 νεανίσκοις
673 3259 885 3347 βεβαιωσατε.
915 3264 1120 3351 παρέσχοντο

155 3350 188 3423 δ’
212 3350 294 3443 ῦμῖν
317 3355 484 3445 μάρτυρας
507 3363 638 3447 πρῶτον
661 3362 722 3448 μὲν
751 3357 795 3441 ῦς
817 3358 951 3443 άνεψιοί
973 3369 1060 3431 εἰσιν
1083 3365 1120 3433 ἐκ

153 3459 395 3546 πατραδέλφων
418 3459 662 3551 Νικοστράτου,
694 3468 805 3530 ἔπειτα
829 3462 866 3530 δέ
891 3457 935 3541 τός
968 3458 1119 3533 ούδεπά-
