2340 3916
120 198 161 263 88
488 193 728 265 [ιαεοιαιον]

123 340 292 429 διατριβαὶ
312 338 376 408 ούκ
396 341 432 408 ἐν
450 354 521 420 τοῖς
539 345 740 426 γυμνασίοις
753 337 830 408 άλλ’
848 341 885 409 έν
902 354 974 419 τοῖς
992 345 1088 409 δικα-

122 449 268 532 στηρίοις
289 448 374 530 είσί,
393 442 450 510 καὶ
469 440 708 531 στρατεύονται
724 440 786 528 μέν
805 445 842 510 οί
856 441 1090 530 πρεσβύτεροι,

123 547 354 633 δημηγοροῦσι
378 542 415 612 δὲ
440 547 477 612 οἱ
499 543 673 633 νεώτεροι,
705 546 950 632 παραδείγματι
978 543 1090 636 τούτῳ

121 647 307 737 χρώμενοι,
327 641 364 724 ὃς
381 645 582 732 τηλικαύτας
601 660 743 713 ποιεῖται
759 646 828 713 τῶν
841 644 1091 735 ἁμαρτημάτων

120 747 329 837 ύπερβολάς,
348 744 433 815 ὥστε
450 748 527 835 περὶ
544 748 613 823 τῶν
632 753 778 834 Μηλίων
797 748 935 836 γνώμην
953 745 1086 835 άποφη-

121 850 266 938 νάμενος
285 849 637 936 ἐξανδραποδίζεσθαι,
655 848 837 936 πριάμενος
853 864 1003 936 γυναῖκα
1019 852 1090 917 τῶν

106 950 346 1040 ,αίημαλάτων
364 949 446 1018 υίδν
472 949 504 1030 ἐξ
530 948 635 1036 αύτης
662 956 855 1038 πεποίηται,
880 947 917 1030 ὃς
936 949 1090 1041 τοσούτω

122 1051 412 1142 παρανομωτέροις
440 1057 614 1138 Αἰγίσθου
646 1053 805 1138 γέγονεν,
838 1049 916 1120 ὥστ’
952 1055 988 1120 ἐκ
1018 1055 1089 1120 τῶν

123 1158 289 1242 ἐχθίστων
318 1151 475 1239 άλληλοις
506 1154 656 1239 πέφυκε,
687 1154 744 1222 καὶ
774 1155 844 1221 τῶν
871 1153 1088 1223 οἰκειοτάτων

121 1254 267 1345 ύπάρχει
284 1253 377 1345 αὐτῷ
397 1253 438 1322 τά
458 1261 578 1340 ἔσχατα
596 1254 677 1334 τούς
695 1253 758 1342 μὲν
773 1256 989 1343 πεποιηκέναι
1005 1254 1088 1334 τούς

69 1373 103 1421 23
121 1356 159 1427 δέ
182 1357 397 1425 πεπονθέναι.
433 1352 526 1436 άξιον
549 1355 587 1425 δδ
611 1356 673 1443 την
694 1355 822 1444 τόλμαν
846 1355 954 1425 αύτού
978 1358 1087 1445 σαφέ-

122 1480 241 1546 στερον
266 1465 314 1527 ἔτι
337 1462 494 1527 διελθεῖν.
538 1461 574 1526 ἐκ
600 1457 724 1545 ταύτης
750 1457 815 1546 γάρ
847 1463 1089 1527 παιδοποιεῖται

124 1564 183 1647 τῆς
201 1558 374 1647 γυναικός,
392 1555 434 1646 ἣν
452 1557 526 1627 ἀντ’
548 1559 730 1646 ἐλευθέρας
749 1560 877 1647 δούλην
895 1561 1088 1646 κατέστησε,

120 1663 177 1732 καὶ
194 1652 234 1749 ἧς
251 1658 312 1730 τὸν
330 1662 458 1749 πατέρα
476 1661 533 1728 καὶ
551 1660 634 1740 τούς
653 1661 884 1750 προσήκοντας
902 1659 1087 1747 ἀπέκτεινε,

119 1765 176 1842 καὶ
194 1754 233 1850 ἦς
250 1763 312 1850 τὴν
330 1763 430 1831 πόλιν
448 1761 638 1830 ἀνάστατον
657 1770 857 1852 πεποίηκεν,
884 1762 930 1842 ως
948 1758 991 1830 διν
1016 1762 1084 1850 μά·
1141 1845 1145 1854 Ι

121 1875 216 1934 λιστα
233 1864 294 1932 τὸν
308 1863 388 1933 υίδν
408 1864 533 1952 ἐχθρὸν
553 1865 662 1956 ἑαυτῷ
680 1865 737 1932 καὶ
755 1867 796 1953 τῇ
813 1864 907 1933 πόλει
925 1864 1087 1952 ποιήσειε·

120 1967 299 2044 τοσαύταις
318 1964 481 2051 άνάγκαις
499 1973 716 2054 κατείληπται
731 1981 850 2053 μισεῖν.
894 1964 970 2035 ἀλλ’
989 1963 1090 2053 ύμεῖς

123 2071 160 2137 ἐν
182 2066 245 2155 μὲν
268 2081 342 2146 ταῖς
367 2070 572 2157 τραγῳδίαις
596 2069 735 2135 τοιαῦτα
757 2071 971 2156 θεωροῦντες
994 2068 1087 2136 δεινά

120 2175 285 2257 νομιζετε,
311 2167 493 2254 γιγνόμενα
517 2165 550 2236 δ’
577 2171 615 2237 ἐν
641 2171 682 2256 τῇ
708 2168 803 2238 πόλει
819 2167 965 2258 δρῶντες
979 2167 1089 2239 οὐδέν

121 2276 320 2357 φροντιζετε.
357 2276 465 2338 καίτοι
489 2272 601 2339 ἐκεῖνα
618 2267 681 2358 μὲν
698 2268 762 2339 ούκ
782 2273 966 2340 ἐπίστασθε
983 2271 1087 2339 πότε-

121 2398 182 2463 ρον
200 2369 290 2440 ούτω
307 2372 481 2459 γεγένηται
497 2365 518 2458 ἢ
536 2373 722 2440 πέπλασται
739 2371 809 2440 ύπδ
836 2373 906 2440 τῶν
924 2374 1087 2460 ποιητῶν·

120 2476 228 2543 ταῦτα
247 2473 285 2542 δὲ
302 2475 420 2559 σαφῶς
438 2472 564 2552 εἰδότες
582 2471 673 2542 οὕτω
697 2475 916 2562 πεπραγμένα
934 2474 1088 2563 παρανό-

70 2593 103 2642 24
121 2603 191 2664 μως
214 2575 379 2666 ῥᾳθύμως
404 2576 533 2664 φέρετε.
583 2576 678 2663 Πρὸς
709 2573 747 2644 δέ
776 2574 908 2654 τούτοις
938 2579 1092 2663 τολμάσί

120 2703 207 2758 τινες
233 2678 310 2767 περὶ
334 2675 441 2744 αύτοῦ
466 2677 575 2762 λέγειν
601 2675 646 2757 άς
671 2675 755 2746 ον’δέ
779 2678 956 2764 γεγένηται
972 2675 1089 2755 ούδεὶς

121 2779 256 2847 πώποτε
272 2779 432 2856 τοιούτος.
471 2777 536 2864 ε’γεδ
562 2776 600 2846 δὲ
617 2785 741 2866 νομίζω
763 2779 902 2866 μέγιστα
919 2777 1006 2846 κακά
1024 2777 1088 2862 τὴν

121 2880 220 2948 πόλιν
237 2878 307 2948 ύπδ
326 2879 450 2946 τούτου
469 2885 657 2966 πείσεσθαι,
675 2882 732 2948 καὶ
749 2879 956 2967 τηλικούτων
974 2903 1086 2968 πραγ-

120 2981 235 3069 μάτων
260 2987 308 3060 είς
331 2978 392 3049 τὸν
419 2980 538 3048 λοιπὸν
563 2981 688 3069 χρόνον
714 2970 823 3051 αἴτιον
847 2981 976 3069 δόξειν,
1001 2977 1086 3049 ὥστε

120 3083 250 3172 μηδένα
265 3084 334 3150 τῶν
349 3080 522 3171 προτέρων
535 3080 964 3172 άδικημάτωνμεμνησθαι·
983 3081 1087 3151 άνέλ-

120 3204 239 3254 πιστον
257 3184 322 3273 γάρ
341 3181 444 3252 οὐδὲν
461 3183 522 3252 τὸν
539 3184 602 3271 τὴν
619 3183 727 3275 ἀρχὴν
744 3187 806 3254 τού
823 3192 904 3273 βίον
928 3184 1088 3272 τοιαύτην

156 3375 164 3395 Ι
187 3318 229 3370 22.
247 3309 492 3382 παρανομωτέρως
514 3316 561 3366 Ra
584 3309 827 3381 παρανομώτατος
849 3315 933 3377 ΑΒΖ;
957 3330 1087 3380 παρανο-

119 3399 244 3502 ww
257 3401 350 3501 galim
376 3396 450 3504 δύτω
476 3443 650 3535 παρανόμως
672 3444 860 3517 πεπραγμένα
886 3443 1028 3521 ὅγδύμως
1054 3466 1087 3514 φ.

187 3520 230 3572 24.
249 3511 303 3585 έγά
322 3514 367 3578 δέ]
385 3519 480 3571 malim
498 3512 576 3588 καγδ
589 3514 633 3572 δέ.
651 3546 683 3556 -
703 3511 842 3583 πρότερον
851 3517 912 3603 ΖΜ.
930 3544 963 3554 -
