2340 3916
132 186 173 248 62
552 178 683 230 ιεισου
991 177 1046 231 02.
1063 180 1094 231 ε.

131 356 187 422 καὶ
212 349 293 421 οὐδέ
318 348 400 421 κατά
430 346 467 420 τό
495 349 662 439 ἐλάχιστον
686 352 783 439 μέρος
808 352 865 436 τής
890 346 1092 439 οίκειότητος

132 456 225 522 ἐλέου
251 448 329 543 παρ’
358 447 463 521 αὐτοῦ
481 458 613 540 ἔτυχον,
640 446 713 519 ἀλλ’
732 445 873 539 ὀρφανοὶ
899 453 954 519 καὶ
973 457 1090 541 ἔρημοι

131 556 186 623 καὶ
204 554 341 640 πένητες
357 550 529 641 γενόμενοι
546 549 681 621 πάντων
704 552 761 621 καὶ
777 552 844 620 τιόν
862 547 941 621 καθ’
960 546 1090 642 ἡμέραν

132 659 326 741 ἐπιτηδείων
351 643 437 741 ήσαυ
463 656 597 732 ἐνδεεῖς.
637 647 742 731 οὕτως
767 646 888 731 αὕτοδς
912 654 1089 741 Δικαιογέ-

129 784 189 842 νης
206 749 319 824 οὑτοσὶ
338 750 502 840 ἐγγυτάτω
528 748 576 821 ἀν
592 753 709 839 γένους
728 748 959 840 ἐπετρόπευεν
982 748 1020 833 ὅς
1036 780 1088 843 γε,

130 852 151 923 δ
167 855 228 944 μὲν
245 850 262 923 ὁ
280 852 385 943 πατήρ
404 850 516 933 αὐτοῖς
533 849 725 940 Θεόπομπος
742 853 909 940 κατέλιπε,
926 869 995 932 τοῖς
1013 850 1089 923 τού-

129 985 197 1025 των
224 958 355 1044 ἐχθροῖς
381 955 590 1042 παρέδωκεν,
618 947 639 1020 ἀ
666 953 703 1021 δέ
720 947 738 1020 ό
756 949 837 1040 πρός
855 950 976 1043 μητρός
993 964 1091 1035 θεῖος

130 1057 184 1124 καὶ
210 1049 228 1123 ὁ
254 1052 385 1134 πάππος
411 1050 522 1134 αὐτοῖς
549 1060 690 1139 ἔδωκεν,
719 1047 817 1131 αὐτός
843 1049 998 1141 ἀφείλετο
1025 1050 1092 1145 πρό

80 1158 111 1209 1¹
132 1161 233 1241 δίκης.
270 1158 325 1223 καὶ
342 1151 362 1224 δ
378 1152 512 1224 πάντων
539 1151 743 1240 δεινότατον,
770 1149 831 1239 τήν
848 1160 959 1223 οίκίαυ
976 1150 1092 1225 αὐτῶν

131 1253 191 1343 τήν
208 1252 379 1347 πατρῴαν,
398 1261 529 1325 παίδων
550 1251 656 1324 όντων
674 1251 817 1349 τούτων,
837 1251 1015 1343 πριάμενος
1033 1256 1090 1325 καὶ

131 1353 340 1439 κατασκάψας
357 1352 415 1425 τόν
439 1357 545 1443 κήπου
572 1352 744 1441 ἐποιήσατο
763 1351 843 1443 πρός
861 1358 903 1443 τῇ
920 1348 1026 1424 αὖτοῦ
1042 1362 1089 1425 οί-

130 1463 186 1547 κίᾳ
203 1459 245 1544 πή
262 1458 297 1526 ἐν
315 1453 413 1525 ἀστει.
442 1458 497 1526 καί
515 1453 693 1544 λαμβάνων
704 1462 871 1543 μίσθωσιν
882 1451 1091 1543 ὀγδοήκοντα

130 1559 213 1645 μνάς
240 1559 275 1625 ἐκ
300 1560 367 1626 των
384 1559 621 1644 Λικαιογένους
637 1559 698 1626 τοῦ
714 1550 872 1644 ἡμετέρου
896 1563 994 1625 θείου
1011 1583 1090 1646 χρη-

130 1656 257 1746 μάτωυ,
290 1653 347 1727 τόν
381 1660 509 1726 ἐκείνου
540 1653 746 1745 ἀδελφιδοῦν
777 1652 1012 1744 Κηφισόδοτον
1043 1659 1092 1750 τῷ

131 1760 254 1826 ἑαυτοῦ
277 1754 414 1849 ἀδελφῷ
425 1752 587 1850 Ἀρμοδίφ
614 1758 825 1845 συνέπεμψεν
852 1762 898 1836 είς
915 1754 1091 1845 Κόρινθον

129 1854 202 1927 ἀντ’
222 1854 426 1927 ἀκολούθου·
455 1863 501 1937 είς
527 1861 622 1927 τοῦτο
640 1853 769 1945 ὕβρεως
787 1857 842 1925 καὶ
860 1862 993 1946 μιαρίας
1011 1852 1090 1944 ἀφί-

129 1984 212 2027 κετο.
257 1961 312 2026 καί
338 1955 419 2045 πρὸς
444 1973 512 2036 τοῖς
530 1954 640 2036 ἀλλοις
662 1973 774 2037 κακοῖς
791 1954 944 2039 ὀνειδίζει
961 1960 1018 2026 καὶ
1038 1960 1089 2045 ἐγ-

129 2065 225 2125 καλεῖ
249 2054 340 2148 αὐτῷ
366 2053 416 2125 ὅτι
444 2054 587 2144 έμβάδας
604 2060 658 2126 καὶ
677 2063 824 2145 τρίβωνα
842 2074 955 2147 φορεῖ,
976 2053 1090 2145 ὥσπερ

128 2152 348 2244 ἀδικούμευός
373 2184 403 2223 τι
424 2163 452 2224 εί
471 2155 614 2243 ἐμβάδας
632 2156 860 2243 Κηφισόδοτος
878 2174 992 2247 φορεῖ,
1012 2154 1087 2227 ἀλλ’

128 2252 190 2323 οὐκ
216 2253 343 2324 ἀδικεῖν
368 2252 417 2324 ότι
443 2251 645 2344 ἀφελόμενος
672 2252 773 2326 αὐτόν
799 2254 839 2325 τά
865 2255 945 2327 όντα
962 2260 1090 2346 πένητα

129 2362 318 2443 πεποίηκεν.

78 2466 110 2517 12
202 2451 297 2525 Ἀλλά
329 2453 394 2544 μήν
420 2459 495 2544 περὶ
522 2455 648 2526 τούτων
674 2455 817 2526 τοσαῦτά
842 2486 896 2545 μοι
924 2455 1090 2547 εἰρήσθω·

129 2552 279 2626 πόλινδ’
301 2554 448 2646 ἐπάνειμι
466 2552 548 2627 ὅθεν
574 2553 741 2626 ἀπέλιπον.
778 2560 963 2639 Μενέξενος
989 2554 1091 2650 γάρό

129 2660 393 2745 Κηφισοφῶντος
410 2655 494 2744 υίός,
513 2652 647 2738 ἀνεψιός
665 2651 712 2726 ἀν
730 2655 949 2750 Κηφισοδότῳ
967 2660 1091 2752 τουτῳὶ

129 2758 184 2823 καὶ
203 2759 276 2843 ἐμοί
280 2810 289 2843 ‚
309 2759 364 2825 καὶ
383 2761 550 2846 προσήκων
567 2752 659 2848 αὐτῷ
674 2760 735 2824 τοῦ
752 2755 875 2847 κλήρου
893 2760 990 2847 μέρος
1007 2754 1091 2829 ὅσον

129 2880 190 2943 περ
209 2858 282 2943 ἐμοί
289 2909 298 2943 ,
328 2855 453 2946 ἐπεξῄει
479 2872 548 2935 τοῖς
566 2854 895 2947 καταμαρτυρήσασιν
920 2853 1015 2947 ἡμων
1033 2862 1090 2931 καὶ

129 2957 257 3024 ἐκείνου
283 2954 323 3025 τά
350 2962 475 3044 ψευδή,
503 2958 557 3024 καὶ
585 2954 747 3045 Λύκωνα,
775 2952 815 3026 ὅν
840 2984 902 3047 περ
931 2955 1089 3048 εἰσήγαγε

127 3058 259 3144 πρῶτον
286 3063 333 3136 είς
358 3054 395 3125 τό
423 3053 651 3144 δικαστήριον,
678 3061 795 3126 τοῦτον
815 3053 917 3127 εἷλεν·
935 3053 971 3137 δς
991 3062 1090 3151 ἐμαρ

127 3153 251 3244 τόρησε
283 3158 505 3243 Αικαιογένην
537 3157 717 3244 ποιηθῆναι
743 3154 800 3227 τόν
825 3159 890 3227 νῦν
915 3154 996 3228 ὅντα
1021 3156 1090 3230 ὑπό

126 3258 188 3325 τοῦ
212 3264 309 3326 θείου
335 3259 396 3325 τοῦ
420 3250 580 3347 ἡμετέρου
608 3254 684 3326 υίόν
712 3259 764 3326 ἐπὶ
787 3260 885 3328 παντί
902 3260 950 3351 τῷ
965 3258 1088 3353 κλήρῳ.

76 3369 109 3424 18
126 3355 338 3447 μαρτυρήσας
359 3356 516 3427 δὲταῦτα
536 3356 620 3425 ἑάλω
638 3362 943 3447 ψευδομαρτυριῶν.
974 3358 1091 3449 ἐπειδή

127 3457 397 3544 δέΔικαιογένης,
426 3446 454 3525 ἀ
470 3455 607 3548 ἀνδρες,
626 3453 734 3527 οὐκέτι
757 3453 842 3547 δμάς
861 3456 1000 3531 δύναται
1018 3464 1090 3545 έξα·
