2340 3916
147 193 209 256 112
508 194 765 253 ΑΙΣΧΙΝΟΤ

147 362 206 423 ναί
211 381 268 442 μοι
280 359 413 439 νομίζω·
427 351 565 439 ποῦγόιρ
576 348 598 439 ἢ
605 351 685 420 πότε
693 347 835 438 αύτῶνιῖ
842 349 926 434 πρὸς
933 358 1034 439 τίνας,
1048 377 1116 419 πα-

150 448 411 539 ραλιπύντήνδε
422 449 483 538 την
493 449 637 538 ἡμέραν,
655 450 908 537 μνησθησομαις
932 457 968 519 ἐκ
983 455 1115 519 παίδων

148 550 210 636 μέν
220 548 284 637 γάρ
297 548 495 635 α’παλλαγεὶς
506 555 683 633 περίπολος
703 558 761 635 τῆς
777 550 886 635 χώρας
903 549 1024 635 ταύτης
1042 552 1118 635 έγε-

148 649 256 736 νόμην
274 646 331 716 δύ’
343 654 414 735 ἔτη,
438 650 492 716 καὶ
509 648 640 716 τούτων
655 644 735 733 ὑμῖν
745 646 824 726 τούς
835 646 1048 734 συνεφήβους
1059 653 1115 716 καὶ

76 763 130 821 330
143 745 222 826 τούς
248 746 410 833 ἄρχοντας
432 744 529 833 ἡμῶν
555 747 726 833 μάρτυρας
748 749 944 832 παρέξομαι·
975 745 1112 833 πρύτην
1133 761 1166 818 16

151 845 182 914 δ’
195 845 342 926 ἐξελθών
360 853 534 932 στρατείαν
549 843 612 931 τὴν
622 848 659 912 έν
675 859 743 923 τοῖς
759 847 872 931 μέρεσι
888 851 1112 932 καλουμένην,

77 964 128 1020 331
147 948 201 1015 καὶ
212 948 508 1032 συμπαραπέμπων
520 942 601 1030 μετά
613 952 680 1011 τῶν
693 941 881 1032 ἡλικιωτῶν
897 946 1030 1013 καὶτῶν
1040 943 1113 1013 Ἀλ-

147 1043 301 1131 κιβιάδον
313 1047 417 1122 ξένων
427 1041 489 1130 την
500 1049 545 1121 είς
557 1050 725 1111 Φλιοῦντα
735 1041 976 1131 παραπομπήν,
993 1045 1113 1112 κινδύ-

147 1167 211 1210 νου
222 1143 411 1228 συμβάντος
421 1141 500 1228 ἡμῖν
511 1144 586 1223 περὶ
596 1140 820 1228 τηνΝεμεάδα
831 1145 1041 1229 καλουμένην
1052 1169 1113 1228 χα-

151 1244 280 1328 ράδραν
297 1241 403 1320 οὕτως
419 1241 650 1330 ἠγωνισάμην,
673 1241 757 1310 ύστε
774 1240 841 1310 ὑπὸ
858 1251 926 1310 των
936 1239 1113 1329 ἡγεμόνων

149 1345 369 1409 ἐπαινεῖσθαι·
390 1343 444 1408 καλ
454 1338 687 1420 τάςάλλαςτάς
696 1345 732 1409 έκ
743 1346 897 1426 διαδοχῆς
908 1341 1044 1420 ἐξόδους
1055 1343 1113 1419 τάς

77 1462 130 1519 382
146 1448 183 1513 έν
204 1454 272 1517 τοῖς
293 1439 480 1525 ἐπωνύμοις
502 1442 557 1507 καὶ
574 1454 642 1518 τοῖς
658 1442 793 1526 μέρεσιν
809 1443 967 1527 ἐξῆλθον,
985 1443 1040 1508 καὶ
1051 1440 1114 1527 την
1129 1451 1170 1506 16

148 1548 185 1610 έν
217 1547 403 1628 Μαντινείᾳ
431 1540 540 1626 μάχην
566 1540 841 1627 συνεμαχεσάμην
873 1538 936 1607 ούκ
971 1546 1113 1626 αίσχροός

150 1637 225 1707 οὐδ’
239 1637 379 1718 ἀναξίως
397 1647 454 1724 τῆς
470 1637 613 1723 πόλεως,
636 1640 691 1705 καὶ
708 1637 766 1715 τάς
785 1644 830 1717 είς
840 1639 992 1726 Εὔβοιαν
1010 1661 1112 1725 στρα-

148 1745 236 1817 τείας
252 1738 538 1824 ἐστρατευσάμην,
561 1740 615 1804 καὶ
631 1735 694 1824 τὴν
711 1739 747 1805 έν
768 1739 936 1824 Ταμύναις
952 1739 1062 1824 μάχην
1076 1743 1112 1806 έν

150 1853 218 1918 τοῖς
228 1842 406 1917 ἐπιλέκτοις
418 1836 524 1915 οὕτως
535 1835 769 1923 ἐκινδύνευσα,
785 1835 870 1905 ὥστε
881 1836 978 1906 κάκεϊ
986 1857 1110 1924 στεφα-

148 1943 302 2023 νωθῆναι
315 1938 370 2004 καὶ
382 1941 481 2017 δεῦρο
493 1934 587 2021 ἥκων
598 1936 699 2003 πάλιν
710 1934 777 2003 ύπό
788 1943 849 2004 τοῦ
861 1937 987 2024 δήμου,
1005 1937 1067 2023 τήν
1077 1965 1112 2005 τε

78 2050 133 2106 883
151 2042 248 2128 νίκην
258 2042 316 2118 τῆς
333 2036 461 2111 πόλεως
479 2031 696 2119 άπαγγείλας,
720 2035 775 2101 καὶ
788 2040 968 2121 Τεμενίδου
979 2042 1041 2102 τοῦ
1054 2043 1112 2122 τῆς

149 2137 371 2210 Πανδιονίδος
400 2131 575 2216 ταξιάρχου
602 2134 657 2200 καὶ
686 2134 1021 2220 συμπρεσβεύσαντος
1043 2133 1108 2203 άπὸ

151 2233 376 2315 στρατοπέδου
395 2257 451 2316 μοι
474 2233 566 2316 δευρὶ
587 2232 663 2313 περὶ
677 2230 738 2298 τόν
753 2232 937 2318 γενόμενον
947 2238 1110 2302 κίνδυνον

148 2325 217 2408 οἷος
233 2323 277 2415 ἦν
294 2328 562 2415 ἀπαγγείλαντος.
592 2328 643 2396 ὅτι
660 2331 696 2398 δὲ
713 2332 824 2417 ἀληθῆ
840 2336 940 2418 λέγω,
962 2336 1045 2421 λαβέ
1056 2359 1113 2420 μοι
1128 2354 1170 2411 17

147 2437 245 2495 τοῦτο
262 2425 298 2495 τό
317 2428 489 2515 ψήφισμα,
512 2430 566 2496 καὶ
583 2428 676 2497 κάλει
693 2427 752 2497 τόν
767 2437 948 2519 Τεμενίδην
965 2432 1111 2512 καλτούς

147 2532 491 2613 συνεστρατευμένους
501 2555 557 2613 μοι
567 2526 625 2607 τάς
636 2526 720 2648 ὑπὲρ
731 2537 789 2614 τῆς
802 2529 929 2608 πόλεως
940 2539 1111 2615 στρατείας

77 2640 131 2697 334
144 2654 200 2694 και
189 2626 421 2695 Φωκίωνα
388 2655 447 2695 τον
460 2625 661 2713 στρατηγόν,
674 2627 771 2713 μη’πω
784 2630 993 2717 συνηγορον,
1011 2627 1055 2698 άν
1063 2659 1108 2718 μη

146 2727 277 2806 τούτοις
289 2733 453 2816 συνδοκῇ,
466 2725 533 2793 ἄλλ’
546 2725 746 2795 ὑπεύθυνον
757 2754 802 2794 τω
814 2730 1011 2819 συκοφάντῃ
1023 2732 1110 2816 μάρ-

146 2853 245 2910 τυρα,
258 2825 318 2895 ἐάν
330 2827 499 2913 ψεύδηται

372 2933 614 3016 ΨΗΦῙΣῙΜΑἸ
626 2935 888 2997 ΜΑΡΤΤΡΙΑΙ

223 3011 443 3152 Ἀπαγγείλας
458 3031 574 3093 τοίνυν
586 3052 714 3110 πρωτος
725 3056 788 3114 την
800 3037 858 3114 τῆς
870 3030 998 3108 πόλεως
1012 3038 1109 3117 νίκην
1124 3049 1155 3104 17

148 3120 228 3207 ὑμῖν
244 3126 298 3190 και
313 3150 376 3208 την
394 3151 462 3191 των
479 3130 609 3193 παίδων
625 3153 693 3194 των
713 3124 883 3213 ὑμετέρων
894 3129 1108 3214 κατόρθωσιν

148 3223 284 3310 πρωτην
301 3223 426 3311 ταύτην
442 3224 528 3311 ὑμᾶς
545 3226 670 3295 άπαιτῶ
681 3230 793 3314 χάριν,
813 3256 876 3314 την
886 3238 949 3297 τού
959 3230 1109 3316 σώματος

148 3329 330 3408 σωτηρίαν,
353 3321 394 3390 ού
411 3325 592 3411 μισόδημος
612 3322 677 3412 όν,
703 3326 746 3406 ιός
762 3348 865 3414 φησιν
881 3325 899 3396 ὁ
915 3330 1107 3416 κατήγορος,

147 3417 231 3486 άλλά
256 3422 495 3509 μισοπόνηρος,
519 3422 559 3490 ού
577 3423 655 3504 τούς
674 3429 918 3512 Δημοσθένους
940 3424 1025 3512 ὑμᾶς
1045 3429 1108 3495 ούκ
