2340 3916
129 213 171 274 94
552 202 682 254 12A10T
723 227 726 235 ·
989 201 1041 253 οε.
1062 205 1089 254 7.

129 376 299 447 στούντων
317 379 376 467 ἐμέ
389 403 424 446 τε
442 372 503 446 ούιι
514 371 743 465 ἀγνοούντων,
761 372 811 444 ὅτι
828 364 871 462 ἦν
890 377 921 456 ἐξ
939 370 1090 463 ἀδελφῆς

129 474 221 570 αύτῷ
242 475 404 565 γεγονός,
430 475 635 568 ἐγγράφουσί
653 503 695 565 με
719 482 765 556 εἰς
787 471 824 544 τό
847 472 961 545 κοινόν
983 503 1089 565 γραμ-

129 594 264 667 ματεῖον
281 576 504 667 ψηφισάμενοι
521 576 660 665 πάντες,
688 577 860 655 ἐπιθέντος
879 578 1008 646 ἐκείνου
1025 573 1090 663 τὴν

129 686 241 749 πίστιν
258 675 339 749 καθ’
359 680 467 769 ἱερῶν.
503 681 557 747 καλ
576 674 663 747 οὕτω
680 677 741 765 μὲν
758 671 824 746 ὑπό
842 678 960 759 ζωντος
979 675 1089 764 ἐποιη-

128 791 214 867 θην,
233 781 288 848 καὶ
306 787 352 859 είς
370 776 406 849 τό
424 775 536 848 κοινόν
553 794 776 869 γραμματεῖον
794 775 981 867 ἐνεγράφην
1000 776 1089 867 Θρά-

129 890 248 960 συλλος
271 876 537 968 Ἀπολλοδώρου,
564 880 787 966 ποιησαμένου
805 905 845 950 με
864 881 994 947 ἐκείνου
1011 881 1089 947 τού-

129 1008 188 1050 τον
212 977 270 1049 τόν
295 977 432 1069 τρόπον,
459 981 526 1049 των
550 977 663 1067 νόμων
689 974 780 1071 αύτῷ
798 976 1000 1048 δεδωκότων.
1033 973 1091 1058 Ὡς

132 1077 165 1148 δ’
184 1076 295 1167 ἀληθῆ
312 1081 413 1168 λέγω,
433 1080 518 1167 λαβέ
531 1108 585 1168 μοι
603 1076 660 1159 τάς
677 1087 867 1169 μαρτυρίας.

502 1243 714 1295 ΜΑΡΤΤΡΙΑῙ.

80 1393 112 1446 18
207 1381 307 1470 Οἶμαι
332 1374 521 1471 τοίνυν,
492 1412 518 1452 ω
545 1382 682 1474 ἀνδρες,
709 1387 834 1473 μᾶλλον
858 1378 901 1452 ἀν
917 1378 1002 1472 ἀμάς
1020 1389 1101 1499 τοῖςχ

128 1481 394 1574 μεμαρτυρηκόσι
425 1483 609 1573 πιστεύειν,
643 1486 699 1554 καὶ
730 1489 849 1563 οιτινες
875 1487 943 1553 ταῖν
967 1479 1103 1574 ὁμοίως

128 1581 363 1702 προσηκόντων
400 1589 507 1674 ἔργοις
537 1612 689 1675 φανερως
721 1583 1012 1707 μεμαρτυρήκασιν
1043 1581 1089 1666 ὡς

131 1687 255 1764 ἐκεῖνος
275 1712 380 1754 ταυτα
401 1681 512 1774 ὀρθῶς
536 1687 590 1754 καὶ
613 1683 696 1755 κατά
717 1683 794 1765 τούς
818 1683 940 1774 νόμους
958 1689 1086 1776 ἔπραξε.

129 1789 283 1855 κατέλιπε
305 1783 369 1876 γάρ
393 1783 539 1865 Εὔπολις
562 1790 750 1876 θυγατέρας
770 1783 848 1874 δύο,
871 1782 996 1874 ταύτην
1013 1813 1049 1855 τε
1067 1782 1090 1874 ἢ

127 1888 193 1956 νύν
218 1882 421 1978 ἀμφισβητεῖ
443 1889 499 1956 καὶ
525 1885 696 1976 Προνάπει
719 1903 884 1974 συνοικεῖ,
911 1888 967 1955 καὶ
983 1883 1090 1974 ἀλλην

127 1981 170 2073 ἢν
188 1993 284 2076 ἔσχεν
302 1994 461 2075 Αἰσχίνης
478 1983 495 2057 ὁ
513 1985 694 2075 Λουσιεύς,
721 1983 743 2075 ἢ
759 1984 989 2074 τετελεύτηκεν
1012 1985 1090 2058 υίόν

78 2100 110 2152 19
127 2083 234 2176 ἀνδρα
250 2082 316 2175 ἤδη
327 2090 565 2177 καταλιποῦσα,
577 2086 826 2179 Θρασύβουλον.
854 2093 921 2156 ἔστι
940 2088 978 2156 δὲ
986 2085 1089 2177 νόμος

128 2183 180 2274 ὃς,
206 2183 263 2256 έάν
286 2183 430 2275 ἀδελφός
453 2182 627 2279 ὁμοπάτωρ
650 2185 749 2268 άπαις
772 2186 952 2277 τελευτήσῃ
969 2189 1025 2257 καί
1043 2186 1090 2277 μὴ

129 2290 342 2376 διαθέμενος,
367 2285 428 2375 τήν
449 2314 486 2356 τε
507 2284 659 2376 ἀδελφὴν
679 2283 757 2377 ὁμοί
756 2316 817 2377 ως,
842 2282 905 2358 κάν
923 2291 955 2371 ἐξ
975 2290 1088 2379 ἑτέρας

128 2379 383 2476 ἀδελφιδους
360 2415 382 2475 η
411 2386 571 2477 γεγονός,
584 2395 790 2512 ἰσομοίρους
817 2416 885 2458 των
912 2387 1090 2479 χρημάτων

18 2500 21 2505 ’
128 2496 313 2577 καθίστησι.
355 2491 530 2581 καὶτοῦτο
553 2485 616 2558 ούκ
638 2485 866 2612 ἀγνοούμενόν
891 2492 979 2560 ἐστιν
1004 2485 1089 2560 ούδὲ

128 2585 211 2680 παρ’
229 2586 343 2671 αὐτοῖς
359 2586 495 2671 τούτοις.
532 2586 674 2713 ἔργφ
634 2619 697 2681 γαρ
715 2579 807 2660 οὗτοι
821 2586 981 2713 φανερόν
989 2593 1089 2661 τούτο

57 2716 60 2721 ·
128 2687 339 2777 πεποιηκασι·
358 2692 419 2760 τού
430 2687 497 2812 γάρ
515 2687 802 2772 Ειύπόλιδοςυίέος
818 2687 958 2772 ἀπαιδος
974 2687 1089 2760 Ἀπολ-

128 2788 278 2879 λοδοόρου
300 2788 557 2912 τελευτήσαντος
580 2788 620 2860 τά
642 2787 763 2881 ημίσεα
781 2789 1019 2882 Θρασυβουλος
1042 2801 1089 2860 ελ-

128 2898 250 2978 ληφεν,
284 2886 398 2970 ούσίας
429 2892 486 2960 καὶ
517 2891 777 2964 πεντεταλάντου
810 2898 1089 2981 καταλειφθείσης

76 3004 110 3056 20
128 2994 259 3080 ῥαδίως.
300 2988 463 3083 πατρωίων
484 2982 612 3114 μὲν
568 3020 633 3064 ουν
660 2997 716 3064 καὶ
739 2991 891 3082 ἀδελφοῦ
911 2991 1089 3116 χρημάτων

127 3086 164 3160 τό
182 3101 255 3160 ίσον
278 3087 390 3171 αὐτοῖς
415 3087 433 3161 ὁ
458 3090 557 3182 νόμος
574 3111 748 3184 μετασχεῖν
767 3099 921 3164 δίδωσιν
946 3089 1090 3175 ἀνεψιοῦ

129 3194 183 3280 δέ,
202 3194 258 3260 καὶ
277 3203 310 3261 εί
322 3219 371 3273 τις
389 3196 450 3276 ἔξω
467 3192 588 3283 ταύτης
610 3199 667 3282 τῆς
685 3202 879 3283 συγγενείας
898 3198 1004 3282 ἐστίν,
1023 3190 1088 3263 ούκ

128 3245 218 3380 λσόν,
245 3289 328 3362 ἀλλά
353 3295 521 3385 προτέροις
545 3311 615 3375 τοῖς
641 3293 755 3385 ἄρρεσι
778 3323 845 3365 των
861 3299 1009 3383 θηλειων
1024 3322 1087 3382 την

127 3389 315 3483 ἀγχιστείαν
341 3403 507 3484 πεποίηκε.
554 3399 642 3483 λέγει
671 3394 735 3487 γάρ
768 3412 925 3486 ,κρατεῖν
949 3397 987 3466 δὲ
1008 3391 1086 3474 τούς

127 3490 268 3586 ἄρρενας
286 3497 342 3565 καὶ
358 3493 435 3576 τούς
454 3500 491 3565 ἐκ
507 3498 574 3567 τοῖν
591 3493 758 3587 ἀρρένων,
778 3505 812 3566 οἳ
827 3490 869 3566 ἀν
888 3500 923 3566 έκ
938 3500 1009 3566 τοῖν
1027 3491 1085 3566 αύ-
