2316 3900
150 246 211 309 134
494 246 742 303 ΑΙΣΧΙΝΟΤ

225 407 316 474 Ἔστι
346 405 381 473 δέ
408 403 594 473 ὑπόλοιπόν
615 430 671 490 μοι
692 406 791 490 μέρος
811 411 869 488 τῆς
889 411 1099 490 κατηγορίας,
1115 416 1148 470 49

150 505 205 591 ἐφ’
219 498 397 594 ᾦμάλιστα
408 504 597 585 σπουδάζω·
620 511 718 571 τοῦτο
738 507 776 570 δέ
790 508 878 570 ἐστιν
890 501 910 590 ἡ
922 504 1101 590 πρόφασις,

151 603 195 671 δι’
213 601 255 689 ἣν
272 601 375 671 αύτόν
393 601 477 682 άξιοῖ
493 610 750 687 στεφανοῦσθαι.
773 604 860 687 λέγει
869 601 933 686 γάρ
945 601 1052 681 οὕτως
1065 604 1102 669 έν

151 710 197 790 τῷ
214 708 413 787 ψηφίσματι·
440 705 518 785 ,καί
535 698 595 767 τόν
612 700 742 786 κη’ρυκα
757 697 977 784 ἀναγορεύειν
997 704 1035 768 ἐν
1056 708 1102 787 τῷ

151 797 284 886 θεάτρῳ
296 797 380 880 πρὸς
393 801 472 877 τούς
481 797 652 884 Ἕλληνας,
664 795 714 864 ὅτι
726 812 887 882 στεφανοῖ
895 794 1029 866 αύτόυὸ
1043 802 1103 882 δῆ-

152 921 212 980 μος
225 892 241 960 ὁ
254 902 322 962 τῶν
335 894 523 982 Ἀθηναίων
534 893 651 982 άρετῆς
668 897 763 962 ἕνεκα
774 896 828 961 καὶ
840 893 1103 981 άυδραγαθίας,“

83 1005 135 1060 439
152 998 206 1060 καὶ
222 995 258 1060 τό
278 996 446 1079 μέγιστον·
462 993 537 1082 ,,ὃ’τι
556 998 698 1061 διατελεῖ
712 997 818 1077 λέγων
829 995 883 1060 καὶ
895 994 1051 1077 πράττων
1062 989 1100 1059 τά

153 1090 270 1172 ἄριστα
281 1099 326 1179 τῷ
338 1091 465 1182 δήμφ.“
476 1090 603 1170 ἁπλοῦς
613 1091 654 1176 δὴ
663 1088 899 1159 παντάπασινὸ
910 1089 993 1177 μετὰ
1002 1099 1104 1157 ταῦτα
1118 1102 1149 1153 50

153 1187 231 1274 ἡμῖν
243 1190 341 1272 λόγος
352 1197 513 1275 γίγνεται,
535 1191 591 1257 καὶ
607 1186 686 1275 ὑμῖν
704 1187 866 1256 άκούσασι
876 1203 989 1272 κρῖναι
1000 1187 1103 1274 εύμα·

153 1287 234 1372 θης·
258 1291 309 1355 δεῖ
322 1286 387 1372 γάρ
400 1287 440 1373 δή
452 1313 518 1355 που
529 1288 589 1353 τόν
599 1286 660 1372 μέν
670 1294 922 1373 κατηγοροῦντα
932 1288 989 1373 ἐμὲ
1002 1284 1101 1356 τοῦθ’

155 1384 235 1471 ὑμῖν
255 1385 497 1471 ἐπιδεικνύναι,
526 1383 571 1464 ὥς
593 1386 675 1453 είσὶυ
697 1390 732 1453 οί
756 1383 838 1453 κατά
861 1389 1105 1471 Δημοσθένους

155 1488 282 1550 ἔπαινοι
292 1488 424 1563 ψευδεῖς
437 1487 491 1551 καὶ
503 1484 546 1563 ως
563 1481 634 1552 οὔτ’
647 1482 767 1570 ἤρξατο
779 1487 888 1568 λέγειν
899 1483 938 1552 τά
952 1488 1104 1570 βέλτιστα

156 1579 232 1648 ούτε
249 1588 314 1648 νῦν
332 1586 471 1649 διατελεῖ
487 1582 641 1664 πράττων
657 1580 697 1648 τά
716 1584 928 1668 συμφέροντα
940 1589 985 1670 τῷ
1000 1583 1103 1670 δήμῳ.

155 1675 219 1747 κάυ
230 1677 320 1746 τοῦτ’
344 1680 508 1765 ἐπιδείξω,
522 1685 655 1758 δικαίως
666 1679 707 1765 δη’
719 1705 785 1746 που
796 1679 857 1765 τὴν
869 1678 1005 1768 γραφὴν
1016 1679 1104 1748 ἁλό-

156 1797 246 1845 σεται
263 1783 461 1863 Κτησιφῶν·
482 1777 625 1857 ἅπαντες
641 1775 704 1863 γάρ
725 1778 991 1861 άπαγορεύουσιν
1003 1784 1038 1846 οέ
1046 1778 1105 1847 νό-

155 1900 211 1959 μοι
229 1877 353 1959 μηδένα
370 1879 477 1960 ψευδῆ
491 1875 665 1962 γράμματα
680 1875 858 1961 ἐγγράφειν
875 1880 912 1942 ἐν
922 1891 991 1956 τοῖς
1002 1882 1105 1964 δημο-

157 1978 239 2050 σίοις
264 1980 459 2059 ψηφίσμασι.
493 1983 540 2063 τῷ
567 1971 597 2042 δ’
627 1971 884 2063 ἀπολογουμένῳ
907 1971 1104 2042 τούναντίου

87 2085 140 2138 440
154 2069 276 2135 τούτου
284 2072 430 2137 δεικτέον
441 2075 538 2139 ἐστίν.
551 2068 644 2157 ὑμεῖς
653 2069 684 2139 δ’
696 2069 776 2159 ἡμῖν
788 2078 904 2140 ἔσεσθε
915 2082 982 2141 τῶν
994 2074 1105 2159 λόγων

156 2172 269 2250 κριταί.
289 2172 352 2251 ἔχει
365 2166 395 2234 δ’
410 2168 524 2246 οὕτως.

238 2263 317 2348 Ἐγώ
326 2265 385 2333 τόν
396 2265 456 2352 μέν
467 2273 543 2352 βίον
553 2265 614 2334 τόν
623 2271 865 2354 Δημοσθένους
873 2271 1031 2351 ἐξετάζειν
1041 2298 1103 2356 μα-
1118 2284 1145 2338 51

156 2366 317 2451 κροτέρου
334 2365 438 2450 λόγου
455 2371 554 2451 ἔργον
569 2365 713 2453 ἡγοῦμαι
730 2367 822 2436 εἶναι.
846 2375 880 2436 τί
893 2367 957 2455 γάρ
977 2375 1029 2438 δεῖ
1040 2378 1103 2438 νῦν

156 2471 259 2528 ταῦτα
278 2464 402 2549 λέγειν,
423 2458 501 2549 ἦτά
518 2467 592 2550 περὶ
610 2462 672 2550 τὴν
689 2472 751 2532 τοῦ
768 2465 953 2551 τραύματος
969 2466 1103 2554 γραφὴν

158 2559 249 2648 αὐτῷ
266 2562 514 2648 συμβεβηκότα,
538 2561 588 2630 ὅτ’
607 2562 771 2647 ἐγράψατο
791 2562 978 2647 εἰς”Αρειον
995 2566 1103 2650 πάγον

158 2665 357 2744 Δημομέλην
368 2659 427 2726 τὸυ
436 2664 582 2727 Παιανιᾶ
607 2659 747 2741 άνεψιόν
757 2660 838 2729 όυτα
850 2663 966 2751 ἑαυτῷ,
979 2664 1034 2730 καὶ
1045 2660 1103 2748 τὴν

159 2765 215 2840 της
231 2763 377 2842 κεφαλῆς
393 2757 566 2844 ἐπιτομήν·
590 2754 612 2843 ἢ
630 2757 669 2826 τά
692 2761 766 2842 περὶ
786 2761 847 2846 τὴν
868 2762 1104 2847 Κηφισοδότου

158 2863 354 2938 στρατηγίαν
367 2857 420 2922 καὶ
431 2857 491 2924 τόν
501 2867 569 2924 τοῖν
580 2866 667 2924 νεῶν
679 2865 825 2926 ἔκπλουν
836 2857 896 2927 τόν
912 2866 958 2939 είς
967 2857 1103 2947 Ἑλλήσ-

158 2968 291 3036 πουτον,
302 2949 356 3018 ὅτε
364 2950 409 3030 εἷς
417 2948 463 3020 τόν
470 2956 977 3044 τῶντριηράρχωυΔημοσθένης
985 2960 1102 3026 καὶπε-
1116 2967 1145 3020 52

159 3049 283 3135 ριάγων
300 3050 360 3117 τόν
378 3053 562 3139 στρατηγόν
578 3057 632 3123 ἐπὶ
642 3062 699 3140 τῆς
710 3057 794 3134 νεως
804 3057 858 3122 καὶ
870 3063 1039 3123 συσσιτῶν
1050 3057 1102 3122 καί

159 3146 322 3213 συνθύων
334 3151 387 3216 καὶ
399 3153 611 3237 συσπένδων,
624 3154 678 3218 καὶ
695 3153 824 3218 τούτων
837 3149 990 3230 άξιωθεὶς
1001 3150 1054 3219 διά
1065 3148 1100 3217 τό

89 3269 140 3323 441
161 3245 316 3331 πατρικὸς
329 3245 420 3337 αύτῷ
433 3256 527 3333 φίλος
537 3249 630 3334 εἶναι,
643 3248 706 3317 ούκ
720 3249 869 3336 ὤκνησεν
881 3246 940 3316 ἄπ’
953 3255 1101 3335 εἰσαγγε-

158 3350 228 3419 λίας
238 3341 341 3409 αὐτοῦ
353 3348 553 3429 κρινομένου
569 3348 642 3431 περὶ
652 3347 805 3415 θανάτου
816 3345 999 3432 κατήγορος
1009 3351 1102 3434 γενέ·
