2340 3916
131 174 173 236 68
484 175 737 235 ΑΙΣΧΙΝΟΤ
841 164 844 178 ¹

130 330 172 397 οὐ
185 335 438 423 μεταλαμβάνει.
462 332 518 399 καὶ
535 329 638 398 ταῦθ’
657 329 749 418 ὑμεῖς
762 333 904 414 άπαντες
915 345 992 402 ίστε.
1016 333 1081 403 ὑπό
1100 348 1131 399 15

131 428 167 495 δὲ
177 429 256 509 τούς
268 428 390 509 αὐτοὺς
401 426 707 512 καιροδςὍλυνθος
719 429 806 517 ήλω,
819 435 874 500 καὶ
885 435 1002 501 πολλοὶ
1015 440 1085 500 τῶν

62 545 115 601 ποθ
129 523 298 613 ἡμετέρων
311 528 608 615 ἐγκατελήφθησαν
619 536 774 614 πολιτῶν,
788 522 837 597 οἷν
847 524 891 616 ήν
900 529 1085 618 Ἰατροκλῆς

130 622 381 713 ὁἘργοχάρους
398 624 541 710 ἀδελφὸς
561 629 615 693 καὶ
635 625 809 712 Εάκρατος
831 625 849 694 ὁ
872 636 1084 716 Στρομβίχου

131 724 212 802 υἱός.
236 724 320 810 ὑπὲρ
339 724 374 790 δὲ
390 725 520 792 τούτων
537 730 705 810 ἱκετηρίαν
714 731 833 805 θέντες
844 732 878 794 oc
887 734 1001 795 οἰκεῖοι
1012 731 1085 796 ἐδέ-

130 847 207 890 οντο
216 821 311 907 ὑμῶν
325 824 511 907 ἐπιμέλειαν
521 824 734 908 ποιήσασθαι.
747 827 974 910 παρελθόντες
985 825 1013 894 δ
1020 825 1084 892 αό-

129 936 198 999 τοίς
220 921 433 1007 συνηγόρουν
454 922 660 1008 Φιλοκράτης
676 924 730 990 καὶ
747 927 985 1009 Δημοσθένης,
1008 921 1101 992 ἀλλ’·

131 1020 193 1088 οὐκ
204 1027 369 1107 Αἰσχίνης.
388 1023 442 1088 καὶ
453 1025 618 1106 πέμπουσι
630 1021 838 1109 πρεσβευτήν
848 1021 1085 1108 Ἀριστόδημον

130 1119 190 1187 τὸν
201 1117 386 1206 ὑποκριτήν
400 1121 483 1206 πρὸς
495 1127 661 1188 Φίλιππον
673 1118 726 1187 διά
744 1119 806 1206 τήν
822 1129 949 1206 γνωσιν
958 1122 1014 1188 καὶ
1026 1147 1084 1206 φι-

130 1227 350 1305 λανθρωπίαν
379 1230 438 1306 τής
458 1223 581 1306 τέχνης.
615 1217 659 1298 ὦς
682 1217 713 1286 δ’
744 1219 920 1305 ἐπανήκων
941 1217 1005 1286 άπό
1026 1226 1084 1305 τής
1100 1236 1132 1289 16

62 1343 115 1395 201
131 1317 333 1406 πρεσβείαςὸ
347 1317 581 1404 Ἀριστόδημος
589 1319 643 1385 διά
655 1345 746 1396 τινας
757 1316 912 1404 ἀσχολίας
923 1314 965 1385 οό
977 1338 1083 1405 προσ-

129 1420 181 1508 ήει
194 1416 278 1503 πρός
291 1417 352 1506 τήν
365 1416 510 1504 βουλήν,
533 1414 607 1485 ἀλλ’
626 1423 776 1502 ἔφθασεν
788 1414 891 1483 αὐτὸν
899 1413 1084 1502 Ἰατροκλῆς

131 1515 244 1585 ε’λθων
266 1520 303 1586 ἐκ
326 1523 539 1595 Μακεδονίας
562 1514 700 1602 α’φεθεὶς
721 1514 786 1584 ὑπὸ
809 1522 977 1584 Φιλίππου
1000 1514 1084 1583 άνευ

130 1617 262 1702 λύτρων
274 1617 465 1702 [γενόμενος
476 1615 707 1701 αίχμάλωτος],
718 1612 857 1681 ἐνταῦθ’
869 1612 1084 1700 ἠγανάκτουν

132 1718 263 1799 πολλοὶ,
285 1714 337 1784 ότι
354 1712 417 1801 τήν
434 1720 613 1800 πρεσβείαν
625 1711 687 1780 οὐκ
699 1710 898 1798 άπήγγειλεν
909 1710 1084 1797 ὁἈριστό-

130 1809 852 1903 δημος,τούςαὐτούςλόγουςάκοόοντεςτοδ
861 1808 1084 1893 Ἰατροκλέους

130 1915 205 1998 περὶ
239 1920 301 1980 τοῦ
322 1920 498 1980 Φιλίππου.
527 1919 717 1978 τελευταῖον
742 1908 773 1976 δ’
805 1915 850 1989 είς
872 1908 935 1996 τήν
957 1908 1084 1997 βουλήν
1102 1926 1133 1981 17

131 2006 294 2078 εἰσελθών
306 2008 527 2095 Δημοκράτης
539 2006 753 2093 ὁἈφιδναῖος
764 2015 872 2077 ε”πεισε
881 2006 942 2094 τήν
951 2007 1083 2095 βουλήν

130 2109 400 2176 ἀνακαλέσασθαι
411 2107 471 2175 τόν
486 2106 736 2193 Ἀριστόδημον·
758 2103 928 2187 εἷςδὲτων
938 2116 1083 2195 βουλευ-

129 2217 197 2276 τῶν
221 2200 264 2294 ἦν
286 2211 508 2293 Δημοσθένης
537 2203 554 2273 ὁ
578 2204 654 2291 ε’μός
676 2207 867 2292 κατήγορος.
900 2205 1082 2288 παρελθόν

129 2304 162 2374 δ’
182 2303 413 2393 Ἀριστόδημος
430 2306 557 2390 πολλήν
575 2332 649 2371 τινα
671 2303 807 2372 εὔνοιαν
824 2304 1001 2390 άπήγγειλε
1020 2315 1082 2372 τοῦ

130 2412 297 2473 Φιλίππου
307 2401 636 2490 πρὸςτήνπόλιν,καὶ
644 2406 864 2490 προσέθηκεν,
874 2402 1083 2489 ότικαὶσόμ-

129 2532 231 2591 μαχος
248 2504 403 2591 βούλοιτο
421 2513 463 2591 τή
479 2505 574 2572 πόλει
591 2508 757 2588 γενέσθαι.
781 2506 836 2571 καὶ
852 2501 948 2570 ταῦτ’
966 2502 1029 2573 οόκ
1043 2506 1081 2570 ἐν

128 2613 169 2690 τή
180 2610 287 2689 βουλή
298 2604 404 2689 μόνον
415 2601 523 2687 εἶπεν,
536 2600 619 2670 άλλά
632 2604 687 2670 καὶ
698 2605 735 2670 έν
746 2609 792 2691 τῷ
805 2602 907 2691 δήμφ.
919 2601 1080 2670 κάνταῦθ’

129 2700 229 2768 οὐδὲν
240 2699 621 2787 άντεῑτιεΔημοσθένης,
640 2699 724 2768 άλλά
735 2704 790 2769 καὶ
801 2710 1012 2787 στεφανῶσαι
1023 2702 1083 2769 τὸν

124 2798 364 2886 Ἀριστόδημον
381 2806 512 2883 ἔγραφε.
536 2804 710 2885 ῥηθέντων
721 2802 757 2868 δὲ
767 2801 897 2869 τούτων
912 2805 950 2870 έν
960 2810 1007 2890 τῷ
1019 2802 1081 2888 δή·
1097 2826 1132 2877 18

128 2923 179 2985 μφ
197 2899 352 2983 ψήφισμα
368 2903 512 2983 ἔγραφεν
530 2896 547 2966 ὁ
565 2901 772 2987 Φιλοκράτης
783 2902 918 2969 ἑλέσθαι
929 2903 1083 2987 πρέσβεις

58 3018 110 3073 202
127 2993 214 3079 ὑμᾶς
226 2995 308 3080 πρός
319 3003 497 3078 Φίλιππον,
510 2996 635 3083 ἄνδρας
647 3003 735 3083 δέκα,
749 3004 866 3078 οἵτινες
877 3004 1082 3079 διαλέξονται

128 3101 281 3184 Φιλίππω
304 3098 377 3179 περὶ
399 3096 531 3182 εἰρήνης
552 3100 607 3165 καὶ
630 3106 698 3165 των
717 3107 815 3185 κοινή
837 3099 1081 3185 συμφερόντων

121 3194 310 3280 Ἀθηναίοις
321 3196 545 3284 καίΦιλίππφ.
559 3200 863 3282 χειροτονουμένων
874 3197 909 3266 δὲ
922 3205 990 3265 τάν
1002 3202 1081 3265 δέκα

126 3297 296 3380 πρέσβεων
308 3291 371 3378 ἐγω
381 3294 443 3379 μὲν
452 3296 668 3381 προεβλήθην
679 3293 744 3363 ὑπό
756 3301 995 3379 Ναυσικλέους,
1007 3307 1082 3382 Δη-

125 3395 293 3478 μοσθένης
304 3390 335 3460 δ’
349 3389 408 3458 ὑπ’
421 3392 526 3461 αὐτοῦ
539 3395 775 3481 Φιλοκράτους,
792 3395 809 3463 ὁ
822 3399 898 3464 νυνὶ
911 3397 1082 3480 Φιλοκρά-
