<?xml version="1.0" encoding="UTF-8"?>
<!DOCTYPE html PUBLIC "-//W3C//DTD XHTML 1.0 Transitional//EN"
    "http://www.w3.org/TR/xhtml1/DTD/xhtml1-transitional.dtd">
<html xmlns="http://www.w3.org/1999/xhtml" xml:lang="en" lang="en">
 <head>
  <title>
</title>
<meta http-equiv="Content-Type" content="text/html;charset=utf-8" />
  <meta name='ocr-system' content='tesseract 3.04.00' />
  <meta name='ocr-capabilities' content='ocr_page ocr_carea ocr_par ocr_line ocrx_word'/>
</head>
<body>
  <div class='ocr_page' id='page_1' title='image "./orationescumali00isaegoog/orationescumali00isaegoog_0533.png"; bbox 0 0 2340 3916; ppageno 0'>
   <div class='ocr_carea' id='block_1_1' title="bbox 140 214 746 276">
    <p class='ocr_par' dir='ltr' id='par_1_1' title="bbox 140 214 746 276">
     <span class='ocr_line' id='line_1_1' title="bbox 140 214 746 276; baseline -0.012 0"><span class='ocrx_word' id='word_1_1' title='bbox 140 214 183 276; x_wconf 87' lang='grc'><strong><em>60</em></strong></span> <span class='ocrx_word' id='word_1_2' title='bbox 491 215 746 271; x_wconf 75' lang='grc' dir='ltr'><em>ΑΙΣΧΙΝΟῬ</em></span> 
     </span>
    </p>
   </div>
   <div class='ocr_carea' id='block_1_2' title="bbox 75 370 1163 3482">
    <p class='ocr_par' dir='ltr' id='par_1_2' title="bbox 142 370 1083 557">
     <span class='ocr_line' id='line_1_2' title="bbox 142 370 1083 460; baseline 0 -21"><span class='ocrx_word' id='word_1_3' title='bbox 142 372 312 442; x_wconf 89' lang='grc' dir='ltr'><strong><em>ἀναίδειαν</em></strong></span> <span class='ocrx_word' id='word_1_4' title='bbox 326 373 550 458; x_wconf 81' lang='grc' dir='ltr'><strong><em>παρασχόντες</em></strong></span> <span class='ocrx_word' id='word_1_5' title='bbox 566 373 618 439; x_wconf 81' lang='grc' dir='ltr'><strong><em>ἐπὶ</em></strong></span> <span class='ocrx_word' id='word_1_6' title='bbox 631 380 742 460; x_wconf 77' lang='grc' dir='ltr'><strong><em>μισθῷ</em></strong></span> <span class='ocrx_word' id='word_1_7' title='bbox 759 370 794 438; x_wconf 85' lang='grc' dir='ltr'><strong><em>τό</em></strong></span> <span class='ocrx_word' id='word_1_8' title='bbox 814 383 948 458; x_wconf 71' lang='grc' dir='ltr'><strong><em>πρᾶγμα</em></strong></span> <span class='ocrx_word' id='word_1_9' title='bbox 961 379 1006 450; x_wconf 85' lang='grc' dir='ltr'><strong><em>εἰς</em></strong></span> <span class='ocrx_word' id='word_1_10' title='bbox 1018 373 1083 439; x_wconf 91' lang='grc' dir='ltr'><strong><em>διά-</em></strong></span> 
     </span>
     <span class='ocr_line' id='line_1_3' title="bbox 144 472 661 557; baseline -0.006 -20"><span class='ocrx_word' id='word_1_11' title='bbox 144 496 261 557; x_wconf 89' lang='grc' dir='ltr'><strong><em>πειραυ</em></strong></span> <span class='ocrx_word' id='word_1_12' title='bbox 273 475 327 541; x_wconf 85' lang='grc' dir='ltr'><strong><em>καὶ</em></strong></span> <span class='ocrx_word' id='word_1_13' title='bbox 338 472 439 556; x_wconf 90' lang='grc' dir='ltr'><strong><em>λόγον</em></strong></span> <span class='ocrx_word' id='word_1_14' title='bbox 450 474 661 554; x_wconf 83' lang='grc' dir='ltr'><strong><em>κατέστησαν.</em></strong></span> 
     </span>
    </p>

    <p class='ocr_par' dir='ltr' id='par_1_3' title="bbox 142 564 1157 1340">
     <span class='ocr_line' id='line_1_4' title="bbox 217 564 1157 654; baseline -0.003 -18"><span class='ocrx_word' id='word_1_15' title='bbox 217 567 347 636; x_wconf 82' lang='grc' dir='ltr'><strong><em>Ἔπειθ’</em></strong></span> <span class='ocrx_word' id='word_1_16' title='bbox 368 573 402 635; x_wconf 85' lang='grc' dir='ltr'><strong><em>οί</em></strong></span> <span class='ocrx_word' id='word_1_17' title='bbox 415 568 477 654; x_wconf 74' lang='grc' dir='ltr'><strong><em>μὲν</em></strong></span> <span class='ocrx_word' id='word_1_18' title='bbox 493 570 628 649; x_wconf 81' lang='grc' dir='ltr'><strong><em>πατέρες</em></strong></span> <span class='ocrx_word' id='word_1_19' title='bbox 644 564 739 651; x_wconf 80' lang='grc' dir='ltr'><strong><em>ύμάν</em></strong></span> <span class='ocrx_word' id='word_1_20' title='bbox 757 565 844 633; x_wconf 86' lang='grc' dir='ltr'><strong><em>ούτω</em></strong></span> <span class='ocrx_word' id='word_1_21' title='bbox 861 569 1021 652; x_wconf 77' lang='grc' dir='ltr'><strong><em>περὶτῶν</em></strong></span> <span class='ocrx_word' id='word_1_22' title='bbox 1039 573 1092 633; x_wconf 93' lang='grc' dir='ltr'><strong><em>αἰ-</em></strong></span> <span class='ocrx_word' id='word_1_23' title='bbox 1112 574 1157 626; x_wconf 77' lang='grc'><strong><em>185</em></strong></span> 
     </span>
     <span class='ocr_line' id='line_1_5' title="bbox 143 662 1092 751; baseline -0.002 -18"><span class='ocrx_word' id='word_1_24' title='bbox 143 674 253 751; x_wconf 78' lang='grc' dir='ltr'><strong><em>σχρεδν</em></strong></span> <span class='ocrx_word' id='word_1_25' title='bbox 270 669 324 734; x_wconf 86' lang='grc' dir='ltr'><strong><em>καί</em></strong></span> <span class='ocrx_word' id='word_1_26' title='bbox 341 673 454 734; x_wconf 73' lang='grc' dir='ltr'><strong><em>καλεῖν</em></strong></span> <span class='ocrx_word' id='word_1_27' title='bbox 478 670 729 749; x_wconf 89' lang='grc' dir='ltr'><strong><em>διεγίγνωσκον,</em></strong></span> <span class='ocrx_word' id='word_1_28' title='bbox 751 662 844 750; x_wconf 77' lang='grc' dir='ltr'><strong><em>ὑμεῖς</em></strong></span> <span class='ocrx_word' id='word_1_29' title='bbox 866 666 901 732; x_wconf 75' lang='grc' dir='ltr'><strong><em>δὲ</em></strong></span> <span class='ocrx_word' id='word_1_30' title='bbox 925 671 1092 750; x_wconf 78' lang='grc' dir='ltr'><strong><em>Τίμαρχον</em></strong></span> 
     </span>
     <span class='ocr_line' id='line_1_6' title="bbox 143 760 1091 849; baseline -0.003 -19"><span class='ocrx_word' id='word_1_31' title='bbox 143 764 201 832; x_wconf 85' lang='grc' dir='ltr'><strong><em>τόν</em></strong></span> <span class='ocrx_word' id='word_1_32' title='bbox 223 780 291 843; x_wconf 82' lang='grc' dir='ltr'><strong><em>τοῖς</em></strong></span> <span class='ocrx_word' id='word_1_33' title='bbox 312 769 488 849; x_wconf 81' lang='grc' dir='ltr'><strong><em>αἰσχίστοις</em></strong></span> <span class='ocrx_word' id='word_1_34' title='bbox 510 763 764 847; x_wconf 75' lang='grc' dir='ltr'><strong><em>ἐπιτηδεύμασιν</em></strong></span> <span class='ocrx_word' id='word_1_35' title='bbox 787 769 902 848; x_wconf 82' lang='grc' dir='ltr'><strong><em>ἔνοχον</em></strong></span> <span class='ocrx_word' id='word_1_36' title='bbox 929 760 1091 847; x_wconf 82' lang='grc' dir='ltr'><strong><em>ἀφησετε;</em></strong></span> 
     </span>
     <span class='ocr_line' id='line_1_7' title="bbox 143 858 1092 947; baseline -0.001 -20"><span class='ocrx_word' id='word_1_37' title='bbox 143 860 202 928; x_wconf 82' lang='grc' dir='ltr'><strong><em>τόν</em></strong></span> <span class='ocrx_word' id='word_1_38' title='bbox 223 861 332 947; x_wconf 88' lang='grc' dir='ltr'><strong><em>ἀνδρα</em></strong></span> <span class='ocrx_word' id='word_1_39' title='bbox 352 861 414 946; x_wconf 68' lang='grc' dir='ltr'><strong><em>μὲν</em></strong></span> <span class='ocrx_word' id='word_1_40' title='bbox 435 863 490 927; x_wconf 82' lang='grc' dir='ltr'><strong><em>καί</em></strong></span> <span class='ocrx_word' id='word_1_41' title='bbox 512 858 637 946; x_wconf 88' lang='grc' dir='ltr'><strong><em>ἀρρενα</em></strong></span> <span class='ocrx_word' id='word_1_42' title='bbox 664 859 700 926; x_wconf 86' lang='grc' dir='ltr'><strong><em>τὸ</em></strong></span> <span class='ocrx_word' id='word_1_43' title='bbox 724 868 834 945; x_wconf 77' lang='grc' dir='ltr'><strong><em>σῶμα,</em></strong></span> <span class='ocrx_word' id='word_1_44' title='bbox 862 875 1033 945; x_wconf 80' lang='grc' dir='ltr'><strong><em>γυναικεῖα</em></strong></span> <span class='ocrx_word' id='word_1_45' title='bbox 1055 861 1092 926; x_wconf 74' lang='grc' dir='ltr'><strong><em>δὲ</em></strong></span> 
     </span>
     <span class='ocr_line' id='line_1_8' title="bbox 143 952 1092 1046; baseline 0 -22"><span class='ocrx_word' id='word_1_46' title='bbox 143 957 358 1046; x_wconf 75' lang='grc' dir='ltr'><strong><em>ἁμαρτήματα</em></strong></span> <span class='ocrx_word' id='word_1_47' title='bbox 374 957 601 1045; x_wconf 83' lang='grc' dir='ltr'><strong><em>ἡμαρτηκότα;</em></strong></span> <span class='ocrx_word' id='word_1_48' title='bbox 623 965 670 1036; x_wconf 90' lang='grc' dir='ltr'><strong><em>τίς</em></strong></span> <span class='ocrx_word' id='word_1_49' title='bbox 685 952 749 1025; x_wconf 88' lang='grc' dir='ltr'><strong><em>ούν</em></strong></span> <span class='ocrx_word' id='word_1_50' title='bbox 765 955 861 1043; x_wconf 79' lang='grc' dir='ltr'><strong><em>ὑμῶν</em></strong></span> <span class='ocrx_word' id='word_1_51' title='bbox 878 974 1021 1042; x_wconf 80' lang='grc' dir='ltr'><strong><em>γυναῖκα</em></strong></span> <span class='ocrx_word' id='word_1_52' title='bbox 1032 969 1092 1026; x_wconf 85' lang='grc' dir='ltr'><strong><em>λα·</em></strong></span> 
     </span>
     <span class='ocr_line' id='line_1_9' title="bbox 142 1052 1094 1142; baseline -0.003 -18"><span class='ocrx_word' id='word_1_53' title='bbox 142 1057 213 1142; x_wconf 79' lang='grc' dir='ltr'><strong><em>βων</em></strong></span> <span class='ocrx_word' id='word_1_54' title='bbox 235 1054 420 1123; x_wconf 79' lang='grc' dir='ltr'><strong><em>ἀδικοῦσαν</em></strong></span> <span class='ocrx_word' id='word_1_55' title='bbox 441 1055 672 1141; x_wconf 80' lang='grc' dir='ltr'><strong><em>τιμωρησεται;</em></strong></span> <span class='ocrx_word' id='word_1_56' title='bbox 699 1052 721 1141; x_wconf 75' lang='grc' dir='ltr'><em>ἢ</em></span> <span class='ocrx_word' id='word_1_57' title='bbox 742 1064 790 1134; x_wconf 87' lang='grc' dir='ltr'><strong><em>τίς</em></strong></span> <span class='ocrx_word' id='word_1_58' title='bbox 812 1055 874 1122; x_wconf 92' lang='grc' dir='ltr'><strong><em>ούκ</em></strong></span> <span class='ocrx_word' id='word_1_59' title='bbox 897 1054 1094 1132; x_wconf 88' lang='grc' dir='ltr'><strong><em>ἀπαίδευτος</em></strong></span> 
     </span>
     <span class='ocr_line' id='line_1_10' title="bbox 144 1151 1093 1243; baseline 0.001 -24"><span class='ocrx_word' id='word_1_60' title='bbox 144 1153 228 1220; x_wconf 89' lang='grc' dir='ltr'><strong><em>είυαι</em></strong></span> <span class='ocrx_word' id='word_1_61' title='bbox 246 1153 333 1232; x_wconf 86' lang='grc' dir='ltr'><strong><em>δόξει</em></strong></span> <span class='ocrx_word' id='word_1_62' title='bbox 347 1161 387 1240; x_wconf 77' lang='grc' dir='ltr'><strong><em>τῇ</em></strong></span> <span class='ocrx_word' id='word_1_63' title='bbox 403 1155 465 1238; x_wconf 67' lang='grc' dir='ltr'><strong><em>μὲν</em></strong></span> <span class='ocrx_word' id='word_1_64' title='bbox 478 1152 561 1220; x_wconf 89' lang='grc' dir='ltr'><strong><em>κατά</em></strong></span> <span class='ocrx_word' id='word_1_65' title='bbox 575 1155 680 1238; x_wconf 91' lang='grc' dir='ltr'><strong><em>φύσιν</em></strong></span> <span class='ocrx_word' id='word_1_66' title='bbox 691 1151 926 1243; x_wconf 77' lang='grc' dir='ltr'><strong><em>ἁμαρτανούσῃ</em></strong></span> <span class='ocrx_word' id='word_1_67' title='bbox 937 1161 1093 1240; x_wconf 92' lang='grc' dir='ltr'><strong><em>χαλεπαί-</em></strong></span> 
     </span>
     <span class='ocr_line' id='line_1_11' title="bbox 143 1249 1093 1340; baseline 0 -22"><span class='ocrx_word' id='word_1_68' title='bbox 143 1277 231 1335; x_wconf 91' lang='grc' dir='ltr'><strong><em>νων,</em></strong></span> <span class='ocrx_word' id='word_1_69' title='bbox 254 1259 299 1334; x_wconf 78' lang='grc' dir='ltr'><strong><em>τῷ</em></strong></span> <span class='ocrx_word' id='word_1_70' title='bbox 318 1251 352 1318; x_wconf 75' lang='grc' dir='ltr'><strong><em>δὲ</em></strong></span> <span class='ocrx_word' id='word_1_71' title='bbox 369 1251 458 1336; x_wconf 89' lang='grc' dir='ltr'><strong><em>παρά</em></strong></span> <span class='ocrx_word' id='word_1_72' title='bbox 474 1251 578 1336; x_wconf 86' lang='grc' dir='ltr'><strong><em>φύσιν</em></strong></span> <span class='ocrx_word' id='word_1_73' title='bbox 595 1250 713 1319; x_wconf 83' lang='grc' dir='ltr'><strong><em>ἑαυτὸν</em></strong></span> <span class='ocrx_word' id='word_1_74' title='bbox 730 1249 903 1336; x_wconf 82' lang='grc' dir='ltr'><strong><em>ὑβρίσαντι</em></strong></span> <span class='ocrx_word' id='word_1_75' title='bbox 914 1253 1093 1340; x_wconf 77' lang='grc' dir='ltr'><strong><em>συμβούλῳ</em></strong></span> 
     </span>
    </p>

    <p class='ocr_par' dir='ltr' id='par_1_4' title="bbox 78 1347 1160 2702">
     <span class='ocr_line' id='line_1_12' title="bbox 78 1347 1160 1435; baseline -0.005 -16"><span class='ocrx_word' id='word_1_76' title='bbox 78 1366 125 1422; x_wconf 79' lang='grc'><strong><em>178</em></strong></span> <span class='ocrx_word' id='word_1_77' title='bbox 144 1348 327 1433; x_wconf 85' lang='grc' dir='ltr'><strong><em>χρύμενος;</em></strong></span> <span class='ocrx_word' id='word_1_78' title='bbox 349 1355 422 1415; x_wconf 89' lang='grc' dir='ltr'><strong><em>τίνα</em></strong></span> <span class='ocrx_word' id='word_1_79' title='bbox 441 1347 472 1416; x_wconf 87' lang='grc' dir='ltr'><strong><em>δ’</em></strong></span> <span class='ocrx_word' id='word_1_80' title='bbox 489 1354 572 1434; x_wconf 80' lang='grc' dir='ltr'><strong><em>ἔχων</em></strong></span> <span class='ocrx_word' id='word_1_81' title='bbox 588 1351 723 1426; x_wconf 79' lang='grc' dir='ltr'><strong><em>ἕκαστος</em></strong></span> <span class='ocrx_word' id='word_1_82' title='bbox 740 1347 835 1435; x_wconf 77' lang='grc' dir='ltr'><strong><em>ὑμῶν</em></strong></span> <span class='ocrx_word' id='word_1_83' title='bbox 850 1350 989 1435; x_wconf 83' lang='grc' dir='ltr'><strong><em>γνύμην</em></strong></span> <span class='ocrx_word' id='word_1_84' title='bbox 1011 1349 1093 1415; x_wconf 90' lang='grc' dir='ltr'><strong><em>ε’πά-</em></strong></span> <span class='ocrx_word' id='word_1_85' title='bbox 1112 1353 1160 1405; x_wconf 82' lang='grc'><strong><em>186</em></strong></span> 
     </span>
     <span class='ocr_line' id='line_1_13' title="bbox 143 1443 1094 1531; baseline -0.002 -19"><span class='ocrx_word' id='word_1_86' title='bbox 143 1465 250 1512; x_wconf 89' lang='grc' dir='ltr'><strong><em>νεισιν</em></strong></span> <span class='ocrx_word' id='word_1_87' title='bbox 267 1450 379 1513; x_wconf 89' lang='grc' dir='ltr'><strong><em>οίκαδε</em></strong></span> <span class='ocrx_word' id='word_1_88' title='bbox 395 1449 430 1512; x_wconf 85' lang='grc' dir='ltr'><strong><em>ἐκ</em></strong></span> <span class='ocrx_word' id='word_1_89' title='bbox 448 1453 508 1512; x_wconf 85' lang='grc' dir='ltr'><strong><em>τοῦ</em></strong></span> <span class='ocrx_word' id='word_1_90' title='bbox 526 1450 752 1530; x_wconf 85' lang='grc' dir='ltr'><strong><em>δικαστηρίου;</em></strong></span> <span class='ocrx_word' id='word_1_91' title='bbox 775 1445 850 1512; x_wconf 82' lang='grc' dir='ltr'><strong><em>οὔτε</em></strong></span> <span class='ocrx_word' id='word_1_92' title='bbox 864 1443 928 1531; x_wconf 89' lang='grc' dir='ltr'><strong><em>γάρ</em></strong></span> <span class='ocrx_word' id='word_1_93' title='bbox 947 1444 1094 1529; x_wconf 89' lang='grc' dir='ltr'><strong><em>ὁκρινό-</em></strong></span> 
     </span>
     <span class='ocr_line' id='line_1_14' title="bbox 144 1540 1093 1636; baseline -0.002 -26"><span class='ocrx_word' id='word_1_94' title='bbox 144 1569 243 1628; x_wconf 89' lang='grc' dir='ltr'><strong><em>μενος</em></strong></span> <span class='ocrx_word' id='word_1_95' title='bbox 260 1542 407 1630; x_wconf 73' lang='grc' dir='ltr'><strong><em>ἀφανὴς,</em></strong></span> <span class='ocrx_word' id='word_1_96' title='bbox 429 1542 511 1636; x_wconf 85' lang='grc' dir='ltr'><strong><em>ἀλλά</em></strong></span> <span class='ocrx_word' id='word_1_97' title='bbox 529 1543 711 1628; x_wconf 77' lang='grc' dir='ltr'><strong><em>γνώριμος,</em></strong></span> <span class='ocrx_word' id='word_1_98' title='bbox 735 1540 814 1609; x_wconf 77' lang='grc' dir='ltr'><strong><em>οὔθ’</em></strong></span> <span class='ocrx_word' id='word_1_99' title='bbox 833 1541 851 1611; x_wconf 88' lang='grc' dir='ltr'>ὁ</span> <span class='ocrx_word' id='word_1_100' title='bbox 871 1545 971 1630; x_wconf 88' lang='grc' dir='ltr'><strong><em>νόμος</em></strong></span> <span class='ocrx_word' id='word_1_101' title='bbox 988 1541 1093 1628; x_wconf 86' lang='grc' dir='ltr'><strong><em>ὁπερὶ</em></strong></span> 
     </span>
     <span class='ocr_line' id='line_1_15' title="bbox 143 1640 1092 1726; baseline 0 -20"><span class='ocrx_word' id='word_1_102' title='bbox 143 1650 201 1726; x_wconf 79' lang='grc' dir='ltr'><strong><em>τῆς</em></strong></span> <span class='ocrx_word' id='word_1_103' title='bbox 211 1649 279 1708; x_wconf 83' lang='grc' dir='ltr'><strong><em>τῶν</em></strong></span> <span class='ocrx_word' id='word_1_104' title='bbox 290 1643 442 1726; x_wconf 80' lang='grc' dir='ltr'><strong><em>ῥητόρων</em></strong></span> <span class='ocrx_word' id='word_1_105' title='bbox 455 1645 648 1725; x_wconf 81' lang='grc' dir='ltr'><strong><em>δοκιμασίας</em></strong></span> <span class='ocrx_word' id='word_1_106' title='bbox 660 1648 799 1724; x_wconf 82' lang='grc' dir='ltr'><strong><em>φαῦλος,</em></strong></span> <span class='ocrx_word' id='word_1_107' title='bbox 813 1640 895 1708; x_wconf 89' lang='grc' dir='ltr'><strong><em>ἀλλά</em></strong></span> <span class='ocrx_word' id='word_1_108' title='bbox 908 1642 1092 1723; x_wconf 87' lang='grc' dir='ltr'><strong><em>κάλλιστος,</em></strong></span> 
     </span>
     <span class='ocr_line' id='line_1_16' title="bbox 143 1737 1094 1823; baseline 0.001 -19"><span class='ocrx_word' id='word_1_109' title='bbox 143 1740 180 1806; x_wconf 88' lang='grc' dir='ltr'><strong><em>τό</em></strong></span> <span class='ocrx_word' id='word_1_110' title='bbox 197 1737 229 1804; x_wconf 84' lang='grc' dir='ltr'><strong><em>τ’</em></strong></span> <span class='ocrx_word' id='word_1_111' title='bbox 247 1741 381 1823; x_wconf 83' lang='grc' dir='ltr'><strong><em>ἐρέσθαι</em></strong></span> <span class='ocrx_word' id='word_1_112' title='bbox 398 1753 465 1816; x_wconf 80' lang='grc' dir='ltr'><strong><em>τοῖς</em></strong></span> <span class='ocrx_word' id='word_1_113' title='bbox 481 1740 574 1805; x_wconf 80' lang='grc' dir='ltr'><strong><em>παισὶ</em></strong></span> <span class='ocrx_word' id='word_1_114' title='bbox 591 1740 646 1804; x_wconf 86' lang='grc' dir='ltr'><strong><em>καί</em></strong></span> <span class='ocrx_word' id='word_1_115' title='bbox 657 1753 724 1815; x_wconf 80' lang='grc' dir='ltr'><strong><em>τοῖς</em></strong></span> <span class='ocrx_word' id='word_1_116' title='bbox 735 1745 913 1823; x_wconf 86' lang='grc' dir='ltr'><strong><em>μειρακίοις</em></strong></span> <span class='ocrx_word' id='word_1_117' title='bbox 923 1738 1002 1818; x_wconf 87' lang='grc' dir='ltr'><strong><em>τούς</em></strong></span> <span class='ocrx_word' id='word_1_118' title='bbox 1015 1742 1094 1806; x_wconf 80' lang='grc' dir='ltr'><strong><em>ἑαυ-</em></strong></span> 
     </span>
     <span class='ocr_line' id='line_1_17' title="bbox 142 1833 1160 1922; baseline -0.001 -19"><span class='ocrx_word' id='word_1_119' title='bbox 142 1844 210 1903; x_wconf 81' lang='grc' dir='ltr'><strong><em>τωυ</em></strong></span> <span class='ocrx_word' id='word_1_120' title='bbox 222 1841 380 1921; x_wconf 93' lang='grc' dir='ltr'><strong><em>οἰκείους,</em></strong></span> <span class='ocrx_word' id='word_1_121' title='bbox 393 1836 483 1915; x_wconf 82' lang='grc' dir='ltr'><strong><em>ὅπως</em></strong></span> <span class='ocrx_word' id='word_1_122' title='bbox 494 1833 530 1904; x_wconf 86' lang='grc' dir='ltr'><strong><em>τό</em></strong></span> <span class='ocrx_word' id='word_1_123' title='bbox 543 1842 678 1920; x_wconf 88' lang='grc' dir='ltr'><strong><em>πράγμα</em></strong></span> <span class='ocrx_word' id='word_1_124' title='bbox 690 1840 850 1919; x_wconf 83' lang='grc' dir='ltr'><strong><em>κέκριται,</em></strong></span> <span class='ocrx_word' id='word_1_125' title='bbox 864 1837 1049 1922; x_wconf 89' lang='grc' dir='ltr'><strong><em>πρόχειρον.</em></strong></span> <span class='ocrx_word' id='word_1_126' title='bbox 1062 1844 1096 1903; x_wconf 92' lang='grc' dir='ltr'><strong><em>τί</em></strong></span> <span class='ocrx_word' id='word_1_127' title='bbox 1111 1844 1160 1897; x_wconf 82' lang='grc'><strong><em>187</em></strong></span> 
     </span>
     <span class='ocr_line' id='line_1_18' title="bbox 143 1927 1092 2019; baseline -0.003 -18"><span class='ocrx_word' id='word_1_128' title='bbox 143 1927 206 2001; x_wconf 89' lang='grc' dir='ltr'><strong><em>ούν</em></strong></span> <span class='ocrx_word' id='word_1_129' title='bbox 221 1932 260 2018; x_wconf 78' lang='grc' dir='ltr'><strong><em>δὴ</em></strong></span> <span class='ocrx_word' id='word_1_130' title='bbox 284 1937 389 2013; x_wconf 79' lang='grc' dir='ltr'><strong><em>λέξετε</em></strong></span> <span class='ocrx_word' id='word_1_131' title='bbox 411 1939 445 2000; x_wconf 93' lang='grc' dir='ltr'><strong><em>οἰ</em></strong></span> <span class='ocrx_word' id='word_1_132' title='bbox 464 1943 522 2019; x_wconf 80' lang='grc' dir='ltr'><strong><em>τῆς</em></strong></span> <span class='ocrx_word' id='word_1_133' title='bbox 544 1932 660 2018; x_wconf 76' lang='grc' dir='ltr'><strong><em>ψήφου</em></strong></span> <span class='ocrx_word' id='word_1_134' title='bbox 680 1935 758 1999; x_wconf 79' lang='grc' dir='ltr'><strong><em>νυνί</em></strong></span> <span class='ocrx_word' id='word_1_135' title='bbox 778 1934 950 2016; x_wconf 83' lang='grc' dir='ltr'><strong><em>γεγονότες</em></strong></span> <span class='ocrx_word' id='word_1_136' title='bbox 971 1935 1092 2017; x_wconf 85' lang='grc' dir='ltr'><strong><em>κύριοι,</em></strong></span> 
     </span>
     <span class='ocr_line' id='line_1_19' title="bbox 144 2027 1092 2114; baseline 0.001 -18"><span class='ocrx_word' id='word_1_137' title='bbox 144 2028 226 2096; x_wconf 90' lang='grc' dir='ltr'><strong><em>όταν</em></strong></span> <span class='ocrx_word' id='word_1_138' title='bbox 243 2034 277 2095; x_wconf 85' lang='grc' dir='ltr'><strong><em>οί</em></strong></span> <span class='ocrx_word' id='word_1_139' title='bbox 291 2027 443 2114; x_wconf 79' lang='grc' dir='ltr'><strong><em>ὑμέτεροι</em></strong></span> <span class='ocrx_word' id='word_1_140' title='bbox 460 2033 573 2107; x_wconf 83' lang='grc' dir='ltr'><strong><em>παῖδες</em></strong></span> <span class='ocrx_word' id='word_1_141' title='bbox 592 2027 677 2114; x_wconf 86' lang='grc' dir='ltr'><strong><em>ύμάς</em></strong></span> <span class='ocrx_word' id='word_1_142' title='bbox 696 2035 850 2114; x_wconf 82' lang='grc' dir='ltr'><strong><em>ἔρωνται,</em></strong></span> <span class='ocrx_word' id='word_1_143' title='bbox 876 2036 906 2096; x_wconf 85' lang='grc' dir='ltr'><strong><em>εί</em></strong></span> <span class='ocrx_word' id='word_1_144' title='bbox 920 2033 1092 2097; x_wconf 87' lang='grc' dir='ltr'><strong><em>κατεδικά-</em></strong></span> 
     </span>
     <span class='ocr_line' id='line_1_20' title="bbox 145 2121 1093 2211; baseline 0.001 -20"><span class='ocrx_word' id='word_1_145' title='bbox 145 2147 221 2191; x_wconf 78' lang='grc' dir='ltr'><strong><em>σακε</em></strong></span> <span class='ocrx_word' id='word_1_146' title='bbox 238 2121 260 2211; x_wconf 75' lang='grc' dir='ltr'><strong><em>ἢ</em></strong></span> <span class='ocrx_word' id='word_1_147' title='bbox 277 2123 549 2210; x_wconf 73' lang='grc' dir='ltr'><strong><em>ἀπεψηφίσασθε,</em></strong></span> <span class='ocrx_word' id='word_1_148' title='bbox 572 2125 633 2210; x_wconf 88' lang='grc' dir='ltr'><strong><em>ούχ</em></strong></span> <span class='ocrx_word' id='word_1_149' title='bbox 655 2125 721 2210; x_wconf 82' lang='grc' dir='ltr'><strong><em>ἅμα</em></strong></span> <span class='ocrx_word' id='word_1_150' title='bbox 741 2132 907 2210; x_wconf 86' lang='grc' dir='ltr'><strong><em>Τίμαρχον</em></strong></span> <span class='ocrx_word' id='word_1_151' title='bbox 928 2125 1093 2194; x_wconf 77' lang='grc' dir='ltr'><strong><em>ἀπολῦσαι</em></strong></span> 
     </span>
     <span class='ocr_line' id='line_1_21' title="bbox 144 2221 1096 2310; baseline 0.003 -20"><span class='ocrx_word' id='word_1_152' title='bbox 144 2221 362 2307; x_wconf 76' lang='grc' dir='ltr'><strong><em>ὁμολογήσετε</em></strong></span> <span class='ocrx_word' id='word_1_153' title='bbox 381 2227 436 2290; x_wconf 86' lang='grc' dir='ltr'><strong><em>καί</em></strong></span> <span class='ocrx_word' id='word_1_154' title='bbox 452 2222 514 2309; x_wconf 81' lang='grc' dir='ltr'><strong><em>την</em></strong></span> <span class='ocrx_word' id='word_1_155' title='bbox 532 2221 650 2309; x_wconf 76' lang='grc' dir='ltr'><strong><em>κοινὴν</em></strong></span> <span class='ocrx_word' id='word_1_156' title='bbox 662 2228 814 2291; x_wconf 87' lang='grc' dir='ltr'><strong><em>παιδείαν</em></strong></span> <span class='ocrx_word' id='word_1_157' title='bbox 826 2222 1039 2310; x_wconf 80' lang='grc' dir='ltr'><strong><em>ἀνατρέψετε;</em></strong></span> <span class='ocrx_word' id='word_1_158' title='bbox 1061 2234 1096 2292; x_wconf 90' lang='grc' dir='ltr'><strong><em>τί</em></strong></span> 
     </span>
     <span class='ocr_line' id='line_1_22' title="bbox 144 2318 1095 2410; baseline 0.004 -23"><span class='ocrx_word' id='word_1_159' title='bbox 144 2318 176 2387; x_wconf 87' lang='grc' dir='ltr'><strong><em>δ’</em></strong></span> <span class='ocrx_word' id='word_1_160' title='bbox 189 2319 310 2404; x_wconf 87' lang='grc' dir='ltr'><strong><em>όφελος</em></strong></span> <span class='ocrx_word' id='word_1_161' title='bbox 327 2321 561 2407; x_wconf 75' lang='grc' dir='ltr'><strong><em>παιδαγωγοὺς</em></strong></span> <span class='ocrx_word' id='word_1_162' title='bbox 578 2325 712 2408; x_wconf 83' lang='grc' dir='ltr'><strong><em>τρέφειν</em></strong></span> <span class='ocrx_word' id='word_1_163' title='bbox 722 2319 745 2409; x_wconf 78' lang='grc' dir='ltr'><strong><em>η’</em></strong></span> <span class='ocrx_word' id='word_1_164' title='bbox 756 2328 968 2410; x_wconf 86' lang='grc' dir='ltr'><strong><em>παιδοτρίβας</em></strong></span> <span class='ocrx_word' id='word_1_165' title='bbox 978 2328 1032 2393; x_wconf 83' lang='grc' dir='ltr'><strong><em>καὶ</em></strong></span> <span class='ocrx_word' id='word_1_166' title='bbox 1044 2330 1095 2391; x_wconf 90' lang='grc' dir='ltr'><strong><em>δι-</em></strong></span> 
     </span>
     <span class='ocr_line' id='line_1_23' title="bbox 144 2417 1096 2508; baseline 0.005 -22"><span class='ocrx_word' id='word_1_167' title='bbox 144 2417 331 2497; x_wconf 86' lang='grc' dir='ltr'><strong><em>δασκάλους</em></strong></span> <span class='ocrx_word' id='word_1_168' title='bbox 350 2435 418 2498; x_wconf 79' lang='grc' dir='ltr'><strong><em>τοῖς</em></strong></span> <span class='ocrx_word' id='word_1_169' title='bbox 438 2422 550 2488; x_wconf 79' lang='grc' dir='ltr'><strong><em>παισὶν</em></strong></span> <span class='ocrx_word' id='word_1_170' title='bbox 572 2422 762 2506; x_wconf 85' lang='grc' dir='ltr'><strong><em>ἐφιστάυαι,</em></strong></span> <span class='ocrx_word' id='word_1_171' title='bbox 785 2419 867 2489; x_wconf 82' lang='grc' dir='ltr'><strong><em>όταν</em></strong></span> <span class='ocrx_word' id='word_1_172' title='bbox 893 2428 927 2489; x_wconf 85' lang='grc' dir='ltr'><strong><em>οί</em></strong></span> <span class='ocrx_word' id='word_1_173' title='bbox 945 2421 1005 2508; x_wconf 83' lang='grc' dir='ltr'><strong><em>την</em></strong></span> <span class='ocrx_word' id='word_1_174' title='bbox 1027 2433 1096 2492; x_wconf 80' lang='grc' dir='ltr'><strong><em>τῶν</em></strong></span> 
     </span>
     <span class='ocr_line' id='line_1_24' title="bbox 144 2517 1096 2605; baseline 0.004 -22"><span class='ocrx_word' id='word_1_175' title='bbox 144 2517 259 2602; x_wconf 90' lang='grc' dir='ltr'><strong><em>νόμων</em></strong></span> <span class='ocrx_word' id='word_1_176' title='bbox 287 2518 570 2604; x_wconf 70' lang='grc' dir='ltr'><strong><em>παρακαταθήκην</em></strong></span> <span class='ocrx_word' id='word_1_177' title='bbox 600 2525 728 2604; x_wconf 80' lang='grc' dir='ltr'><strong><em>ἔχοντες</em></strong></span> <span class='ocrx_word' id='word_1_178' title='bbox 754 2521 836 2601; x_wconf 84' lang='grc' dir='ltr'><strong><em>πρὸς</em></strong></span> <span class='ocrx_word' id='word_1_179' title='bbox 859 2520 916 2597; x_wconf 86' lang='grc' dir='ltr'><strong><em>τάς</em></strong></span> <span class='ocrx_word' id='word_1_180' title='bbox 938 2522 1096 2605; x_wconf 81' lang='grc' dir='ltr'><strong><em>αἰσχύνας</em></strong></span> 
     </span>
     <span class='ocr_line' id='line_1_25' title="bbox 144 2615 923 2702; baseline 0.001 -22"><span class='ocrx_word' id='word_1_181' title='bbox 144 2615 456 2702; x_wconf 84' lang='grc' dir='ltr'><strong><em>κατακόμπτωνται;</em></strong></span> <span class='ocrx_word' id='word_1_182' title='bbox 920 2693 923 2697; x_wconf 31' lang='grc'><strong><em>,</em></strong></span> 
     </span>
    </p>

    <p class='ocr_par' dir='ltr' id='par_1_5' title="bbox 142 2705 1163 2897">
     <span class='ocr_line' id='line_1_26' title="bbox 228 2705 1163 2800; baseline 0.01 -22"><span class='ocrx_word' id='word_1_183' title='bbox 228 2713 391 2796; x_wconf 82' lang='grc' dir='ltr'><strong><em>Θαυμάζω</em></strong></span> <span class='ocrx_word' id='word_1_184' title='bbox 404 2711 435 2778; x_wconf 92' lang='grc' dir='ltr'><strong><em>δ’</em></strong></span> <span class='ocrx_word' id='word_1_185' title='bbox 450 2711 562 2799; x_wconf 80' lang='grc' dir='ltr'><strong><em>ὑμῶν,</em></strong></span> <span class='ocrx_word' id='word_1_186' title='bbox 576 2705 603 2779; x_wconf 78' lang='grc' dir='ltr'><strong><em>ἀ</em></strong></span> <span class='ocrx_word' id='word_1_187' title='bbox 616 2709 802 2798; x_wconf 73' lang='grc' dir='ltr'><strong><em>Ἀθηναῖοι,</em></strong></span> <span class='ocrx_word' id='word_1_188' title='bbox 815 2712 964 2800; x_wconf 81' lang='grc' dir='ltr'><strong><em>κάκεῖνο,</em></strong></span> <span class='ocrx_word' id='word_1_189' title='bbox 977 2722 1007 2783; x_wconf 93' lang='grc' dir='ltr'><strong><em>ει’</em></strong></span> <span class='ocrx_word' id='word_1_190' title='bbox 1016 2719 1094 2796; x_wconf 86' lang='grc' dir='ltr'><strong><em>τούς</em></strong></span> <span class='ocrx_word' id='word_1_191' title='bbox 1115 2735 1163 2789; x_wconf 80' lang='grc'><strong><em>188</em></strong></span> 
     </span>
     <span class='ocr_line' id='line_1_27' title="bbox 142 2808 1094 2897; baseline 0.003 -22"><span class='ocrx_word' id='word_1_192' title='bbox 142 2808 202 2893; x_wconf 77' lang='grc' dir='ltr'><strong><em>μὲν</em></strong></span> <span class='ocrx_word' id='word_1_193' title='bbox 214 2810 464 2895; x_wconf 83' lang='grc' dir='ltr'><strong><em>πορνοβοσκούς</em></strong></span> <span class='ocrx_word' id='word_1_194' title='bbox 474 2825 612 2896; x_wconf 84' lang='grc' dir='ltr'><strong><em>μισεῖτε,</em></strong></span> <span class='ocrx_word' id='word_1_195' title='bbox 624 2809 703 2888; x_wconf 85' lang='grc' dir='ltr'><strong><em>τούς</em></strong></span> <span class='ocrx_word' id='word_1_196' title='bbox 714 2809 743 2877; x_wconf 90' lang='grc' dir='ltr'><strong><em>δ’</em></strong></span> <span class='ocrx_word' id='word_1_197' title='bbox 759 2812 895 2889; x_wconf 82' lang='grc' dir='ltr'><strong><em>ἑκόντας</em></strong></span> <span class='ocrx_word' id='word_1_198' title='bbox 906 2836 1094 2897; x_wconf 85' lang='grc' dir='ltr'><strong><em>πεπορνευ-</em></strong></span> 
     </span>
    </p>

    <p class='ocr_par' dir='ltr' id='par_1_6' title="bbox 84 2901 1095 3289">
     <span class='ocr_line' id='line_1_28' title="bbox 84 2901 1094 2996; baseline 0.007 -26"><span class='ocrx_word' id='word_1_199' title='bbox 84 2902 88 2909; x_wconf 74' lang='grc'>’</span> <span class='ocrx_word' id='word_1_200' title='bbox 142 2904 432 2992; x_wconf 82' lang='grc' dir='ltr'><strong><em>με’νονςάφήσετε’</em></strong></span> <span class='ocrx_word' id='word_1_201' title='bbox 455 2910 525 2993; x_wconf 78' lang='grc' dir='ltr'><strong><em>καὶ,</em></strong></span> <span class='ocrx_word' id='word_1_202' title='bbox 550 2905 593 2986; x_wconf 80' lang='grc' dir='ltr'><strong><em>ὡς</em></strong></span> <span class='ocrx_word' id='word_1_203' title='bbox 609 2913 732 2993; x_wconf 84' lang='grc' dir='ltr'><strong><em>ἔοικεν,</em></strong></span> <span class='ocrx_word' id='word_1_204' title='bbox 756 2901 994 2987; x_wconf 86' lang='grc' dir='ltr'><strong><em>ὁαύτόςούτος</em></strong></span> <span class='ocrx_word' id='word_1_205' title='bbox 1009 2909 1094 2996; x_wconf 79' lang='grc' dir='ltr'><strong><em>ἀνὴρ</em></strong></span> 
     </span>
     <span class='ocr_line' id='line_1_29' title="bbox 142 3003 1094 3092; baseline 0.006 -24"><span class='ocrx_word' id='word_1_206' title='bbox 142 3003 329 3088; x_wconf 88' lang='grc' dir='ltr'><strong><em>ἰερωσύνην</em></strong></span> <span class='ocrx_word' id='word_1_207' title='bbox 340 3006 402 3089; x_wconf 80' lang='grc' dir='ltr'><strong><em>μὲν</em></strong></span> <span class='ocrx_word' id='word_1_208' title='bbox 414 3003 554 3084; x_wconf 84' lang='grc' dir='ltr'><strong><em>οὐδενός</em></strong></span> <span class='ocrx_word' id='word_1_209' title='bbox 565 3014 657 3073; x_wconf 75' lang='grc' dir='ltr'><strong><em>θεῶν</em></strong></span> <span class='ocrx_word' id='word_1_210' title='bbox 672 3008 892 3092; x_wconf 77' lang='grc' dir='ltr'><strong><em>κληρώσεται,</em></strong></span> <span class='ocrx_word' id='word_1_211' title='bbox 916 3007 959 3088; x_wconf 82' lang='grc' dir='ltr'><strong><em>ὦς</em></strong></span> <span class='ocrx_word' id='word_1_212' title='bbox 970 3007 1033 3076; x_wconf 90' lang='grc' dir='ltr'><strong><em>ούκ</em></strong></span> <span class='ocrx_word' id='word_1_213' title='bbox 1046 3004 1094 3075; x_wconf 77' lang='grc' dir='ltr'><strong><em>ἀν</em></strong></span> 
     </span>
     <span class='ocr_line' id='line_1_30' title="bbox 142 3102 1095 3192; baseline 0.005 -25"><span class='ocrx_word' id='word_1_214' title='bbox 142 3105 257 3168; x_wconf 77' lang='grc' dir='ltr'><strong><em>ἐκτῶν</em></strong></span> <span class='ocrx_word' id='word_1_215' title='bbox 268 3102 382 3187; x_wconf 90' lang='grc' dir='ltr'><strong><em>νόμων</em></strong></span> <span class='ocrx_word' id='word_1_216' title='bbox 392 3105 542 3187; x_wconf 82' lang='grc' dir='ltr'><strong><em>καθαρὸς</em></strong></span> <span class='ocrx_word' id='word_1_217' title='bbox 553 3102 590 3170; x_wconf 85' lang='grc' dir='ltr'><strong><em>τὸ</em></strong></span> <span class='ocrx_word' id='word_1_218' title='bbox 603 3111 714 3188; x_wconf 73' lang='grc' dir='ltr'><strong><em>σῶμα,</em></strong></span> <span class='ocrx_word' id='word_1_219' title='bbox 725 3106 845 3190; x_wconf 77' lang='grc' dir='ltr'><strong><em>γράγει</em></strong></span> <span class='ocrx_word' id='word_1_220' title='bbox 859 3106 891 3173; x_wconf 87' lang='grc' dir='ltr'><strong><em>δ’</em></strong></span> <span class='ocrx_word' id='word_1_221' title='bbox 904 3112 940 3174; x_wconf 89' lang='grc' dir='ltr'><strong><em>ἐν</em></strong></span> <span class='ocrx_word' id='word_1_222' title='bbox 951 3123 1018 3185; x_wconf 81' lang='grc' dir='ltr'><strong><em>τοῖς</em></strong></span> <span class='ocrx_word' id='word_1_223' title='bbox 1028 3122 1095 3192; x_wconf 79' lang='grc' dir='ltr'><strong><em>γη-</em></strong></span> 
     </span>
     <span class='ocr_line' id='line_1_31' title="bbox 142 3198 1092 3289; baseline 0.001 -23"><span class='ocrx_word' id='word_1_224' title='bbox 142 3207 303 3285; x_wconf 91' lang='grc' dir='ltr'><strong><em>φίσμασιν</em></strong></span> <span class='ocrx_word' id='word_1_225' title='bbox 319 3198 415 3285; x_wconf 87' lang='grc' dir='ltr'><strong><em>εύχάς</em></strong></span> <span class='ocrx_word' id='word_1_226' title='bbox 431 3199 515 3287; x_wconf 75' lang='grc' dir='ltr'><strong><em>ὑπὲρ</em></strong></span> <span class='ocrx_word' id='word_1_227' title='bbox 531 3209 590 3286; x_wconf 80' lang='grc' dir='ltr'><strong><em>τῆς</em></strong></span> <span class='ocrx_word' id='word_1_228' title='bbox 606 3200 732 3280; x_wconf 88' lang='grc' dir='ltr'><strong><em>πόλεως</em></strong></span> <span class='ocrx_word' id='word_1_229' title='bbox 748 3218 819 3281; x_wconf 81' lang='grc' dir='ltr'><strong><em>ταῖς</em></strong></span> <span class='ocrx_word' id='word_1_230' title='bbox 838 3219 972 3289; x_wconf 75' lang='grc' dir='ltr'><strong><em>σεμναῖς</em></strong></span> <span class='ocrx_word' id='word_1_231' title='bbox 989 3213 1092 3282; x_wconf 84' lang='grc' dir='ltr'><strong><em>θεαῖς.</em></strong></span> 
     </span>
    </p>

    <p class='ocr_par' dir='ltr' id='par_1_7' title="bbox 75 3295 1093 3482">
     <span class='ocr_line' id='line_1_32' title="bbox 75 3295 1093 3385; baseline 0.002 -21"><span class='ocrx_word' id='word_1_232' title='bbox 75 3315 124 3371; x_wconf 84' lang='grc'><strong><em>179</em></strong></span> <span class='ocrx_word' id='word_1_233' title='bbox 147 3296 213 3364; x_wconf 81' lang='grc' dir='ltr'><strong><em>εἶτα</em></strong></span> <span class='ocrx_word' id='word_1_234' title='bbox 229 3305 264 3364; x_wconf 90' lang='grc' dir='ltr'><strong><em>τί</em></strong></span> <span class='ocrx_word' id='word_1_235' title='bbox 282 3298 495 3382; x_wconf 78' lang='grc' dir='ltr'><strong><em>θαυμάζομεν</em></strong></span> <span class='ocrx_word' id='word_1_236' title='bbox 511 3295 573 3383; x_wconf 78' lang='grc' dir='ltr'><strong><em>την</em></strong></span> <span class='ocrx_word' id='word_1_237' title='bbox 590 3296 709 3384; x_wconf 76' lang='grc' dir='ltr'><strong><em>κοινὴν</em></strong></span> <span class='ocrx_word' id='word_1_238' title='bbox 728 3298 907 3385; x_wconf 85' lang='grc' dir='ltr'><strong><em>ἀπραξίαν,</em></strong></span> <span class='ocrx_word' id='word_1_239' title='bbox 930 3300 1093 3367; x_wconf 88' lang='grc' dir='ltr'><strong><em>τοιούτων</em></strong></span> 
     </span>
     <span class='ocr_line' id='line_1_33' title="bbox 141 3393 1093 3482; baseline 0.002 -22"><span class='ocrx_word' id='word_1_240' title='bbox 141 3397 292 3480; x_wconf 81' lang='grc' dir='ltr'><strong><em>ῥητόρων</em></strong></span> <span class='ocrx_word' id='word_1_241' title='bbox 308 3397 361 3462; x_wconf 79' lang='grc' dir='ltr'><strong><em>ἐπὶ</em></strong></span> <span class='ocrx_word' id='word_1_242' title='bbox 376 3393 435 3473; x_wconf 89' lang='grc' dir='ltr'><strong><em>τάς</em></strong></span> <span class='ocrx_word' id='word_1_243' title='bbox 452 3404 513 3461; x_wconf 87' lang='grc' dir='ltr'><strong><em>τού</em></strong></span> <span class='ocrx_word' id='word_1_244' title='bbox 530 3396 638 3481; x_wconf 83' lang='grc' dir='ltr'><strong><em>δήμου</em></strong></span> <span class='ocrx_word' id='word_1_245' title='bbox 653 3397 787 3482; x_wconf 76' lang='grc' dir='ltr'><strong><em>γνώμας</em></strong></span> <span class='ocrx_word' id='word_1_246' title='bbox 799 3400 1093 3482; x_wconf 80' lang='grc' dir='ltr'><strong><em>ἐπιγραφομένων;</em></strong></span> 
     </span>
    </p>
   </div>
   <div class='ocr_carea' id='block_1_3' title="bbox 0 0 1174 3916">
    <p class='ocr_par' dir='ltr' id='par_1_8' title="bbox 0 0 1174 3916">
     <span class='ocr_line' id='line_1_34' title="bbox 0 0 1174 3916; baseline 0 0"><span class='ocrx_word' id='word_1_247' title='bbox 0 0 1174 3916; x_wconf 95' lang='lat' dir='ltr'><strong><em> </em></strong></span> 
     </span>
    </p>
   </div>
  </div>
 </body>
</html>
