2340 3916
266 203 385 261 ΠΕΡΙ
404 203 833 261 ΠΑΡΑΠΡΕΣΒΕΙΑΣ.
981 203 1022 267 67

71 361 238 450 μονεύειν,
251 358 308 429 ὅθ’
322 364 356 427 ολ
365 362 517 445 πρέσβεις
529 363 563 427 06‘
572 358 659 445 παρά
671 369 739 427 τῶν
748 360 923 451 Εὐβοέων,
936 368 1023 433 ἐπει-

72 460 112 547 δὴ
132 461 207 543 περὶ
223 465 281 544 τῆς
297 454 381 543 πρός
399 454 524 535 αύτούς
541 457 673 578 εἰρήνης
689 461 839 549 τῷδήμῳ
851 466 1023 549 διελέχθη-

72 580 151 644 σαν,
176 555 332 642 είπον,”’
311 583 362 623 οτι
373 559 428 623 καί
440 563 602 634 Φίλιππος
613 583 737 637 αυτους
747 560 963 628 κελεύσειεν
944 578 1024 649 υμῖν

71 657 283 742 ἀπαγγεῖλαι,
306 653 529 741 ὅτιβούλεται
547 654 770 723 διαλύσασθαι
780 682 864 743 προς
874 685 959 744 νμας
969 663 1024 727 καί

71 754 133 841 τὴν
144 743 316 841 εἰρηνην”
293 779 397 839 αγειν.
420 751 461 820 ού
481 761 595 821 πολλα
607 752 676 820 6
654 775 795 841 υστερον
805 757 915 849 χρόνφ
928 759 1024 843 Φρύ-

70 880 141 921 νων
162 851 180 922 6
199 851 410 938 Ῥαμνούσιος
432 849 557 920 6666‘
537 851 603 920 νπό
627 862 758 941 ληστων
778 857 816 922 ἐν
832 872 901 935 ταῖς
919 878 1021 924 σπον-
1040 870 1090 931 197

63 951 143 1032 δαις
152 966 222 1031 ταις
229 948 526 1038 ’ολνμπιακαῖς,’
502 979 547 1030 ως
559 979 659 1030 αυτος
668 977 795 1039 ητιατο
817 953 973 1041 ε’πειδηδ’
989 960 1023 1025 ἐ-

72 1058 226 1137 πανηλθε
244 1055 344 1137 δεῦρο
363 1054 561 1135 λυτρωθεις,
585 1048 723 1119 ἐδεῖτο
704 1059 799 1135 νμολν
816 1051 1023 1139 πρεσβευτὴν

72 1147 164 1236 αύτῷ
183 1147 267 1232 πρὸς
290 1155 457 1215 Φίλιππον
479 1150 671 1233 ἑλέσθαι,
656 1147 714 1232 ον’,
737 1159 771 1217 εί
787 1174 856 1228 πως
877 1151 1023 1236 δύναιτο,

72 1245 237 1335 ἀπολάβοι
254 1244 293 1313 τά
312 1248 424 1332 λύτρα.
448 1251 638 1326 πεισθέντες
655 1245 687 1315 6'
705 1246 797 1335 ὑμεῖς
809 1249 1021 1334 προσείλεσθ’
1042 1259 1094 1314 198

24 1372 57 1423 13
73 1345 165 1437 αὐτῷ
182 1353 405 1432 Κτησιφῶντα
423 1346 639 1433 πρεσβευτήν.
662 1345 773 1433 ἐπειδὴ
797 1351 833 1416 66
855 1353 1023 1436 ἐπανῆλθε

74 1441 170 1532 δεῦρ’
182 1443 246 1511 ἀπό
259 1451 316 1529 τῆς
327 1451 501 1531 πρεσβείας
512 1441 530 1511 6
542 1452 739 1531 Κτησιφῶν,
753 1443 930 1532 ἀπήγγειλε
942 1446 1025 1532 πρὸς

73 1543 162 1630 ὑμᾶς
178 1542 263 1629 ύπέρ
283 1536 332 1610 οἷν
350 1546 522 1629 ἐπέμφθη,
543 1547 597 1610 καὶ
615 1542 698 1629 πρὸς
714 1545 859 1628 τούτοις,
882 1542 932 1612 ὅτι
943 1551 1024 1630 φαίη

74 1653 238 1723 Φίλιππος
254 1643 346 1710 άκων
357 1644 419 1728 μέν
430 1651 613 1727 πολεμῆσαι
624 1644 706 1727 πρὸς
717 1640 818 1729 ὑμᾶς,
839 1644 1025 1729 βούλεσθαι

74 1745 110 1811 δέ
132 1745 187 1810 καὶ
208 1749 273 1809 νύν
294 1741 526 1827 ἀπαλλαγῆναι
545 1749 605 1808 τοῦ
627 1746 783 1826 πολέμου.
817 1743 967 1820 εἰπόντος
989 1745 1024 1810 δὲ

73 1848 178 1914 ταῦτα
194 1848 255 1906 τοῦ
272 1846 510 1924 Κτησιφῶντος
524 1842 578 1908 καὶ
595 1839 721 1925 πολλήν
732 1866 805 1906 τινα
818 1843 1025 1925 ἐξαγγείλαν-

73 1964 128 2014 τος
140 1937 223 2029 πρός
234 1935 363 2016 τούτοις
375 1944 651 2022 φιλανθρωπίαν,
674 1940 728 2005 καλ
747 1945 808 2005 τοῦ
820 1939 928 2025 δήμου
938 1939 1025 2022 σφό-

75 2042 137 2122 δρα
153 2032 400 2121 ἀποδεξαμένου
411 2038 467 2105 καὶ
477 2034 537 2104 τόν
547 2044 769 2122 Κτησιφῶντα
782 2042 1024 2122 ἐπαινέσαντος,

74 2132 288 2211 ἀντειπόντος
301 2133 333 2200 6'
346 2133 493 2220 οὐδενός,
507 2138 655 2203 ἐνταῦθα
666 2136 729 2222 ἤδη
742 2141 857 2204 δίδωσι
870 2136 1024 2223 ψήφισμα

74 2234 282 2316 Φιλοκράτης
299 2232 317 2299 ὁ
333 2231 540 2318 Ἁγνούσιος,
564 2234 647 2303 καὶὸ
661 2240 763 2322 δῆμος
774 2233 860 2316 άπας
871 2235 1024 2322 ὁμογνω-

72 2357 187 2459 μογων
204 2331 467 2418 ἐχειροτόνησεν,
491 2338 608 2413 ἐξεῖναι
619 2342 771 2424 Φιλίππῳ
783 2339 883 2421 δεῦρο
895 2337 1023 2420 κη’ρνκα

73 2457 128 2498 και
118 2432 291 2549 πρέσβεις
309 2433 449 2517 πέμπειν
466 2430 549 2554 ὑπὲρ
562 2435 701 2519 εἰρήνης.
715 2435 878 2519 πρότερον
889 2460 950 2553 μεγ
961 2433 1024 2517 γάρ

71 2533 129 2598 καὶ
141 2527 221 2596 αύτό
234 2538 313 2596 τούτ
319 2527 541 2599 ’ἐκωλύετοέ
522 2533 590 2599 νπό
601 2557 702 2598 τινων
709 2525 837 2650 ,ρῖςην
848 2540 927 2597 τούτ
931 2529 1022 2597 ’ἐπι-

24 2660 58 2712 14
74 2628 215 2716 μελές,
192 2657 236 2750 φς
248 2628 328 2697 αύτό
340 2629 376 2698 τὸ
390 2639 525 2718 πρᾶγμα
536 2635 665 2711 ἔδειξεν
686 2656 871 2717 γραφονται
884 2628 916 2696 6
932 2622 1026 2698 οὗτοι

74 2730 280 2816 παρανόμων
301 2728 337 2798 τό
356 2729 529 2817 ψήφισμα,
558 2739 706 2800 Λυκῖνον
732 2732 783 2798 ἐπὶ
804 2756 866 2814 την
888 2755 1023 2814 γραφην
1043 2745 1094 2802 199

75 2829 352 2916 ἐπιγραψάμενοι,
376 2834 429 2897 καί
439 2838 560 2916 τίμημα
572 2829 690 2899 ἑκατόν
702 2828 854 2897 τάλαντα.
878 2831 933 2896 καὶ
944 2828 1023 2913 μετὰ

74 2926 169 2994 τάύτ’
189 2929 291 3015 εἰσῄει
310 2925 330 3014 ἡ
349 2927 461 3015 γραφὴ
481 2936 527 3008 είς
543 2928 578 2996 τό
595 2930 824 3014 δικαστήριον,
847 2925 1024 3015 ἀρρώστως

75 3025 107 3093 6'
126 3032 208 3111 ἔχων
232 3025 248 3093 6
270 3029 475 3113 Φιλοκράτης
492 3029 648 3096 ἐκάλεσεν
663 3026 754 3115 αὑτῷ
765 3027 954 3114 συνήγορον
965 3024 1025 3094 τὸν

74 3133 320 3213 Δημοσθένην,
347 3126 419 3194 ἀλλ’
442 3125 504 3193 οὐκ
521 3130 584 3212 ἐμέ.
609 3125 790 3213 παρελθών
808 3124 838 3193 6²
858 3124 1025 3212 ὁμισοφί-

74 3235 194 3305 λιππος
204 3231 426 3312 Δημοσθένης
442 3229 614 3307 κατέτριψε
630 3224 693 3312 τὴν
707 3224 836 3312 ἡμέραν
847 3224 929 3310 ὅλην
941 3222 1025 3290 ἀπο-

74 3326 293 3410 λογούμενος·
317 3327 371 3391 καὶ
382 3322 418 3392 τό
433 3332 620 3392 τελευταῖον
632 3321 815 3409 ἀποφεύγει
827 3321 844 3390 6
858 3322 1023 3408 Φιλοκρά-

73 3449 144 3510 της,
169 3422 186 3491 6
206 3423 241 3492 66
259 3424 471 3510 γραψάμενος
486 3422 523 3490 τὸ
541 3427 690 3508 πέμπτον
707 3426 804 3507 μέρος
823 3430 890 3570 τξγ
900 3423 1023 3506 ψάφων
