2340 3916
325 180 471 235 lUDICIA
488 180 538 231 DE
557 180 761 233 DINARCHO.
950 183 1030 234 XVII

61 331 205 415 άγωσιν·
235 327 322 395 α’λλά
344 332 401 394 καὶ
429 340 499 407 τοῖς
520 334 652 395 Λυσίου
680 330 916 438 παραπλήσιος
938 333 1032 397 ἔστιν

60 418 148 484 ὅπου
175 419 303 498 γίνεται
337 415 393 479 καὶ
420 425 490 491 τοῖς
511 412 708 494 Τπερείδου
736 414 793 479 καί
819 426 890 491 τοῖς
911 421 1031 521 Δημο-

61 505 209 576 σθένους
241 501 363 583 λόγοις.
409 501 465 564 καὶ
500 499 632 565 τούτων
664 500 773 564 πολλά
805 500 848 583 66
880 523 930 576 τις
963 504 1030 585 ἔχει

61 587 314 691 παραδείγματα
343 584 522 649 ἐκθέσθαι
553 588 615 649 τοῦ
641 584 705 667 μὲν
727 588 905 649 Λυσιακοῦ
925 608 1032 667 χαρα-

61 676 183 781 κτηρρς
206 674 243 734 ἐν
266 693 301 735 τε
323 675 369 752 τῷ
391 669 470 752 περὶ
491 670 730 775 Μνησικλέους
759 669 918 776 (κλήρου)
941 670 1031 778 λόγω

61 756 117 820 καὶ
142 755 180 819 ἐν
202 759 248 840 τῷ
271 753 355 819 κατὰ
377 756 614 837 Λυσικράτους
640 752 728 864 άπερ
751 754 952 838 Νικομάχου
974 752 1031 819 καὶ

63 844 101 906 εν
140 821 255 915 ι’ίλλοις
291 843 440 914 πολλοῖς
486 839 547 904 τοῦ
578 839 615 903 δὲ
644 838 850 922 Ὑπερείδου,
888 850 960 915 ταῖς
995 863 1031 905 τε

62 928 269 1008 οἰκονομίαις
284 923 538 1029 ἀκριβεστέρου
542 923 599 989 καὶ
613 937 686 1001 ταῖς
704 935 927 1000 κατασκευαῖς
948 947 1031 1007 γεν-

62 1012 236 1117 ναιοτόρου
264 1009 334 1112 πῶς
363 1007 459 1085 όντος
492 1014 562 1075 τῶν
592 1013 794 1108 Λυσιακῶν,
828 1007 868 1073 ἐν
900 1011 1031 1073 πλείοσι

61 1093 174 1200 666⁷·
151 1119 171 1177 η
202 1095 384 1174 τριάκοντα
411 1095 606 1198 Δεινάρχου
639 1090 752 1176 λόγοις
779 1094 1032 1196 παραδείγματα

58 1177 176 1286 εὑρεῖν
204 1182 313 1260 ἔστιν,
342 1177 404 1261 οόχ
431 1176 551 1262 ἥκιστα
579 1179 617 1244 δὲ
646 1176 702 1244 καλ
732 1178 771 1243 όν
798 1182 845 1264 τῷ
872 1178 1032 1261 περὶτῆς

58 1261 252 1345 Ἀγάθωνος
273 1264 527 1365 διαμαρτυρίας.
558 1261 600 1367 ομ
591 1262 681 1367 μὴν
696 1260 783 1328 άλλὰ
804 1242 862 1328 καὶ
883 1264 944 1328 τοῦ
959 1270 1033 1347 Δη-

62 1351 272 1451 μοσθενικοῦ
308 1353 534 1455 χαρακτῆρος,
578 1344 618 1412 δν
654 1349 797 1453 μάλιστα
835 1347 889 1431 ε’μι
914 1350 1030 1433 ήσατο,

62 1431 151 1538 6066
179 1437 285 1498 πλείω
308 1429 488 1499 δόναιτ’”
466 1456 510 1497 αν
538 1456 587 1507 τις
616 1435 739 1513 εἰπεῖν,
772 1428 817 1509 οἱς
845 1372 964 1499 καδιόν
986 1436 1032 1517 τῷ

63 1541 148 1581 κατα
138 1516 398 1583 Πολυεύκτου
415 1519 664 1602 προοιμιάζεται
679 1520 743 1622 γάρ
760 1514 916 1599 ὁμοίως’
899 1522 1031 1603 εκείνῳ,

63 1601 119 1666 καὶ
151 1602 200 1667 δι’
230 1601 312 1667 ὅλου
340 1607 402 1668 τοῦ
430 1607 535 1688 λόγου
569 1604 801 1688 παραπλήσιος
833 1606 1030 1687 μεμένηκεν.

66 1725 101 1734 -
126 1725 169 1736 —-
190 1728 232 1736 —
255 1688 299 1773 (e.
316 1689 394 1798 8)
385 1727 423 1736 -
445 1729 489 1741 -
513 1689 549 1751 οί
573 1689 611 1753 δὲ
636 1687 866 1772 Δημοσθένην
895 1708 1032 1770 προχει-

64 1772 240 1856 ρισάμενοι
270 1773 326 1836 καὶ
357 1771 414 1849 τοὶς
443 1771 564 1878 ἀρετάς
590 1775 650 1849 τὰς
683 1774 818 1839 ἐκείνου
851 1771 1033 1847 διώκοντες

62 1859 152 1938 τῆς
148 1858 210 1923 μὲν
238 1857 466 1962 προαιρέσεως
492 1857 592 1922 ἕνεκα
626 1859 859 1962 ἐπῃνέθησαν,
892 1853 933 1920 06
964 1855 1032 1940 μὴν

64 1947 207 2022 ι”σχυσαν
229 1940 269 2007 τά
292 1945 453 2026 κράτιστα
476 1945 545 2007 τῶν
568 1943 703 2008 ἐκείνου
725 1944 788 2006 τοῦ
810 1940 952 2047 ρητορος
974 1944 1029 2024 ἔρ-

62 2049 133 2107 γων
157 2029 284 2109 λαβεῖν.
314 2051 448 2093 τουτων
470 2027 611 2106 όίριστον
633 2023 679 2092 άν
700 2051 749 2103 τις
772 2031 850 2111 θείη
872 2025 932 2091 τόν
947 2028 1033 2091 Λεί-

63 2134 193 2213 ναρχον
221 2112 397 2193 γενέσθαι
432 2118 581 2178 λείπεται
607 2113 646 2177 66
674 2113 916 2214 Λημοσθένους
947 2108 1032 2212 κατά

63 2195 127 2276 μὲν
149 2192 212 2276 την
236 2197 381 2300 ε’κλογην
396 2201 465 2264 των
488 2197 665 2280 ὀνομάτων
679 2202 720 2282 τῇ
743 2197 922 2303 δεινότητι
947 2188 1032 2261 κατά

64 2279 101 2342 δὲ
131 2277 194 2362 την
222 2282 390 2348 σύνθεσιν
413 2288 458 2388 τῇ
486 2286 637 2368 ποικιλία
663 2305 731 2347 των
766 2284 946 2384 σχημάτων
975 2283 1032 2346 καί
1064 2286 1068 2296 ’

62 2376 107 2468 τῇ
128 2366 309 2473 ἐξαλλαγῇ·
338 2366 423 2433 κατά
446 2369 483 2433 66
511 2365 573 2451 την
602 2367 739 2472 εὕρεσιν
766 2371 835 2431 τείν
858 2365 1032 2472 ἐπιχειρη-

63 2450 176 2532 μάτων
199 2454 245 2534 τῷ
263 2451 311 2558 μη
336 2451 437 2517 καινά
459 2455 515 2518 καὶ
537 2451 712 2562 παράδοξα
735 2453 931 2557 λαμβάνειν
945 2449 1032 2516 άλλόι

63 2534 195 2642 φανερά
217 2537 274 2600 καί
298 2538 336 2602 ἐν
363 2540 409 2620 τῷ
431 2541 521 2626 μέσω
543 2542 697 2621 κείμενα·
729 2535 813 2600 κατά
836 2535 874 2600 66
896 2530 958 2618 τὴν
981 2537 1032 2600 06-

64 2624 228 2723 κονομίαν
256 2624 296 2703 τῇ
326 2622 418 2699 τάξει
445 2604 506 2688 καλ
524 2633 597 2699 ταις
619 2622 828 2707 ἐξεργασίαις
855 2642 926 2685 των
954 2621 1032 2685 ἐπι-

63 2704 284 2812 χειρημάτων
318 2705 374 2769 καὶ
416 2719 488 2784 ταῖς
531 2717 823 2789 προκατασκευαῖς
866 2701 923 2769 καὶ
958 2715 1032 2782 ταις

64 2789 201 2900 ἐφόδοις
230 2785 286 2853 καὶ
314 2801 383 2866 τοις
410 2787 525 2870 ἄλλοις
556 2802 722 2875 τεχνικοῖς
754 2789 1031 2899 παραγγέλμασιν

63 2870 85 2937 6
106 2876 182 2958 περὶ
210 2873 337 2957 ταύτην
366 2873 437 2939 ἐστὶ
464 2875 527 2961 τὴν
549 2877 654 2944 ἰδέαν.
698 2872 909 2992 μάλισταδ’
924 2872 1032 2941 αὐτοῦ

64 2962 212 3024 λείπεται
240 2961 281 3043 τῇ
309 2964 496 3066 συμμετρία
523 2960 648 3069 καὶτῷ
671 2965 817 3047 ευκαίρῳ
840 2960 926 3048 (καί)
949 2962 1031 3045 πρό-

64 3062 172 3106 ποντι.
217 3044 303 3125 λέγω
327 3046 364 3109 66
387 3048 491 3109 ταῦτα
513 3043 577 3111 οὐκ
601 3028 641 3111 ἐν
662 3070 708 3132 τῳ
695 3025 883 3112 καθόλου
905 3047 1030 3131 τρόπω,

64 3121 109 3199 τός
130 3127 236 3208 μηδὲν
257 3129 389 3194 τούτων
404 3135 667 3216 κατορθοῦντος,
686 3111 761 3195 ἀλλ’
787 3133 825 3198 ἐν
845 3140 893 3218 τῷ
915 3153 1031 3196 κοινο-

63 3315 126 3366 mal
146 3308 285 3368 πολλὰ
265 3336 302 3370 αν
320 3337 363 3380 τις
386 3316 447 3387 ἔχει
464 3315 548 3401 (ἔχοι
557 3320 691 3376 etiamR.
706 3318 814 3402 ci..)-
842 3315 950 3387 κληρου
968 3326 1031 3384 post

61 3385 131 3450 Μνη
134 3400 157 3437 σ.
173 3385 235 3439 coll.
250 3403 273 3439 ο.
287 3390 318 3438 12
338 3389 400 3439 add
415 3389 493 3444 S.-
511 3380 626 3440 δάναιτ’
646 3379 684 3440 άν
702 3405 746 3448 τις
759 3392 855 3455 ευρειν
872 3389 936 3439 ωειλ.
956 3388 1030 3438 S.-

63 3451 98 3514 (ο
117 3453 152 3515 8).
181 3451 231 3505 καί
256 3453 294 3523 τῷ
315 3448 438 3535 εόκαίρςο
456 3455 506 3507 καλ
523 3452 663 3522 πρέποντι
681 3458 782 3524 scripsi
805 3456 868 3512 coll
892 3457 926 3507 de
949 3456 1030 3506 Dem.

62 3538 86 3571 ο.
107 3526 152 3572 34:
170 3520 221 3572 καὶ
239 3524 278 3592 τῷ
296 3523 386 3592 καιρῷ
405 3520 551 3589 πρέποντι.
570 3551 604 3561 -

100 3623 215 3654 munem
228 3623 264 3656 οτι
809 3612 826 3660 λι
