2340 3916
339 178 431 230 τοττι
449 177 522 229 νοω
540 176 772 231 mmmm.
994 178 1036 243 γρ

66 322 248 409 ἐπέμειναν
273 319 328 388 ἐπὶ
352 323 421 387 τῶν
439 319 619 406 τυράννων
646 322 683 388 ἐν
708 323 749 408 τή
769 321 884 408 πόλει,
908 320 948 388 τό
973 322 1036 408 μὲν

65 422 155 493 ἄλλα
173 412 214 508 ήν
233 419 318 507 ἅπερ
336 436 407 501 τοῖς
425 419 538 501 ἄλλοις
557 428 728 508 πολίταις,
752 429 861 492 εἰπεῖν
880 421 911 490 δ’
934 425 1035 514 ἐντῷ

66 524 166 617 δήμω
181 521 244 591 ούκ
260 524 337 609 ἐξήν
351 521 470 602 αύτοίς
484 521 566 592 ούδλ
579 527 773 610 βουλεῦσαι.
802 524 934 593 τούτων
950 515 1037 613 ήσαν

66 616 163 695 οὗτοι
181 622 304 713 όιτιμοι·
331 621 416 712 αὕτη
440 626 507 713 γὰρ
526 615 568 711 ήν
587 623 718 705 τούτοις
737 623 925 713 πρόσταξις.
964 627 1037 695 ἑτέ·
1056 640 1088 689 '16

68 754 141 817 ροις
159 726 223 796 ούκ
237 717 279 813 ήν
293 726 508 816 γράψασθαι,
526 740 598 806 τοϊς
612 726 650 796 δέ
667 725 828 815 ἐνδεῖξαι,
846 742 918 806 τοῖς
936 725 975 796 δέ
992 726 1037 814 μή

68 830 280 898 ἀναπλεῦσαι
298 836 346 907 είς
357 827 624 915 Ἑλλήσποντον,
642 825 756 908 ἄλλοις
771 827 801 896 δ’
823 834 871 908 είς
887 826 1036 897 Ἰωνίαν·

67 945 140 1010 τοίς
168 928 199 998 δ’
229 936 278 1009 είς
302 927 365 1015 τήν
389 928 520 1017 ύγορόιν
546 929 590 1017 μή
615 932 752 999 εἰσιέναι
779 928 958 1019 πρόσταξις
986 920 1036 1017 ήν.

67 1029 161 1100 ταῦτ’
173 1022 237 1099 οὖν
249 1035 463 1119 ἐψηφίσασθε
474 1031 645 1111 ἐξαλεῖψαι
655 1032 766 1101 πάντα
776 1034 815 1100 τὰ
827 1038 1038 1120 ψηφίσματα,

69 1134 128 1201 καὶ
154 1130 241 1201 αύτδι
266 1134 323 1201 καλ
343 1142 377 1202 εί
390 1133 461 1201 πού
478 1160 509 1200 τι
527 1131 740 1223 ἀντίγραφον
764 1124 825 1222 ήν,
849 1135 906 1202 καὶ
925 1142 1039 1203 πίστιν

69 1234 228 1322 ἀλλήλοις
254 1236 331 1324 περὶ
355 1234 517 1322 ὁμονοίας
543 1237 665 1304 δούναι
689 1239 725 1305 ἐν
744 1233 933 1324 ἀκροπόλει.
971 1242 1042 1305 Καί

68 1363 127 1424 μοι
145 1336 321 1424 ἄνοι’γνωθι
335 1338 372 1405 τὸ
394 1334 604 1425 ψήφισματὸ
624 1343 896 1427 Πατροκλείδου,
920 1336 1002 1406 καθ’
1022 1333 1040 1404 δ

71 1441 180 1506 ταῦτα
199 1440 341 1525 ἐγένετο.

94 1569 318 1628 ΨΗΦΙΣΜΑ.
350 1568 570 1648 Πατροκλείδης
592 1560 691 1645 εἶπεν,
709 1563 830 1647 Ἐπειδὴ
853 1566 1041 1648 ἐψηφίσαντο
1059 1570 1091 1619 77

111 1648 270 1731 Ἀθηναῖοι
282 1652 336 1731 τήν
350 1651 457 1713 ίίδειαν
472 1651 538 1733 περὶ
559 1660 619 1713 τῶν
634 1648 829 1732 ὀφειλόντων,
851 1650 926 1714 όίστε
945 1650 1041 1733 λέγειν

115 1734 224 1811 ἐξεῖναι
245 1735 295 1797 καί
316 1735 524 1816 ἐπιψηφίζειν,
546 1737 745 1815 ψηφίσασθαι
766 1735 817 1797 τὸν
838 1738 934 1816 δῆμον
949 1732 1041 1797 ταύτολ

112 1818 191 1900 όίπερ
207 1819 254 1882 ὅτε
269 1814 309 1901 ήν
324 1820 359 1881 τδ
375 1818 517 1899 Μηδικά,
540 1820 591 1882 καλ
605 1819 789 1901 συνήνεγκεν
801 1817 977 1900 Ἀθηναίοις
993 1819 1042 1881 ἐπὶ

115 1904 147 1968 τδ
162 1904 295 1984 ἄμεινον.
326 1906 393 1985 περὶ
408 1904 442 1966 δέ
458 1915 518 1967 τῶν
533 1904 791 1986 ἐπιγεγραμμένων
810 1906 853 1979 εἰς
874 1897 941 1977 τούς
964 1905 1041 1983 προί-

115 2013 220 2071 κτορας
248 1987 269 2069 ή
292 1983 359 2064 τούς
376 1992 480 2069 ταμίας
501 1999 554 2070 τῆς
568 1996 646 2052 θεοῦ
660 1990 710 2052 καὶ
725 1998 785 2051 τιλν
805 1990 904 2052 ἄλλων
923 1993 1007 2051 θεῶν
1022 1985 1043 2068 ή

533 2074 539 2098 λ

115 2067 167 2137 τόν
187 2073 327 2155 βασιλέα,
348 2072 369 2154 ή
390 2075 422 2137 εἴ
439 2099 482 2149 τις
502 2100 547 2184 μη
566 2071 686 2155 (ὀρθῶς)
709 2074 871 2156 ἐξεγράφη,
891 2072 974 2155 μέχρι
990 2083 1042 2155 τῆς

116 2159 297 2239 ἐξελθούσης
318 2162 430 2240 βουλῆς
452 2158 501 2237 ἐφ’
524 2185 562 2239 ης
584 2160 715 2233 Καλλίας
736 2154 843 2241 ήργεν,
864 2158 930 2223 ὅσοι
944 2158 1042 2240 ίίτιμοι
1060 2178 1093 2228 78

116 2238 196 2325 ήσαν
218 2240 436 2322 ήόφείλοντες,
458 2244 509 2305 καὶ
524 2242 605 2306 ὅσων
626 2243 762 2306 εύθοναί
779 2243 856 2318 τινές
877 2247 933 2307 εἶσι
957 2266 1041 2306 κατε-

114 2327 284 2412 γνωσμέναι
300 2328 409 2401 ἐντοῖς
425 2330 619 2410 λογιστηρίοις
634 2324 694 2391 δπδ
710 2339 771 2390 των
785 2326 930 2391 εὐθύνων
944 2327 966 2409 ή
980 2338 1041 2391 τολν

115 2413 289 2494 παρέδρων,
305 2410 326 2491 ή
339 2411 427 2492 μήπω
443 2413 612 2494 εἰσηγμέναι
627 2415 669 2487 εἰς
684 2411 716 2475 τὸ
728 2414 920 2493 δικαστήριον
930 2416 1046 2495 γραφαί

116 2498 194 2572 τινές
220 2500 277 2559 είσι
298 2498 365 2576 περὶ
385 2508 446 2559 τολν
472 2496 634 2577 εὐθύνων,
655 2496 677 2578 ή
697 2497 869 2579 προστάξεις
894 2495 915 2576 ή
940 2497 1044 2579 ἐγγύαι

144 2687 184 2736 75.
203 2676 365 2751 ὑπέμειναν
383 2684 406 2734 L
425 2699 466 2749 pr.
486 2711 519 2720 -
538 2677 696 2751 τυράννων]
715 2686 796 2736 immo
819 2699 882 2735 cum
898 2683 984 2734 Dobr.
1002 2698 1044 2734 τε·

79 2750 256 2817 τρακοσίων,
274 2753 346 2802 sicut
364 2756 407 2802 est
424 2753 438 2813 6
458 2752 489 2802 78
509 2750 545 2804 al.
563 2778 597 2788 -
616 2741 645 2801 δ’
666 2742 708 2817 ἐν]
729 2746 762 2803 δέ
780 2751 884 2803 ABLZ.

147 2822 189 2871 77.
213 2820 398 2871 ΨΗΦΙΣΜΑ
421 2822 449 2869 in
473 2834 526 2885 mg.
551 2818 613 2869 add.
636 2818 684 2870 Ad.
706 2845 740 2856 —
763 2817 829 2884 (τῶν
851 2810 962 2883 ἐτίμων
984 2817 1044 2883 καὶ)

74 2887 134 2939 τῶν
156 2878 335 2952 ὀφειλόντων
358 2886 385 2937 S.
403 2886 467 2941 coll.
484 2889 562 2942 Dem.
585 2887 703 2940 Timocr.
721 2888 763 2937 46.
785 2913 819 2923 -
845 2877 938 2939 ταύτσὶ
955 2886 1044 2941 Τύναι

72 2955 176 3008 ταῦτα.
199 2988 231 2995 -
250 2948 485 3022 ἐγγεγραμμένων
503 2953 581 3020 Εωρ,
600 2981 633 2991 -
651 2942 669 3020 ή
690 2959 756 3005 ante
776 2952 806 3006 εί
821 2969 864 3014 τις
883 2953 935 3005 del.
953 2955 1045 3021 Emp.;

74 3014 344 3140 οοοττεᾱέγὲεγρύφη
363 3038 411 3089 pro
431 3013 576 3088 ἐξεγράφη
595 3023 628 3074 οἱ.
649 3022 676 3077 S.
695 3049 729 3060 -
747 3020 860 3073 Comma
878 3025 941 3087 post
957 3015 1046 3089 ἐξεγρ.

72 3108 92 3143 ε
115 3106 166 3141 oa
205 3108 250 3141 ιι.

95 3106 113 3156 g
146 3159 188 3210 78.
208 3146 276 3209 ὅσον
293 3157 348 3211 ΑΒ.
361 3183 393 3192 -
413 3155 612 3224 λογιστηρίοις]
633 3158 668 3208 cf.
686 3158 785 3223 Harpa
804 3157 864 3223 λογ.
884 3151 915 3207 δ’
933 3148 993 3209 ἐστὶ
1011 3149 1047 3207 τοί

74 3225 133 3277 τῶν
156 3224 293 3291 λογιστῶν
316 3216 432 3291 ύρχεῑα,
458 3217 495 3284 ὡς
514 3224 722 3291 Δείναρχος-
745 3252 778 3262 -
797 3223 846 3276 καλ
862 3216 935 3274 Ἆνδ.
955 3218 986 3276 ἐν
1008 3240 1046 3275 τω

74 3310 105 3344 π.
130 3310 153 3346 τ.
177 3307 258 3357 μυστ.
289 3291 434 3358 δηλοῦσιν.
458 3319 491 3369 Ι-
514 3287 661 3359 προέδρων
685 3309 724 3359 pr.
744 3294 776 3346 A.
797 3320 827 3328 -
847 3285 981 3344 εύθννῶν
999 3276 1046 3342 AL

76 3361 145 3411 Bk.:
166 3354 309 3413 εὐθύνων.
321 3388 352 3396 -
363 3358 533 3424 προςταξεις
551 3375 647 3410 sanum
665 3376 719 3410 non
737 3366 818 3425 puto:
837 3359 871 3409 de
890 3358 1047 3425 publicanis

75 3445 166 3479 sermo
190 3429 272 3479 fuerit
295 3428 382 3494 deque
407 3444 500 3480 eorum
522 3418 796 3496 προσκαταβλήματα
824 3424 876 3491 (ef.
898 3428 914 3490 Q
936 3422 996 3492 λθή.
1018 3457 1052 3467 -

48 3548 54 3557 ,
77 3512 121 3547 vv.
135 3485 153 3562 ή
166 3486 197 3560 ἐξ
208 3482 314 3562 ’Ᾰρείον
325 3512 357 3547 π.
371 3523 404 3533 -
416 3486 570 3562 τνρύννοις
589 3513 604 3550 e
623 3495 736 3552 Solonis
751 3495 821 3568 λεςε
833 3486 925 3565 λόξων
947 3484 977 3563 ιή
997 3485 1070 3557 vim.
