2340 3916
301 264 365 320 KA
376 264 435 320 TA
456 263 486 319 K
494 263 838 324 ΤΗΣΙΦΩΝΤΟΣ.
980 262 1041 329 177

30 441 66 496 88
168 421 418 507 Παρανάγνωθι
439 424 493 489 καί
514 419 532 488 δ
554 429 700 507 γέγραφε
724 429 905 510 Κτησιφῶν
923 434 1042 513 Δημο·
1057 430 1112 488 578

85 522 198 586 σθένει
209 527 255 603 τῶ
266 528 334 587 τῶν
344 527 509 605 μεγίστων
519 528 633 587 κακῶν
644 525 746 609 αίτίφ.

453 624 680 686 ΨΗΦΙΣΜΑ.

172 721 287 809 Τούτφ
306 729 354 810 τῶ
370 733 556 806 ψηφίσματι
567 723 771 806 ἐξαλείφεται
781 719 802 808 ῆ
813 730 881 788 τῶν
892 747 1038 806 καταγα-

86 818 215 900 γόντων
226 816 286 884 τὸν
304 816 411 904 δῆμον
426 819 543 901 δωρεά.
567 826 598 888 εί
606 818 699 887 τοῦτ’
713 827 779 905 ἔχει
789 829 912 905 καλῶς,
931 825 1037 889 ε’κεῑνο

84 924 239 1001 αἰσχρῶς·
253 923 283 985 εί
292 921 411 985 ἐκεῖνοι
422 916 497 984 κατ’
509 916 605 998 ἀξίαν
616 919 832 1005 ἐτιμήθησαν,
845 911 943 998 οὗτος
953 917 1038 987 ἀνά-

84 1022 150 1096 ξιος
163 1012 211 1084 ῶν
222 1026 453 1103 στεφανοῦται.

30 1143 64 1200 39
167 1123 284 1184 Καίτοι
300 1118 519 1204 πυνθάνομαί
533 1115 567 1202 γ’
584 1114 688 1185 αὐτὸν
698 1119 829 1204 μέλλειν
846 1121 970 1205 λέγειν,
995 1118 1038 1198 ῶς

84 1213 125 1281 ού
143 1220 254 1282 δίκαια
272 1223 356 1284 ποιῶ
374 1216 599 1302 παραβάλλων
612 1213 704 1307 αὐτῶ
720 1213 760 1284 τά
776 1225 843 1285 τῶν
858 1217 1036 1302 προγόνων

82 1319 178 1398 ἔργα·
203 1313 281 1382 οὐδὲ
295 1313 359 1400 γάρ
372 1316 579 1401 Φιλάμμωνα
597 1334 679 1401 φησι
696 1313 756 1383 τὸν
772 1315 903 1401 πύκτην
917 1313 1035 1401 Ὀλυμ-

85 1419 177 1479 πίασι
189 1421 448 1499 στεφανωθῆναι
466 1412 646 1500 νικήσαντα
657 1421 814 1482 Γλαῦκον
824 1413 885 1482 τόν
897 1411 1038 1482 παλαιὸν

85 1514 214 1578 ἐκείνου
231 1511 378 1599 πύκτην,
401 1508 484 1579 ἀλλά
502 1511 582 1591 τούς
597 1509 678 1578 καθ’
699 1511 819 1580 ἑαυτὸν
841 1508 1035 1596 ἀγωνιστὰς,

84 1609 194 1694 ῶσπερ
207 1606 293 1694 ὑμᾶς
304 1608 528 1696 ἀγνοοῦντας,
552 1609 605 1677 ὅτι
615 1625 683 1687 τοῖς
694 1611 755 1695 μὲν
766 1607 1035 1688 πύπταιςέστὶυὸ

82 1707 174 1793 ἀγῶν
191 1708 275 1795 πρὸς
292 1707 473 1795 ἀλλήλους,
497 1722 565 1787 τοῖς
584 1706 616 1776 δ’
636 1707 765 1788 ἀξιοῦσι
782 1715 1035 1792 στεφανοῦσθαι

83 1809 165 1894 πρὸς
178 1808 284 1895 αὐτὴν
296 1813 358 1896 τῆν
375 1809 514 1895 ἀρετῆυ,
536 1802 576 1895 ῆς
593 1811 647 1876 καὶ
664 1812 761 1876 ἕνεκα
779 1817 1033 1895 στεφανοῦνται.

84 1906 206 1992 δεΐγάρ
218 1908 278 1975 τόν
288 1909 420 1993 κη’ρυκα
431 1905 606 1992 ἀψευδεῖν,
631 1905 713 1973 ὅταν
728 1904 790 1991 τῆν
801 1905 986 1993 ἀνάρρησιν
997 1909 1034 1973 ἐν

81 2014 128 2095 τῷ
139 2007 271 2095 θεάτρφ
284 2015 415 2092 ποιῆται
431 2003 514 2090 πρὸς
530 2003 785 2092 τούςἝλληνας.
809 2003 854 2093 μῆ
868 1999 932 2073 οὖν
944 2003 1032 2092 ῆμλν,

82 2101 125 2180 ῶς
136 2112 362 2184 Παταικίωνος
373 2103 510 2190 ἀμεινον
527 2113 774 2192 πεπολίτευσαι,
799 2110 934 2191 διέξιθι,
957 2102 1032 2173 ἀλλ’
1051 2115 1102 2170 579

81 2203 277 2288 ἐφικόμενος
297 2213 356 2289 τῆς
378 2203 620 2290 ἀνδραγαθίας,
644 2203 731 2272 οὕτω
747 2202 804 2283 τὰς
821 2206 955 2290 χάριτας
977 2201 1036 2273 τὸν

82 2305 189 2387 δῆμον
201 2298 337 2371 ἀπαίτει.

30 2429 63 2482 90
155 2399 227 2470 Ἵνα
243 2405 278 2472 δὲ
296 2402 339 2490 μῆ
359 2402 542 2472 ἀποπλανῶ
560 2403 645 2490 ὑμᾶς
663 2404 727 2472 ἀπὸ
751 2414 808 2490 τῆς
829 2404 1031 2489 ὑποθέσεως,

81 2497 307 2584 ἀναγνώσεται
318 2499 398 2585 ὑμῖν
416 2498 433 2568 ὁ
446 2502 656 2589 γραμματεύς
667 2502 703 2569 τὸ
715 2506 918 2588 ἐπίγραμμα,
931 2500 951 2570 ὃ
962 2507 1034 2570 ἐπικ

79 2600 258 2682 γέγραπται
270 2614 336 2677 τοῖς
347 2599 412 2668 ἀπὸ
424 2608 537 2687 Φυλῆς
548 2600 607 2669 τδν
620 2607 726 2687 δῆμον
736 2610 991 2688 καταγαγοῦσιν.
1050 2616 1101 2670 580

414 2708 699 2769 ΕΠΙΓΡΑΜΜΑ.

127 2797 250 2865 Τούσδ’
262 2797 379 2884 ἀρετῆς
388 2801 484 2867 ἕνεκα
495 2801 672 2886 στεφάνοις
681 2802 827 2885 ἐγέραιρε
837 2806 1032 2886 παλαίχθων

165 2893 474 2982 δῆμοςἈθηναίων,
487 2902 522 2965 οἵ
529 2924 607 2966 ποτε
621 2899 699 2976 τούς
711 2897 835 2977 ἀδίκοις

122 3004 258 3079 θεσμοῖς
269 2992 430 3076 ἄρξαντας
442 3001 566 3078 πρῶτοι
579 2996 706 3075 πόλεως
716 2997 919 3065 καταπαύειν

164 3086 277 3178 ἧρξαν,
291 3096 453 3161 κίνδυνον
465 3094 616 3179 σῶμασιυ
627 3092 797 3182 ἀράμενοι.

30 3218 60 3272 91
156 3189 227 3258 Ὅτι
237 3191 316 3269 τούς
334 3191 422 3275 παρὰ
434 3190 512 3271 τοὺς
524 3193 649 3278 νόμους
660 3193 822 3277 ἄρξαντας
833 3196 1029 3280 κατέλυσαν,

79 3288 131 3356 διά
145 3287 237 3356 τοῦτ’
251 3287 372 3368 αὐτούς
383 3311 486 3377 φησιν
498 3287 516 3359 ὁ
528 3291 664 3378 ποιητῆς
674 3298 864 3378 τιμηθῆναι.
888 3299 1031 3362 ἔναυλον

78 3389 141 3473 γάρ
154 3380 197 3473 ῆν
208 3388 281 3456 τότε
295 3396 412 3475 πᾶσιν,
437 3388 488 3457 ὅτι
506 3399 688 3477 τηνικαῦτα
704 3387 722 3456 ὁ
735 3395 837 3476 δῆμος
848 3392 1028 3478 κατελύθη,

77 3486 189 3570 ἐπειδή
201 3514 287 3564 τινες
298 3484 356 3565 τάς
367 3489 498 3575 γραφὰς
508 3497 575 3557 τῶν
592 3489 802 3577 παρανόμων
817 3488 970 3554 ἀνεῖλον.
989 3492 1053 3550 τῶι.
1093 3520 1096 3525 ·

115 3584 275 3659 Αεοοαιαεε.
858 3577 913 3637 Ὡ-
