2340 3916
63 224 90 275 p.
106 206 150 259 59.
202 207 293 259 ΠΕΡΙ
309 206 386 258 ΤΟΤ
404 206 703 259 ΦΙΛΟΚΤΗΜΟΝΟΣ
719 208 883 260 ΚΔΗΡΟΤ.
981 217 1021 277 77

61 378 258 472 συνῴκησεν
275 382 390 471 ἐκείνω
407 373 428 466 ή
448 376 590 468 διῃτήθη
616 382 773 449 τοσοῦτον
789 379 909 469 χρόνον
927 385 963 451 ἐν
979 387 1022 474 τῇ

38 502 41 509 ·
61 488 157 572 οίκίᾳ.
194 476 235 551 τά
259 477 322 570 γάρ
340 483 477 549 τοιαυτα
502 475 565 550 οόκ
583 486 629 560 είς
647 476 708 567 τήν
724 475 899 570 ἀνάκρισιν
915 479 1020 571 μόνον

63 587 114 652 δεῖ
129 588 324 671 πορίζεσθαι
349 570 510 670 όνόματα,
538 575 620 649 άλλά
636 583 680 670 τῇ
703 575 845 672 άληθείμ
860 582 1020 671 γεγονότα

63 677 307 771 ἀποφαίνεσθαι
337 683 393 751 καὶ
423 676 490 752 ὑπό
511 684 579 751 τοῖν
601 679 835 770 προσηκόντων
857 711 1019 775 καταμαρ
1126 744 1129 751 .

63 795 244 873 τυρεῖσθαι.
278 778 448 864 άποδεῖξαι
463 788 581 852 τοίνυν
597 776 692 870 ἡμων
709 779 914 853 κελευόντων
932 781 1020 866 ὅστις
1038 803 1071 855 16

10 886 14 979 ή
63 883 130 952 οἶδε
147 887 217 953 των
228 879 441 972 Εὐκτήμονος
451 890 583 953 οίκείων
601 877 622 969 ἦ
640 880 885 972 συνοικήσασαν
904 887 1019 978 ἐκείνῳ

63 980 133 1053 τινά
154 979 176 1072 ή
196 980 269 1073 [τήν
285 983 494 1072 Καλλίππην]
515 987 830 1072 ἐπιτροπευομένηυ,
857 987 913 1054 καὶ
931 984 1020 1076 παρά

10 1076 12 1087 ’
63 1089 126 1154 τοῖν
142 1083 251 1156 όντων
267 1082 485 1175 θεραπόντων
501 1081 559 1154 τόν
576 1090 711 1174 ἔλεγχον
736 1097 923 1175 ποιεῖσθαι,
950 1081 1023 1174 ήεί

63 1212 106 1265 τις
122 1190 195 1273 των
209 1181 289 1275 παρ’
317 1181 429 1265 αὐτοῖς
447 1188 584 1256 οἰκετων
610 1183 730 1273 φάσκει
755 1188 859 1256 ταῦτα
882 1191 1016 1277 είδίυαι,

63 1280 138 1374 ἡμῖν
154 1290 380 1376 παραδοῦναι,
399 1283 477 1356 οότε
494 1292 610 1373 λαβεῖν
627 1282 797 1374 ἠθέλησαν
813 1282 894 1357 οὔθ’
913 1283 994 1377 ήμῑν
1012 1283 1016 1384 J

64 1391 276 1476 παραδοῦναι.
321 1395 391 1457 Καί
414 1415 468 1476 μοι
485 1387 567 1475 λαβὲ
584 1385 645 1474 τήν
662 1382 694 1455 τ’
713 1382 889 1477 άπόκρισιν
906 1385 1018 1459 αὐτων

64 1485 190 1569 καὶτὰς
207 1483 365 1579 ἡμετέρας
382 1495 564 1578 μαρτυρίας
581 1489 636 1557 καὶ
654 1485 858 1577 προκλήσεις.
887 1506 891 1511 ’

161 1652 376 1705 ΑΠΟΚΡΙΣΙΣ.
412 1653 625 1703 ΜΑΡΤΤΡΙΑΙ.
660 1651 915 1703 ΠΡΟΚΛΗΣΕΙΣ.

132 1782 234 1864 Οὗτοι
259 1795 321 1883 μὲν
346 1800 461 1864 τοίνυν
486 1796 614 1863 τοιοῦτο
631 1794 766 1883 πράγμα
783 1799 923 1882 ἔφυγον·
953 1791 1016 1880 ἐγω
1035 1800 1065 1851 1⁷

64 1888 91 1960 δ’
107 1888 189 1982 ὑμῖν
216 1897 367 1977 ἐπιδείξω
393 1897 447 1964 καί
472 1890 555 1964 όθευ
582 1896 646 1963 είσὶ
672 1895 727 1962 καὶ
752 1899 872 1974 οἵτινες
895 1888 1016 1974 αότοδς

60 2002 211 2080 γνησίους
246 1994 511 2086 διεμαρτόρησαυ
537 1993 623 2064 εἶναι
649 1996 704 2065 καί
722 1992 945 2085 κληρονόμους
964 2003 1014 2083 ζη-

60 2097 147 2163 τοόσι
169 2099 370 2185 καταστῆσαι
393 2100 460 2166 των
477 2091 699 2184 Εὐκτήμονος.
744 2107 823 2176 ίσως
846 2096 907 2185 μέν
925 2098 1015 2165 ἐστιν

59 2197 152 2282 αηδδς
167 2195 406 2290 Φανοστράτῳ,
425 2187 453 2266 οδ
470 2193 608 2287 άυδρες,
627 2194 684 2277 τάς
702 2193 915 2285 Εὐκτήμονος
934 2214 1014 2285 συμ-

58 2292 157 2386 φοράς
173 2295 321 2388 φανεράς
339 2296 556 2368 καθεστάναι·
584 2293 680 2385 ὀλίγα
699 2293 733 2365 δ’
752 2293 934 2384 άυαγκαῑον
957 2301 1014 2387 βη-

56 2400 171 2486 θήναι,
199 2394 246 2468 ἵν’
274 2393 371 2487 ὑμεῖς
394 2396 456 2486 τήν
481 2394 643 2486 άλήθειαν
661 2396 784 2478 εἰδότες
808 2401 890 2488 ῥᾷον
906 2395 947 2467 τά
966 2404 1014 2467 δί-

56 2523 127 2565 καια
153 2506 358 2587 ψηφίσησθε.
404 2495 590 2588 Ελόκτήμων
616 2499 677 2588 μὲν
702 2495 766 2589 γάρ
794 2502 872 2585 ἐβίω
897 2504 954 2585 ἔτη
978 2500 1012 2581 δξ
1033 2509 1066 2560 18

55 2601 105 2666 καὶ
125 2597 339 2687 ἐνενήκοντα,
357 2598 477 2670 τοότου
497 2600 534 2668 δὲ
551 2602 612 2668 τοῦ
629 2596 750 2688 χρόνον
767 2595 825 2668 τδυ
843 2598 904 2687 μὲν
921 2606 1011 2666 πλεί-

53 2720 129 2769 στον
156 2698 263 2769 ἐδόκει
291 2696 460 2789 εὐδαίμων
487 2699 572 2768 εἶναι
599 2698 669 2788 (καὶ
686 2696 750 2790 γάρ
774 2694 872 2768 οόσία
889 2688 932 2786 ἦν
948 2694 1012 2768 οόκ

51 2794 146 2888 ὀλίγη
164 2795 257 2891 αὐτῷ
273 2803 329 2870 καὶ
346 2807 462 2881 παῖδες
480 2803 535 2869 καὶ
552 2798 656 2889 γυνή,
674 2801 730 2869 καί
747 2789 840 2871 πάλλ’
861 2803 1010 2882 ἐπιεικῶς

51 2897 215 2990 εὐτύχει),
244 2904 297 2970 ἐπὶ
324 2900 433 2991 γήρως
462 2903 498 2970 δὲ
515 2898 607 2994 αὐτῷ
632 2897 788 2991 συμφορά
815 2903 944 2988 ἐγένετο
971 2897 1012 2971 οὐ

49 3000 165 3092 μικρά,
194 2997 217 3089 ἢ
244 3006 374 3073 ἐκείνου
400 3006 511 3073 πάσαν
535 3000 597 3089 τήν
623 3008 732 3072 οἰκίαν
757 2999 939 3090 ἐλυμήνατο
956 3003 1013 3071 καί

47 3102 198 3193 χρήματα
223 3101 329 3173 πολλά
354 3100 491 3173 διοόλεσε
515 3106 570 3172 καὶ
588 3098 691 3172 αότδν
711 3119 779 3182 τοῖς
802 3100 1012 3182 οἰκειοτάτοις

47 3212 93 3285 είς
123 3201 289 3294 διαφοράν
315 3207 522 3296 κατέστησεν.
566 3200 649 3273 ὅθεν
675 3203 712 3271 δὲ
738 3206 793 3273 καὶ
811 3199 899 3283 ὅπως
916 3198 1010 3272 τουτ’
1030 3222 1063 3274 19

47 3309 197 3393 ἐγένετο,
226 3299 269 3385 ως
296 3298 337 3374 άν
365 3303 515 3394 δόυωμαι
543 3300 597 3373 διά
623 3302 838 3393 βραχυτάτων
862 3301 1008 3391 δηλιόσω.

44 3400 257 3495 άπελευθέρα
270 3395 313 3492 ήν
325 3401 440 3492 αότοό,
460 3395 629 3494 οἶάνδρες,
648 3399 670 3490 ἢ
688 3402 881 3493 ἐναυκλήρει
898 3422 1008 3472 συνοι-

44 3517 122 3577 κίαν
149 3509 186 3576 ἐν
203 3516 357 3599 Πειραιεῖ
378 3503 483 3576 αὐτοῦ
506 3507 560 3575 καὶ
578 3509 753 3603 παιδίσκας
772 3512 898 3594 ἔτρεφε.
933 3502 1009 3574 ποό-
