2340 3916
288 207 380 258 Περι
396 207 470 258 Tm:
489 206 641 260 υινυου
660 207 845 266 κιοοιου.
1006 210 1048 276 55

79 348 164 438 μηδ’
192 347 283 436 ὑμᾶς
301 343 430 429 αὐτούς
453 352 522 417 τῶν
549 346 609 418 ἀπ’
634 352 715 437 ἐμοῦ
737 353 886 421 ἐλπίδων
904 351 1049 423 άποστε-

81 451 206 540 ρησητε
223 448 299 538 μήτ’
322 449 380 537 ἐμὲ
396 453 466 519 τῶν
484 458 533 532 είς
550 450 651 539 άμάς.
688 450 768 533 άξιῶ
787 450 820 522 δ’
843 458 949 541 ἔγωγε
966 455 1049 525 τοά-

80 579 165 633 τους
192 556 314 633 οἵτινες
338 551 424 640 ὑμῖν
448 551 568 642 ἀρετῆς
593 551 656 642 ἤδη
679 555 739 641 τῆς
761 561 919 644 μεγίστης
943 562 993 638 είς
1010 558 1048 625 τὸ

82 656 214 741 πλῆθος
246 655 284 723 τδ
315 653 481 743 ὑμέτερον
513 661 650 743 ἔλεγχον
680 661 822 746 ἔδοσαν,
856 655 1050 745 ἀναβάντας

82 759 252 826 ἐνταυθοῖ
281 757 527 844 συμβουλεύειν
557 756 642 846 ὑμῖν
667 753 688 826 ά
714 758 941 845 γιγνώσκουσι
971 762 1049 845 περὶ

81 860 178 946 ἐμοῦ.
207 856 469 947 Δεῦρο’Ἁνυτε,
488 859 644 949 Κέφαλε,
664 865 712 929 ἔτι
724 859 763 931 δέ
780 860 837 931 καὶ
856 865 893 931 οί
908 862 1050 948 φυλέται

80 965 119 1029 οἱ
134 958 298 1049 ᾑρημένοι
316 987 372 1047 μοι
390 966 582 1050 συνδικεῖν,
601 962 801 1050 Θράσυλλος
814 963 872 1033 καὶ
891 968 927 1032 οἱ
942 961 1047 1033 ἄλλοι.

543 1258 573 1323 2.

162 1446 291 1521 ΠΕΡΙ
316 1446 423 1522 ΤΗΣ
449 1445 661 1523 ΕΑΥΤΟΤ
687 1446 951 1531 ΚΑΘΟΔΟΥ.

156 1662 202 1725 Εί
224 1656 306 1745 μέν,
338 1645 363 1723 ὦ
389 1653 531 1747 άνδρες,
556 1658 594 1725 ἐν
620 1655 723 1749 ἑτέρῳ
745 1681 794 1748 τῳ
818 1656 989 1747 πράγματι
1012 1663 1079 1727 οί1

78 1756 256 1844 παριόντες
287 1756 332 1845 μὴ
363 1757 426 1846 τὴν
457 1754 567 1846 αὐτὴν
597 1757 736 1846 γνάμηυ
764 1764 896 1844 ἔχοντες
923 1759 1046 1839 πάντες

79 1859 283 1945 ἐφαίνοντο,
314 1856 418 1929 οὐδέν
449 1856 492 1928 άν
521 1858 723 1948 θαυμαστὸν
756 1860 922 1948 ἐνόμιζον·
959 1856 1045 1930 ὅπου

77 1960 193 2046 μέντοι
211 1966 265 2029 δεῖ
280 1962 342 2047 την
356 1962 456 2031 πόλιν
476 1961 537 2050 έμέ
546 1987 578 2029 τι
591 1964 727 2049 ποιησαι
744 1959 898 2049 άγαθόν,
916 1957 984 2049 ἢεῖ
997 1987 1046 2042 τις

79 2062 192 2150 ἕτερος
215 2061 373 2149 βούλοιτο
392 2067 475 2151 ἐμοῦ
494 2070 643 2151 κακίων,
666 2063 859 2133 δεινότατον
882 2061 1045 2134 ἁπάντων

77 2162 258 2250 χρημάτων
282 2162 449 2253 ἡγοῦμαι,
475 2172 508 2235 εί
530 2168 577 2258 τῷ
601 2165 664 2253 μὲν
689 2170 785 2235 δοκεῖ
806 2169 915 2235 ταῦτα
938 2171 987 2257 τῷ
1007 2164 1046 2235 δὲ

77 2264 144 2352 μή,
175 2261 260 2334 άλλά
292 2267 338 2359 μη
370 2271 473 2336 πᾶσιν
504 2266 638 2355 ὁμοίως.
675 2276 769 2357 είπερ
799 2268 867 2357 γάρ
897 2266 918 2354 ἡ
950 2266 1045 2348 πόλις

77 2363 242 2436 ἁπάντων
273 2371 342 2436 τῶν
369 2369 639 2456 πολιτευομένων
668 2368 766 2456 κοινή
798 2371 885 2456 ἐστι,
915 2371 973 2438 καὶ
1003 2371 1045 2437 τά

78 2469 264 2556 γιγνόμενα
283 2469 394 2557 δηπον
412 2469 527 2558 ἀγαθά
545 2472 586 2558 τῇ
608 2468 703 2539 πόλει
720 2469 817 2539 κοινά
836 2472 913 2539 ἐστι.
949 2471 1045 2540 τουτί
1063 2488 1079 2536 2

77 2578 200 2640 τοίνυν
218 2571 256 2639 τὸ
275 2573 361 2658 μέγα
379 2573 436 2641 καὶ
455 2571 568 2642 δεινὸν
582 2571 742 2660 πάρεστιν
759 2569 845 2659 άμῖυ
864 2569 951 2659 ὁρᾶν
964 2571 1046 2652 τούς

77 2670 141 2757 μὲν
165 2669 229 2761 ἥδη
248 2673 476 2763 πράττοντας,
499 2674 580 2755 τούς
599 2671 637 2742 δὲ
655 2673 740 2760 τάχα
761 2674 962 2760 μέλλοντας·
986 2681 1048 2743 καί

78 2800 133 2859 μοι
156 2775 312 2861 μέγιστον
329 2778 449 2863 θαῦμα
475 2776 678 2866 παρέστηκε,
702 2781 739 2844 τί
760 2798 842 2845 ποτε
867 2763 961 2844 οὗτοι
986 2779 1022 2844 οί
1038 2767 1043 2869 l
1059 2808 1085 2849 ιο

78 2871 199 2964 ἄνδρες
224 2880 342 2958 δεινάς
369 2875 478 2959 οὕτως
497 2886 746 2967 περικαίονται,
769 2886 805 2946 εί
817 2901 848 2946 τι
873 2874 963 2963 ὑμᾶς
982 2876 1046 2966 χρη

146 3057 204 3107 150.
222 3047 360 3123 ηρημένοι
383 3056 503 3111 cumR.
530 3058 596 3110 Bk.:
624 3055 708 3124 είρημ
710 3054 777 3109 ένοι.

146 3122 193 3174 Or
218 3125 256 3174 11.
275 3126 312 3178 Π
335 3126 366 3180 Τ.
385 3125 547 3178 ΕΑΤΤΟΤ
563 3074 758 3190 ΚΑΘΟΔΟΤ]
778 3122 844 3190 περὶ
868 3123 919 3189 τῆς
942 3114 1046 3184 άδείας

77 3189 164 3255 Harp
183 3206 205 3241 ε.
224 3208 249 3241 v.
268 3184 417 3257 ὀρρωδεῖν.

146 3260 168 3311 1
190 3249 259 3340 ηεί
273 3277 316 3318 τις
333 3261 357 3311 A
375 3263 467 3312 Turn:
488 3259 519 3312 εί
532 3277 584 3321 τις.
615 3255 805 3342 ετεροςῦοοι.
820 3259 915 3310 Tarm
934 3249 1045 3323 έτ.έρας

144 3327 169 3376 ῖ.
188 3321 259 3392 ὑμῖν
278 3329 325 3378 AB
344 3328 410 3380 Bk:
427 3321 558 3396 ὴμῖν.-
573 3321 738 3407 παρέστηκε
755 3326 806 3382 Bk.
826 3327 871 3406 (ei
888 3325 944 3390 R.):
962 3323 1046 3390 περέ-

78 3394 226 3459 στηκεΑέ;
245 3392 412 3462 περιέστηκε
433 3401 541 3447 cett.-
507 3411 641 3456 -ουτως
660 3393 801 3447 ΑᾱΤιιττα
823 3409 951 3446 οντω.-
963 3408 1043 3459 περι·

77 3460 337 3587 ξνρέονταιΕιομα
356 3456 680 3531 nsqtuolovvatsehk-
694 3458 722 3514 εί
738 3454 988 3529 μδνηάρνεΙεΙτα
1010 3461 1045 3510 cf.
