2340 3916
340 187 438 239 ΚΑΤΑ
457 188 750 241 ΔΗΜΟΣΘΕΝΟΤΣ.
986 190 1031 254 45

60 346 231 437 προδότην
253 348 309 415 καὶ
334 346 450 429 σώζειν
477 348 614 437 ἑαυτήν,
638 345 722 438 ὑπὲρ
745 340 785 436 ἧς
812 353 848 418 οί
867 350 1030 440 πρόγονοι

60 451 206 534 πολλοὺς
224 455 279 521 καὶ
294 451 418 535 καλοὺς
435 454 619 536 κινδύνους
639 450 878 543 ὑπομείναντες
897 458 1029 526 ἐλευθέ-

60 589 126 650 ραν
141 555 247 648 αὐτὴν
262 555 343 647 ὑμῖν
357 560 648 650 παραδεδώκασιν,
662 564 699 631 ἐν
712 553 735 652 ᾗ
748 560 854 632 πολλὰ
872 563 927 632 καὶ
945 562 1030 632 καλὰ

60 672 314 757 παραδείγματα
332 669 496 736 λέλειπται
514 670 573 756 τῆς
584 671 654 737 τών
666 668 936 756 τελευτησάντων
955 666 1029 757 ἀρε-

60 777 127 862 τῆς.
161 779 207 854 είς
224 773 350 860 ταύτην
368 770 631 862 ἀποβλέψαντας,
651 765 677 844 ώ
694 771 879 862 Ἀθηναῖοι,
897 777 953 844 καὶ
971 774 1084 857 τάς110

62 883 99 949 ἐν
129 876 214 969 αὐτῇ
245 883 424 967 γινομένας
450 888 613 971 πατρίους
640 887 766 962 θυσίας
793 883 849 949 καὶ
876 879 935 962 τάς
961 885 1030 950 τών

61 986 240 1074 προγόνων
258 986 368 1074 θήκας
386 988 503 1076 φέρειν
517 993 572 1056 δεῖ
586 986 666 1069 τοὺς
680 978 719 1056 εὖ
737 990 951 1077 φρονοῦντας
967 988 1030 1077 τὴν

61 1097 188 1181 ψῆφον.
229 1095 284 1161 καὶ
314 1091 395 1162 όταν
423 1096 649 1182 Λημοσθένης
681 1095 882 1181 ἐξαπατῆσαι
909 1095 1029 1182 βουλό-

62 1227 162 1288 μενος
184 1200 239 1268 καὶ
262 1199 558 1290 παρακρουόμενος
579 1195 667 1288 ὑμᾶς
690 1205 868 1289 οἰκτίζηται
891 1202 947 1270 καὶ
971 1206 1029 1270 δα-

61 1307 163 1396 κρόη,
186 1301 281 1394 ὑμεῖς
304 1312 351 1387 είς
373 1304 410 1375 τὸ
434 1309 492 1394 τῆς
514 1307 641 1388 πόλεως
664 1309 760 1395 σώμα
783 1303 1030 1395 ἀποβλέψαντες

61 1414 118 1481 καὶ
136 1410 199 1499 τὴν
217 1412 381 1501 πρότερον
399 1411 501 1494 δόξαν
520 1409 738 1503 ὑπάρχουσαν
761 1410 847 1503 αὐτῇ
865 1410 1030 1500 ἀντίθετε,

62 1519 206 1607 πότερον
229 1514 249 1606 ἡ
273 1519 369 1600 πόλις
392 1521 594 1610 ἐλεεινοτέρα
623 1517 679 1588 διά
701 1523 824 1588 τοῦτον
847 1521 986 1607 γέγονεν
1008 1517 1029 1607 ἢ

63 1623 119 1693 διδι
147 1623 209 1712 τὴν
236 1625 336 1694 πόλιν
358 1628 592 1716 Λημοσθένης.
633 1622 789 1716 εὑρήσετε
816 1624 880 1715 γὰρ
907 1629 1083 1701 τοῦτονιιτ
1163 1682 1165 1687 -

62 1732 124 1819 μὲν
148 1730 301 1821 λαμπρὸν
324 1734 357 1813 ἐξ
382 1723 424 1800 οὗ
446 1733 678 1821 προσελήλυθε
699 1730 784 1822 πρὸς
806 1730 844 1800 τὸ
862 1732 1030 1801 πολιτεύε-

63 1849 146 1906 σθαι
166 1839 403 1926 γεγενημένον,
422 1839 478 1907 καὶ
497 1835 571 1907 ἀντὶ
590 1838 651 1926 μέν
669 1837 886 1927 λογογράφου
904 1840 959 1907 καὶ
978 1867 1029 1926 μι-

63 1947 154 2013 σθοῦ
172 1943 231 2025 τὰς
249 1949 345 2025 δίκας
368 1947 525 2031 λέγοντος
547 1941 631 2034 ὑπὲρ
649 1950 848 2032 Κτησίππου
867 1945 922 2013 καὶ
943 1952 1030 2034 Φορ-

63 2058 189 2139 μίωνος
211 2052 266 2119 καὶ
286 2053 407 2140 ἑτέρων
429 2054 563 2121 πολλῶν
581 2050 833 2121 πλουσιώτατον
857 2047 939 2120 όντα
962 2053 1031 2119 τών

64 2160 101 2225 ἐν
120 2161 159 2246 τῇ
177 2157 282 2243 πόλει,
301 2155 375 2227 ἀντὶ
394 2154 426 2227 δ’
448 2155 597 2244 ἀγνῶτος
614 2160 670 2227 καὶ
689 2154 851 2245 οὐδεμίαν
868 2155 1032 2248 πατρικὴν

65 2264 168 2345 δόξαν
195 2263 286 2354 παρὰ
312 2267 380 2332 τών
407 2265 585 2353 προγόνων
616 2264 859 2354 παρειληφότος
891 2266 1031 2345 ἔνδοξον

64 2373 302 2459 γεγενημένον,
326 2369 388 2458 την
412 2370 449 2440 δὲ
471 2371 569 2440 πόλιν
593 2368 656 2440 οὐκ
684 2368 783 2452 ἀξίως
807 2372 927 2458 ἑαυτῆς
949 2367 1031 2439 οὐδὲ

63 2480 122 2565 τῆς
140 2481 207 2545 τών
225 2476 403 2566 προγόνων
422 2475 521 2564 δόξης
544 2479 766 2565 διακειμένην.
802 2472 943 2563 ἀφέντες
967 2467 1030 2544 οὖν

68 2656 193 2719 πολλοὺς
215 2659 263 2712 καὶ
287 2654 394 2721 καλοὺς
417 2662 442 2712 N
459 2662 522 2714 Μαι
550 2657 656 2720 καλοὺς
683 2658 733 2710 καὶ
760 2655 884 2718 πολλοὺς
912 2652 1032 2723 (καλοὺς

66 2726 116 2779 καὶ
135 2727 198 2781 mal.
217 2731 315 2780 abesse
334 2731 408 2779 Bait.
427 2729 490 2781 coll.
509 2732 538 2793 3,
557 2731 602 2790 21;
627 2720 751 2787 πολλοὺς
769 2723 820 2778 καί
836 2720 979 2793 μεγάλους
997 2730 1031 2779 ci.

65 2795 139 2860 Bk).
158 2820 192 2830 —
211 2787 305 2863 αὐτὴν
322 2789 393 2862 ὑμῖν
410 2797 457 2849 ΑΒ
475 2797 541 2848 Bk.=
561 2789 632 2862 ὑμῖν
649 2788 751 2864 αὐτην.

135 2883 191 2931 110.
225 2883 282 2933 Aut
304 2873 456 2946 ἐξαπατῶν
480 2880 530 2935 καί
556 2873 752 2948 παρακρουόμ.
777 2885 826 2932 aut
852 2873 1033 2946 ἐξαπατῆσαι

65 2947 146 3013 βουλ,
172 2946 223 3000 καὶ
249 2942 490 3015 παρακρούεσθαι
515 2950 580 3001 mal.
604 2950 637 3000 R.
663 2977 697 2986 —
724 2939 802 3016 ἡμᾶς
819 2949 852 2999 N.
876 2974 909 2985 -
938 2944 1031 3015 σῶμα]

65 3009 178 3080 ἀξίωμα
195 3016 297 3066 Markl.
314 3017 366 3068 Mr.
386 3017 448 3069 coll.
467 3020 491 3079 3,
510 3019 551 3066 21.
586 3016 677 3084 Σῶμα
696 3015 746 3083 τῆς
764 3010 828 3069 πόλ.
848 3021 942 3068 exstat
958 3017 1032 3082 Hyp.

65 3084 88 3143 1,
109 3085 158 3137 col.
173 3087 214 3148 21,
233 3087 276 3148 24,
295 3085 344 3135 sed
363 3100 447 3137 sensu
464 3101 519 3135 nou
536 3101 648 3166 prorsus
669 3086 780 3145 eodem:
800 3075 1033 3166 [ἀποβλέψαντες

67 3147 109 3208 εἰς
127 3144 173 3216 τό]
192 3191 198 3203 .
214 3191 241 3206 ..
261 3147 412 3217 πρόςωπον
430 3150 483 3219 τῆς
504 3154 615 3213 πολεας
637 3152 710 3204 idem
732 3152 834 3205 dixisse
852 3153 964 3205 vldetur
981 3151 1033 3203 col.

66 3221 168 3278 3213.
198 3248 231 3256 -
260 3213 449 3288 ὑπάρχουσαν
467 3213 541 3290 αὐτῇ
558 3221 583 3272 N
600 3221 664 3272 Mr.:
683 3212 756 3288 αὐτῇ
773 3211 968 3287 ὑπάρχουσαν.
999 3245 1033 3255 -

66 3279 199 3355 πότερον]
217 3303 357 3355 προτερον
374 3289 398 3339 Α
416 3304 456 3354 pr.

135 3374 192 3422 111.
228 3367 428 3439 προςελήλυθε
446 3366 518 3437 πρὸς
536 3375 560 3424 N
573 3373 667 3425 Turr.=
686 3366 904 3438 προςελήλυθεν
921 3370 1033 3436 (προελ.

65 3435 128 3516 ΖΜ)
148 3435 189 3499 είς
208 3434 355 3507 (παρελήλ.
376 3436 418 3500 είς
436 3441 499 3506 W.).
511 3466 544 3477 -
561 3437 776 3493 πλουσιώτατον
793 3440 818 3490 Ν
833 3440 925 3494 Turn:
945 3441 1032 3489 πλου-

65 3521 210 3570 σιώτερον.
229 3541 262 3548 -
