2340 3916
467 226 687 281 PRAEFATIO.
1012 231 1067 283 VII

96 378 220 443 exstitit
253 375 411 461 chynius
444 377 602 442 Batavus:
636 378 705 461 ipsc
738 379 774 442 in
807 379 943 444 delendo
980 381 1066 444 iusto

96 481 224 564 parcior
250 479 315 562 fui,
343 500 448 562 neque
477 482 619 563 quinque
641 480 780 563 amplius
807 480 887 545 locis
910 502 979 546 cam
1002 504 1067 547 me·

97 581 203 645 dolam
224 580 365 644 adhibui.
400 580 426 663 Ι,
449 581 488 646 18
508 583 607 645 verba
622 580 904 663 συμπεπλεγμένα
929 579 974 658 ὥς
989 584 1067 665 ἔφα-

99 701 163 746 σαν
186 681 313 765 (φασὶν
338 682 443 765 primo
472 683 573 747 fuisse
600 682 740 767 videtur)
767 683 805 747 ἐκ
834 687 903 747 τῶν
930 686 1068 748 θαλλῶν

97 805 170 848 cum
199 780 342 867 Sauppio
370 782 490 848 delevit
512 782 725 849 Mactanerus.
746 822 789 832 —
816 783 863 867 Π,
892 786 913 850 5
940 784 1069 870 integra

97 886 259 950 sententia
284 885 431 967 paullum
458 888 655 950 commutata
689 907 706 950 e
729 889 749 968 ἓ
772 886 792 950 8
821 887 978 951 translata
1010 891 1068 967 est,

98 1009 194 1070 quam
227 1008 299 1052 cum
331 985 478 1052 Bckkcro
507 987 671 1051 eiecerunt
698 986 897 1053 Turiccnscs.
920 1024 962 1036 -
989 988 1068 1071 2,6
1120 1014 1124 1023 ·

98 1086 214 1170 πότερ’
238 1084 258 1171 ἡ
288 1092 347 1171 τῆς
374 1087 501 1171 βουλῆς
529 1085 716 1172 ἀπόφασις,
745 1086 808 1153 ἐὰν
829 1089 892 1171 μὲν
914 1126 956 1137 -
970 1127 1012 1136 -
1027 1126 1068 1137 -

97 1186 228 1272 ἀληθὴς
261 1186 318 1253 καὶ
350 1189 465 1254 δικαία
498 1191 591 1255 ἔσται
623 1186 644 1272 ἡ
679 1186 754 1254 κατ’
786 1187 1070 1272 Ἀριστογείτονος

96 1288 282 1375 ἀπόφασις]
313 1285 334 1373 ἡ
362 1289 437 1353 κατ’
463 1289 584 1375 Ἀριστ.
613 1287 719 1373 ἅπόφ.
750 1290 810 1356 del.
838 1290 956 1376 Dolon,
989 1289 1069 1355 ολπό-

99 1408 200 1474 φασις
222 1392 317 1456 eiecit
338 1390 400 1457 Mr.
434 1391 483 1458 Of.
507 1393 542 1475 3,
564 1393 595 1458 5.
618 1430 660 1441 —
688 1391 725 1475 2,
747 1392 790 1456 20
816 1392 873 1456 καλ
900 1391 944 1477 μη
974 1394 1069 1474 προέ-

98 1499 181 1557 σθαι
209 1492 265 1556 καλ
292 1490 337 1577 μὴ
374 1494 578 1578 προδοῦναι]
606 1494 670 1558 tria
702 1495 883 1577 posteriora
911 1496 1069 1559 vocabula

98 1594 197 1657 deleri
225 1595 299 1659 mal.
328 1593 502 1660 Mastaner.
528 1633 566 1642 —
596 1597 632 1678 2,
660 1594 702 1659 26
732 1595 770 1660 ἑκ
798 1594 1069 1678 Πελοποννήσου

99 1696 206 1779 πάσης
228 1717 302 1760 cum
323 1694 384 1760 Bk.
400 1696 462 1761 del.
479 1695 567 1760 Wm.
582 1695 675 1760 Turr.
712 1694 776 1760 Sed
796 1699 963 1781 praetcrea
982 1718 1069 1761 nunc

98 1798 204 1861 dclcta
231 1796 356 1860 malim:
394 1797 426 1879 1,
457 1798 519 1863 103
548 1794 587 1861 ἐν
612 1794 776 1883 Ὀλυμπία
809 1818 883 1861 cum
910 1796 1067 1881 chynio;

101 1900 160 1962 111
189 1893 276 1979 ὑπὲρ
304 1900 506 1980 Κτησίππου
535 1897 592 1961 καλ
621 1900 824 1980 Φορμίωνος
857 1898 914 1961 καλ
946 1895 1069 1980 ἑτέρων

98 2001 251 2075 πολλῶν;
280 1999 316 2081 2,
342 1999 381 2063 12
403 2002 473 2062 τῶν
500 1998 724 2081 παρανόμου
755 2000 794 2065 15
814 2022 986 2082 μνοριμος
1013 1997 1069 2063 καλ

100 2098 248 2183 φανερὸς
270 2098 343 2183 καλ,
367 2099 434 2182 3,5
455 2096 514 2184 τῆς
536 2101 576 2165 ἐν
599 2102 645 2186 τῷ
667 2102 859 2184 ψηφίσματι
879 2101 1070 2185 γεγραμμέ-

99 2225 177 2284 νης,
211 2206 244 2266 et
272 2201 390 2265 similia
418 2201 482 2265 alia
514 2202 801 2285 interpretamenta
828 2190 932 2268 incssc
967 2203 1070 2267 multa

98 2324 287 2385 persuasum
308 2303 422 2367 habco.

184 2429 328 2494 Collatus
363 2433 413 2494 cst
440 2428 651 2514 Orippsianus
684 2431 826 2513 primum
856 2452 875 2494 a
909 2429 1068 2511 Bellero,

100 2531 156 2612 qui
182 2552 251 2594 non
277 2551 381 2613 pauca
408 2532 567 2616 neglexit,
596 2532 775 2597 accuratius
803 2530 918 2595 deinde
941 2552 960 2594 a
982 2529 1068 2594 Dob-

100 2651 180 2694 sono
211 2631 336 2717 (Δάν).
392 2631 558 2697 Bckkcrus
593 2636 759 2716 praetcrea
795 2630 920 2697 codices
955 2630 1070 2694 habuit

101 2730 198 2815 ΒΕΖ,
234 2731 407 2798 Dobsonus
434 2732 478 2798 M.
508 2733 702 2800 Oxonicnsis
730 2739 763 2799 et
794 2734 863 2819 ipsc
897 2732 946 2796 bis
974 2732 1070 2797 colla-

167 3004 193 3068 *)
211 3009 274 3072 Ipse
294 3022 400 3073 quoque
418 3023 453 3058 ox
470 3023 504 3058 ao
521 3007 618 3059 codice
630 3006 767 3073 quasdam
785 3007 907 3068 enotavi,
924 3006 1070 3071 inquirens

101 3075 129 3122 in
147 3089 180 3123 ca
199 3076 329 3139 maxime,
353 3090 460 3140 quasa
482 3074 609 3126 secunda
631 3090 715 3126 manu
739 3074 820 3125 illata
840 3081 947 3126 assent:
971 3076 1069 3138 itaqua

100 3144 129 3190 in
147 3140 327 3193 adnotatione
344 3157 408 3192 mea
426 3142 571 3208 aliquanto
584 3142 748 3208 diligentius
761 3157 843 3208 quam
862 3146 946 3193 antea
964 3141 1070 3191 factum

101 3214 161 3259 erat
178 3210 253 3260 inter
271 3209 340 3260 duas
363 3225 461 3263 manus
484 3210 644 3261 distinctum
663 3215 717 3261 est.
752 3209 809 3260 Ubi
826 3209 931 3261 delevit
949 3213 1069 3258 tantum-

100 3277 178 3328 modo
198 3282 340 3328 correotor
358 3293 447 3344 nequa
466 3293 516 3329 sua
534 3276 692 3343 adscripsit,
712 3281 930 3328 consentancum
949 3281 991 3326 est
1008 3281 1070 3325 utar

99 3346 183 3395 faciit
206 3345 273 3396 sciri
295 3361 350 3396 non
373 3361 467 3411 posse;
498 3345 557 3396 sed
584 3351 769 3410 praetcrea
800 3343 909 3394 sicubi
936 3341 1070 3407 simpli-

100 3413 190 3463 citer
212 3413 236 3462 A
259 3428 341 3464 corr.
366 3415 531 3480 scriptum
553 3417 681 3477 exstat,
709 3427 724 3463 c
747 3426 840 3462 meas
864 3410 1070 3462 collationis

100 3481 239 3531 ratione
270 3481 379 3545 prima
411 3495 528 3532 manus
561 3494 693 3561 ssmpcr
726 3479 968 3545 intellegenda
1003 3484 1068 3541 est,

100 3561 267 3611 quamquam
285 3547 388 3600 diserto
407 3549 435 3599 id
453 3548 552 3601 testari
570 3546 655 3603 nolm.
