2340 3916
128 185 149 251 ς
503 185 722 238 ιωΔοιωΔου

169 319 238 400 τόν,
256 320 438 402 Διόγνητον,
456 320 679 402 Σμινδυρίδην,
697 320 882 401 Φιλοκράτη,
895 315 1097 404 Ἀντιφῶντα,

174 407 338 487 Τίσαρχον,
354 403 513 466 Παντακλέ
534 450 542 467 .

205 530 394 619 Μέμνησθε
425 530 483 617 δέ,
508 519 534 597 ὦ
558 527 699 619 ἄνδρες,
726 527 776 599 ὅτι
800 530 857 599 καί
883 530 988 601 ταῦθ’
1007 530 1096 620 ὑμῖν

129 639 427 723 προσομολογεῖται
442 628 585 699 άπαυτα.

77 745 110 794 16
210 741 312 823 Τρίτη
336 732 479 822 μήνυσις
499 731 639 817 ἐγένετο.
675 730 808 819 ήγυνή
824 729 1099 824 Ἀλκμαιονίδου,

128 837 292 923 γενομένη
311 834 350 903 δὲ
367 836 424 903 καὶ
443 832 624 921 Δάμωνος,
642 872 686 881 -
704 832 884 924 Ἀγαρίστη
902 832 1009 923 ὄνομα
1027 836 1093 905 ατί-

126 941 169 1026 τή
180 976 218 984 -
229 933 314 1024 αὕτη
323 935 489 1024 ἐμήνυσεν
500 936 586 1023 ε’ντή
598 941 690 1024 οίκίμ
704 938 746 1024 τῇ
758 941 937 1026 Χαρμίδαν
947 939 989 1026 τῇ
1003 939 1098 1027 παρά

126 1038 165 1107 τδ
194 1038 410 1124 Ὀλυμπιεῖον
448 1035 614 1125 μυστήρια
650 1052 759 1106 ποιεῖν
791 1036 1004 1127 Ἀλκιβιάδην
1039 1042 1098 1108 καί

124 1137 277 1226 Ἀξίοχον
300 1140 357 1207 καὶ
372 1137 606 1226 Ἀδείμαντον·
633 1139 690 1206 καί
711 1145 841 1226 ἔφυγον
859 1129 954 1209 οὗτοι
971 1138 1099 1221 πάντες

130 1242 185 1310 ἐπὶ
203 1239 311 1328 ταάτη
330 1243 372 1328 τῇ
391 1240 542 1328 μηνύσει.

79 1351 111 1401 1⁷
193 1339 267 1411 Ἔτι
284 1341 426 1430 μήνυσις
453 1342 584 1428 ἐγένετο
602 1349 672 1430 μία.
709 1342 824 1422 Λυδὸς
848 1340 866 1409 ὁ
888 1344 1098 1432 Φερεκλέους

126 1447 189 1512 τοῦ
226 1443 409 1531 Θημακέως
451 1442 597 1531 ἐμήνυσε
631 1442 799 1532 μυστήρια
835 1452 1016 1531 γίγνεσθαι
1059 1448 1098 1514 έν

127 1547 169 1633 τῇ
204 1551 297 1637 οῖκίηι
329 1547 537 1635 Φερεκλέους
566 1547 628 1613 τοῦ
662 1544 829 1614 δεσπότου
863 1547 925 1615 τοῦ
958 1547 1097 1633 ἑαυτοῦ,

128 1649 166 1715 ἐν
193 1649 357 1738 Θημακῷ·
391 1648 448 1715 καί
474 1645 666 1735 ἀπογράφει
691 1646 774 1726 τοάς
797 1672 833 1716 τε
861 1644 1006 1737 άλλους,
1038 1649 1097 1717 καί

126 1749 188 1817 τὸν
212 1748 341 1838 πατέρα
370 1746 517 1837 ἔφητὸν
548 1747 630 1836 έμδυ
660 1762 817 1838 παρεῖναι
846 1750 930 1837 μέν,
964 1748 1093 1819 καθεύ-

128 1855 199 1919 δειν
218 1849 257 1920 δὲ
276 1852 578 1939 ἐγκεκαλυμμένον.
616 1849 838 1930 Σπεύσιππος
856 1849 894 1919 δὲ
917 1851 1098 1939 βουλεύων

128 1956 362 2041 παραδίδωσιν
397 1949 526 2030 αὐτοὺς
556 1954 603 2044 τῷ
640 1956 855 2045 δικαστηρίῳ.
904 1949 1043 2021 κάπειτα
1076 1951 1095 2020 ὁ

128 2052 238 2139 πατήρ
251 2052 461 2139 καταστήσας
476 2050 642 2139 ἐγγυητάς
657 2052 828 2142 ἐγράψατο
842 2052 902 2122 τὸν
917 2053 1094 2124 Σπεύσιπ-

54 2149 57 2159 ’
127 2178 193 2221 πον
229 2153 455 2243 παρανόμων,
486 2155 544 2224 καί
574 2152 766 2241 ἠγωνίσατο
797 2157 835 2224 ἐν
867 2157 1098 2242 ἑξακισχιλίοις

123 2252 338 2343 Ἀθηναίων,
362 2257 419 2324 καὶ
442 2256 602 2345 μετέλαβε
626 2258 793 2325 δικαστῶν
815 2256 989 2327 τοσούτων
1012 2255 1096 2326 οὐδὲ

127 2361 301 2438 διακοσίας
318 2355 456 2444 ’ψήφους
479 2355 497 2426 ὁ
523 2357 755 2438 Σπεύσιππος.
791 2356 810 2425 ὁ
835 2357 874 2428 δὲ
900 2364 1017 2439 πείσας
1037 2359 1095 2428 καί

127 2458 285 2547 δεόμενος
308 2475 420 2551 μεῖναι
443 2459 504 2527 τὸν
529 2462 657 2548 πατέρα
682 2460 748 2547 ἐγω
772 2450 815 2547 ήν
835 2459 997 2548 μάλιστα,
1022 2458 1096 2528 εἶτα

77 2581 109 2632 18
127 2559 165 2630 δέ
189 2561 245 2629 καί
269 2566 306 2631 οί
319 2559 414 2631 άλλοι
434 2575 620 2648 συγγενεῖς.
657 2567 729 2630 Καί
750 2588 806 2649 μοι
823 2561 918 2630 κάλει
936 2567 1094 2631 Καλλίαν

194 2748 353 2824 φιλοκράτη
370 2757 458 2808 Schtz
483 2750 671 2824 φιλοκράτην.
698 2784 731 2795 -
758 2750 1010 2825 προσωμολόγηται
1033 2773 1095 2808 eum

125 2839 179 2890 mg.
203 2823 264 2878 Ald.
284 2828 311 2874 et
328 2825 361 2874 R.
381 2825 458 2874 Turr.

195 2892 235 2942 18.
251 2883 475 2957 Ἀλκμαιωνίδου
486 2892 545 2946 ΖΜ.
559 2893 652 2943 malim
665 2885 883 2959 Ἀλκμεωνίδου.
896 2919 930 2928 -
941 2886 973 2944 τὸ
989 2885 1093 2957 Ὀλυμ-

125 2961 222 3011 πιεῖου
240 2960 274 3009 εἰ.
292 2959 324 3008 R.
342 2958 384 3009 Sa
406 2951 438 3009 τδ
453 2949 613 3025 Ὀλύμπιον
630 2960 653 3011 Δ
670 2961 737 3026 Bk„
760 2953 811 3012 τὸν
830 2951 988 3026 Ὀλύμπιον
1011 2975 1036 3013 v.
1062 2987 1091 2996 -

126 3016 289 3094 άδίμαντον
310 3026 412 3082 ABLZ.
434 3052 468 3062 -
492 3027 527 3077 ef.
551 3027 661 3078 titulum
685 3044 770 3095 supra
794 3032 1032 3079 commemoratum
1056 3027 1093 3090 (v.

127 3093 162 3145 ad
174 3095 189 3156 5
203 3091 260 3157 13):
273 3090 452 3150 ΑΞΙΟΧΟῬ
461 3093 541 3149 ΤΟῬ
551 3092 1100 3148 ΑΛΚΙΒΙΑΔΟῬΣΚΑΜΒΩΝΙΔΟῬ

126 3187 158 3197 ·-
181 3160 448 3215 ΑΔΕΙΜΑΝΤΟΤ
474 3162 555 3216 ΤΟῬ
574 3161 893 3216 ΛΕΤΚΟΛΟΦΙΔΟΤ.
922 3189 954 3199 -
982 3159 1093 3228 ἔφυγον

125 3229 226 3296 scripsi
243 3230 304 3282 coll.
324 3231 355 3293 §5
373 3233 415 3281 26.
433 3232 475 3283 35.
494 3233 536 3283 50.
555 3233 597 3286 67.
615 3233 660 3283 68:
680 3227 814 3296 ἔφευγον.

196 3300 237 3352 1⁷.
257 3293 427 3366 Θημακέως]
473 3295 608 3365 αθηκέως
625 3298 704 3351 BLZ.
723 3299 759 3349 cf.
779 3300 865 3364 Harp.
887 3314 909 3348 s.
933 3316 958 3349 v.
978 3325 1011 3334 —
1029 3296 1095 3363 βου·

126 3356 229 3430 λείων]
249 3358 409 3432 βασιλεύων
428 3315 471 3418 sss
484 3364 537 3416 Bk.
550 3364 633 3430 Sehi„
653 3366 699 3417 cui
711 3366 891 3417 coniecturae
904 3371 987 3444 recte*
1000 3366 1096 3416 adver-

126 3437 205 3484 satur
227 3434 300 3500 ng.
324 3450 367 3500 ep.
390 3434 426 3485 ad
449 3433 543 3485 schill.
568 3450 594 3500 p.
620 3436 668 3486 113
691 3431 802 3501 (Turn).
831 3459 863 3471 -
890 3449 1009 3500 γραφην
1029 3439 1093 3498 post

124 3516 230 3566 παραυ.
250 3500 402 3567 add.A1d.‚
421 3517 473 3553 om.
493 3502 571 3552 codd.
592 3498 634 3567 (in
652 3501 754 3554 lacuna
770 3500 888 3565 BLZM).
