2340 3916
121 190 162 241 VI
500 186 720 241 PRAEFATIO.

120 322 206 388 idem
228 322 283 385 1110
305 321 476 405 praestitit.
511 320 652 407 Egregie
675 324 782 386 autem
804 320 1027 387 Kirchhoff
1032 323 1095 388 ius

121 423 247 507 aliquot
267 423 390 507 primae
412 423 569 487 orationis
597 423 686 487 locos
708 443 747 486 ex
768 423 1036 507 inscriptionibus
1059 429 1092 489 et

121 524 297 589 illustravit
312 528 343 588 et
359 523 541 589 emendavit
556 523 592 610 (J
594 574 601 588 .
617 522 648 588 J.
667 524 750 589 1860
764 547 795 608 p.
811 523 891 608 2383
914 524 1050 591 Hermes
1065 527 1091 610 I,

121 648 152 710 p.
184 627 229 710 1).
273 625 424 691 Relicuos
450 647 587 709 quorum
615 626 743 709 scriptis
775 627 896 691 maiore
928 627 1094 692 minoreve

122 749 195 793 cum
221 728 330 792 fructu
358 750 435 791 usus
464 749 536 792 sum
562 726 628 790 iarn
655 748 722 791 uno
755 727 790 791 in
817 732 992 812 conspectu
1020 751 1095 813 pro-

120 851 251 913 ponam.
307 828 413 893 Bake
448 827 554 894 Schol.
589 828 743 912 hypomn.
777 828 793 893 I
824 852 856 913 p.
889 829 953 894 222
987 835 1020 894 01
1052 831 1093 916 V,

120 930 194 995 242.
227 969 269 979 -
303 929 354 994 Fir.
382 929 538 994 Franke
567 928 672 1014 (vn),
706 929 859 995 Zeitschr.
893 931 916 995 f.
950 932 1092 998 Alterth.

123 1032 205 1099 1843
226 1056 258 1116 p.
281 1031 353 1096 259.
383 1069 426 1079 -
453 1031 495 1096 Η.
523 1031 777 1116 Frohberger
804 1030 938 1096 Recens.
966 1033 1093 1100 dissert.

121 1134 260 1218 Kopkii,
288 1133 406 1198 Philol.
435 1133 598 1218 Anaeiger
622 1133 705 1198 1870
730 1156 761 1217 p.
784 1133 846 1198 327
855 1184 863 1216 ,
894 1138 926 1198 11
948 1133 1096 1201 0011101.

122 1236 259 1300 110111.
283 1235 425 1318 Atticos,
453 1235 573 1299 Philol.
599 1235 681 1299 1870
707 1257 739 1318 p.
762 1235 835 1300 630.
858 1273 900 1285 —
923 1235 977 1300 W.
1002 1236 1098 1301 Hel·

120 1337 203 1422 big,
233 1335 265 1401 J.
293 1335 324 1401 J.
358 1337 439 1402 1862
467 1361 498 1422 p.
527 1337 599 1402 679.
627 1373 670 1384 —-
700 1335 738 1401 L.
760 1336 929 1422 Kayser,
960 1336 1095 1403 Recens.

122 1438 280 1503 dissertat.
309 1437 441 1503 Linderi
470 1441 566 1523 (quae
594 1439 664 1523 ipsa
691 1437 732 1502 ad
759 1461 889 1504 manum
917 1439 998 1503 mihi
1026 1462 1097 1504 non

121 1539 198 1624 fuit)
221 1538 284 1604 Rh.
308 1538 392 1604 Mus.
414 1539 456 1606 N.
473 1540 508 1605 F.
525 1540 619 1624 XVI,
644 1539 694 1605 72.
709 1578 750 1589 -
765 1539 803 1605 R.
826 1540 962 1625 Ktpke
986 1540 1092 1627 (Ru),

124 1640 378 1707 Emendationes
410 1643 629 1726 Andocideae,
651 1642 765 1727 Progr.
795 1641 910 1707 Guben
936 1642 1027 1707 1869.
1052 1680 1094 1690 -

120 1742 151 1808 J.
175 1743 351 1828 Lipsius,
380 1742 411 1809 J.
434 1744 466 1810 J.
491 1743 584 1810 1870.
607 1781 649 1792 -
670 1743 705 1810 O.
736 1743 923 1827 Scheibe,
952 1766 1009 1807 zur
1035 1744 1096 1809 Er·

120 1846 261 1931 1111111
286 1845 340 1910 (101
366 1845 572 1911 Beschlusses
598 1846 652 1909 des
674 1844 913 1928 Patrokleides,
937 1845 1092 1912 Zeitschr.

120 1947 306 2012 11110111.
337 1947 420 2012 1842
447 1970 478 2030 p.
507 1947 579 2011 201.
604 1946 834 2011 —Praeterea
860 1951 953 2031 grato
982 1948 1092 2013 animo

122 2050 277 2133 profiteor
298 2049 339 2112 A.
364 2046 620 2112 Weidnerum
643 2048 801 2132 collegam
820 2045 902 2131 (W.)
919 2049 959 2113 ad
980 2049 1092 2115 Ando-

125 2149 204 2215 cidis
234 2170 362 2232 quoque
386 2148 561 2214 editionem
593 2148 770 2234 benignam
798 2171 893 2233 opem
915 2150 1093 2215 liberaliter

122 2251 244 2316 tulisse.
275 2276 279 2282 ·

205 2351 280 2436 Ipse
302 2356 410 2417 autem
434 2374 530 2436 quarn
552 2374 700 2417 normam
721 2353 757 2416 in
780 2353 1005 2418 constituenda
1032 2353 1095 2419 lec-

120 2454 212 2520 tione
242 2457 369 2518 secutus
392 2454 468 2537 sim,
498 2454 640 2519 breviter
661 2455 726 2519 iam
748 2476 916 2538 exponam
961 2453 1094 2519 Coniec-

123 2556 204 2620 turis
237 2556 464 2621 audacioribus
501 2556 661 2621 abstinere
693 2555 745 2619 vel
779 2557 821 2620 ob
855 2577 926 2620 eam
964 2576 1094 2620 causam

124 2658 225 2723 satius
259 2658 365 2722 visum
394 2662 457 2741 est,
491 2657 578 2741 quod
604 2657 666 2721 hae
694 2659 872 2739 orationes,
904 2658 1094 2740 praesertim

120 2759 149 2823 si
178 2757 407 2842 Orippsianum
437 2758 602 2842 respicias,
635 2758 738 2823 multo
766 2758 873 2823 minus
901 2758 1093 2842 depravatae

123 2863 200 2923 sunt
221 2880 318 2942 quam
340 2863 398 2922 aut
411 2858 624 2942 Antiphontis
646 2864 703 2924 aut
717 2859 848 2944 Lysiae:
870 2859 904 2923 id
919 2859 1006 2942 quod
1028 2881 1093 2923 cer·

123 2960 212 3024 nitur
239 2959 292 3024 vel
319 2960 458 3024 maxime
485 2960 521 3023 in
548 2960 734 3025 nominibus
762 2961 918 3045 propriis,
943 2982 1024 3045 quae
1046 2961 1094 3024 fa-

123 3061 243 3126 cillime
259 3061 547 3145 corrumpebantur
561 3083 666 3146 neque
681 3066 790 3127 temen
805 3062 966 3148 insignem
986 3062 1093 3126 labem

118 3166 359 3227 contraxerunt.
376 3161 515 3228 Dialecti
526 3168 636 3228 tamen
645 3164 778 3228 seorsim
787 3164 870 3228 ratio
878 3163 1028 3228 habenda
1035 3168 1093 3227 est:

121 3286 221 3349 quare
237 3286 310 3329 cum
325 3263 483 3330 Schillero
505 3268 663 3349 γίγνομαι
678 3269 711 3329 01
731 3266 923 3347 γιγνώσκω,
947 3264 1093 3349 quamvis

122 3389 195 3432 raro
210 3368 246 3431 in
261 3366 351 3432 libris
367 3366 494 3449 tradita,
516 3367 635 3450 ubique
650 3366 771 3449 reduxi,
787 3387 892 3450 neque
906 3366 1043 3431 toleravi
1058 3367 1094 3429 in

123 3469 273 3556 genuinis
300 3469 471 3533 nominum
500 3468 534 3531 in
562 3490 651 3551 -ης
678 3467 864 3532 exeuntium
895 3468 1093 3533 accusativos
