2340 3916
153 169 193 234 10
501 176 756 233 ΑΙΣΧΙΝΟΥ

194 333 329 417 στάμενοι
347 332 405 400 ὑπὸ
423 343 475 400 τοῦ
488 335 583 418 δήμου
599 339 728 401 ἔστωσαν
745 334 800 421 τήν
816 335 936 422 ἡλικίαν
953 336 1027 423 ὑπὲρ
1047 368 1107 405 τετ-

197 419 363 501 ταράκοντα
374 423 444 503 ἔτη]

237 533 334 602 Μετὰ
346 542 450 601 ταῦτα
460 542 587 617 τοίνυν,
601 526 629 603 ά
643 533 822 622 Ἀθηναῖοι,
836 548 1016 623 νομοθετεῖ
1029 539 1107 622 περὶ
1124 555 1154 610 1³

152 631 366 720 ἀδικημάτων
378 632 532 717 μεγάλων
542 633 619 717 μὲν,
636 637 846 721 γιγνομένων
863 633 896 702 δ’
909 634 999 721 οἶμαι
1011 638 1048 703 ἐν
1066 645 1108 723 τῇ

154 735 264 803 πόλει·
285 738 322 802 ἐκ
339 733 404 818 γὰρ
421 741 483 800 τοῦ
500 733 708 818 πράττεσθαί
718 762 792 802 τινα
805 727 854 802 ὦν
869 732 912 803 ού
923 741 1106 821 προσῆκεν,

154 836 191 900 ἐκ
203 830 325 900 τούτου
335 829 414 909 τούς
423 831 548 915 νόμους
559 835 687 917 ἔθηκαν
698 836 733 899 οί
740 839 882 900 παλαιοί.
920 834 1108 921 διαρρήδην

152 940 238 1016 γοῦν
250 934 336 1016 λέγει
350 927 368 997 ὁ
381 929 497 1014 νόμος,
521 927 580 996 ἐάν
591 956 665 996 τινα
677 931 869 1019 ἐκμισθώσῃ
887 932 1030 1016 ἑταιρεῖν
1040 955 1109 999 πα-

153 1028 213 1115 τήρ
224 1024 246 1114 ή
258 1025 400 1113 άδελφός
412 1022 434 1112 ή
444 1037 536 1105 θεῖος
546 1022 569 1112 ή
581 1023 785 1113 έπίτροποςή
803 1028 887 1106 ὅλως
897 1037 965 1096 τῶν
976 1036 1109 1111 κυρίων

152 1156 216 1214 τις,
228 1124 296 1195 κατ’
310 1126 416 1194 αὐτοῦ
433 1127 494 1212 μὲν
504 1134 564 1194 τοῦ
581 1128 698 1206 παιδὸς
710 1125 771 1195 ούκ
784 1131 821 1216 έηῖ
832 1129 963 1214 γραφὰς
974 1129 1109 1214 ἑταιρή-

101 1249 137 1302 40
155 1249 237 1304 σεως
249 1224 350 1309 εἶναι,
372 1224 455 1292 κατά
467 1226 503 1294 δὲ
518 1233 580 1293 τού
591 1226 825 1310 μισθώσαντος
835 1230 890 1293 καὶ
900 1233 962 1293 τού
972 1237 1108 1312 μισθω-

155 1331 318 1410 σαμένου,
335 1328 468 1409 τοῦμὲν
479 1323 530 1392 ὅτι
547 1328 763 1411 ἐξεμίσθωσε,
784 1333 846 1393 τού
858 1325 893 1393 δὲ
904 1323 971 1408 ὅτι,
990 1329 1107 1412 φησίν,

154 1423 372 1508 ἐμισθώσατο.
407 1424 462 1490 καί
480 1432 536 1490 ίσα
551 1420 591 1489 τά
609 1426 752 1508 ἐπιτίμια
769 1426 911 1512 ἑκατέρω
933 1430 1107 1508 πεποίηκε,

154 1524 209 1589 καὶ
225 1519 271 1606 μή
295 1520 479 1604 ἐπάναγκες
499 1518 583 1587 εἶναι
603 1529 650 1609 τῷ
674 1524 765 1588 παιδὶ
787 1518 950 1607 ἡβήσαντι
970 1524 1109 1606 τρέφειν

154 1620 214 1688 τὸν
231 1623 354 1705 πατέρα
371 1618 453 1705 μηδὲ
470 1627 602 1704 οίκησιν
612 1621 783 1705 παρέχειν,
805 1618 842 1700 δς
853 1615 897 1686 άν
907 1623 1109 1706 ἐκμισθωθῇ

152 1721 308 1801 ἑταιρεῖν·
341 1717 560 1785 ἀποθανόντα
579 1718 613 1786 δέ
636 1715 743 1785 αύτδν
758 1722 913 1786 θαπτέτω
929 1719 984 1785 καὶ
999 1708 1107 1784 τᾶλλα

153 1829 285 1890 ποιείτω
301 1821 342 1888 τά
355 1820 563 1907 νομιζόμενα.
596 1827 767 1902 σκέψασθε
783 1817 842 1906 δή,
869 1817 912 1898 ὡς
930 1825 1055 1901 καλῶς,
1080 1809 1108 1883 ιδ
1122 1823 1153 1877 14

150 1921 337 2007 Ἀθηναῖοι,
365 1925 486 2000 ζῶντος
503 1923 564 2006 μὲν
580 1917 686 1987 αὐτοῦ
701 1917 888 2004 άφαιρείται
904 1915 967 2003 τήν
984 1915 1108 2002 ὄνησιν

153 2029 210 2104 τῆς
221 2023 446 2101 παιδοποιίας,
470 2015 581 2102 ὥσπερ
599 2020 723 2096 ἐκεῖνος
739 2025 800 2084 τοῦ
816 2013 934 2093 παιδδς
944 2013 1006 2102 τήν
1017 2039 1107 2098 παρ-

154 2127 289 2206 ρησίαν,
311 2119 552 2204 τελευτήσαντα
564 2118 599 2186 δέ
609 2116 730 2203 αύτδν,
751 2115 851 2204 ήνίκα
863 2114 881 2186 ὁ
895 2118 956 2202 μὲν
968 2113 1106 2199 εὐεργε-

154 2219 314 2302 τούμενος
325 2213 387 2284 ούκ
400 2216 596 2284 αἰσθάνεται
615 2206 663 2282 ὧν
680 2208 718 2282 εύ
730 2216 864 2300 πάσχει,
887 2220 1018 2300 τιμᾶται
1033 2213 1070 2279 δὲ
1086 2209 1105 2279 ὁ

153 2316 255 2402 νόμος
272 2315 326 2382 καὶ
343 2312 380 2381 τδ
398 2323 511 2400 θεῖον,
533 2314 678 2381 θάπτειν
693 2312 756 2400 ήδη
775 2314 903 2382 κελεύει
925 2314 980 2380 καὶ
1002 2304 1108 2378 τᾶλλα

153 2429 262 2483 ποιεῖν
285 2412 326 2480 τά
348 2414 554 2498 νομιζόμενα.
578 2416 632 2480 καὶ
652 2419 726 2480 τίνα
748 2415 863 2496 ἕτερον
880 2411 988 2498 νόμον
1003 2415 1109 2496 ἔθηκε

154 2513 288 2599 φύλακα
299 2518 366 2578 τῶν
377 2507 545 2597 ὑμετέρων
557 2515 703 2592 παίδων;
722 2512 782 2579 τὸν
799 2519 856 2597 τής
867 2517 1106 2596 προαγωγείας,

154 2609 193 2678 τά
218 2614 352 2697 μέγιστα
373 2614 517 2698 ἐπιτίμια
539 2609 738 2696 ἐπιγράψας,
777 2609 836 2677 ἐάν
855 2637 904 2688 τις
924 2607 1109 2688 ἐλεύθερον

105 2733 136 2786 41
156 2715 256 2777 παῖδα
267 2704 289 2794 ή
300 2723 442 2795 γυναῖκα
454 2708 682 2797 προαγωγεύῃ.
719 2712 774 2778 καὶ
790 2724 889 2777 ποῖον
905 2708 1023 2789 άλλον;
1045 2706 1107 2777 τὸν
1119 2728 1151 2778 15

154 2816 211 2892 τῆς
222 2804 367 2893 ὕβρεως,
386 2805 422 2887 ὃς
435 2809 483 2876 ἑνὶ
494 2815 662 2897 κεφαλαίῳ
680 2806 810 2876 ἅπαντα
824 2804 862 2876 τά
873 2815 1011 2876 τοιαῦτα
1022 2819 1108 2876 συλ-

154 2904 267 2991 λαβών
278 2910 358 2991 ἔχει·
379 2911 416 2976 ἐν
428 2898 454 2995 ᾦ
467 2906 652 2992 διαρρήδην
661 2909 850 2991 γέγραπται,
863 2907 923 2975 ἐάν
933 2933 981 2985 τις
990 2903 1109 2993 ύβριζη

154 2994 200 3082 είς
216 3010 317 3071 παῖδα
335 3002 476 3091 (ὑβριζει
495 3006 530 3072 δὲ
542 3004 583 3090 δή
601 3030 668 3073 πον
680 3002 698 3072 ὁ
710 3004 951 3091 μισθούμενος)
963 2999 985 3090 ή
997 3003 1107 3090 άνδροι

153 3098 174 3188 ή
192 3117 352 3188 γυναῖκα,
372 3101 395 3187 ή
411 3109 480 3169 τῶν
496 3104 686 3187 ἐλευθέρων
702 3102 778 3170 τινά
795 3098 897 3188 ήτῶν
908 3102 1057 3191 δούλων,
1080 3099 1104 3190 ή

152 3197 214 3266 ε’άν
225 3199 423 3284 παράνομόν
430 3225 461 3266 τι
472 3208 550 3287 ποιή
562 3206 607 3279 είς
617 3198 747 3268 τούτων
756 3200 847 3286 τινά,
859 3197 991 3286 γραφάς
1001 3198 1109 3286 ὕβρε-

154 3323 198 3376 ως
209 3296 293 3365 εἶναι
303 3304 484 3383 πεποίηκεν
494 3302 548 3367 καὶ
560 3306 682 3386 τίμημα
694 3301 875 3386 ἐπέθηκεν,
894 3299 914 3366 ὅ
925 3327 955 3366 τι
966 3297 1026 3385 χρή
1042 3324 1111 3366 πα-

154 3405 229 3464 θεῖν
240 3391 261 3480 ή
273 3392 433 3463 άποτῖσαι.
456 3401 528 3483 λέγε
540 3398 599 3465 τὸν
611 3399 726 3483 νόμον.
