2340 3916
422 201 720 257 ΑΠΟΕΠΑΕΜΑΤΙΑ.
1014 204 1056 269 71

80 370 186 437 πάλιν
207 370 422 455 γράψασθαι,
446 368 507 436 ἐὰν
529 369 574 457 μὴ
597 373 723 438 δοκῶσι
739 372 878 449 δικαίως
898 371 936 437 τὸ
959 376 1056 456 πρῶ-

80 479 142 522 τον
165 451 451 539 ἀποπεφευγέναι,
474 460 546 535 πῶς
560 454 602 522 ού
617 455 771 542 φανερόν
787 457 859 522 ἐστι
875 453 944 522 κατ’
964 456 1053 540 Ἀρι-
1149 514 1152 519 .

81 540 250 625 σταμόρας
270 537 310 605 τὸ
326 540 475 619 δίκαιον
491 580 533 591 -
554 541 657 630 Harp.
675 565 701 607 s.
718 565 750 608 v.
767 544 943 623 δωροξενία
966 543 1053 627 (Ὑπ.

80 628 119 694 ἐν
140 633 185 693 τῶ
208 626 276 692 κατ’
297 626 464 711 Ἀριεταγ.)

165 692 218 776 25.
243 707 342 786 Ὥςτε
378 710 578 776 κελευστέον
609 710 690 789 τούς
721 714 980 795 μαρτυροῦντας
1012 709 1054 776 τοὶ

79 799 220 860 τοιαῦτα
243 795 300 860 καὶ
321 791 401 871 τούς
415 798 666 880 παρεχομένους
687 794 763 883 (μὴ)
785 795 895 902 μάτην
918 793 1054 862 ἀπατᾶν

80 878 185 964 ὑμᾶς,
206 877 300 988 (ἀλλ’
324 877 569 946 ἀποδεικνύναι
591 879 657 968 ὅτι)
687 897 895 965 τυμχανουσι
922 880 1051 946 δικαιό-

77 988 162 1049 τερα
184 968 353 1069 λεμοντες·
379 965 436 1030 καὶ
458 965 565 1051 νόμον
586 963 669 1050 ύμῖν
684 963 888 1049 ἀναγκάζετε
909 964 1053 1049 παρέχε-

78 1056 176 1133 σθαι,
198 1072 259 1115 τον
274 1049 458 1115 κελεύοντα
472 1047 517 1135 μὴ
533 1050 649 1136 νέμειν
663 1052 868 1136 προστάτην.
892 1088 934 1099 -
957 1050 1050 1116 Suid.

79 1158 107 1200 s.
131 1159 163 1200 v.
187 1137 295 1217 νέμειν
317 1136 517 1220 προττάτην,
547 1138 617 1200 εἰπε
640 1137 795 1202 orationis
818 1136 964 1219 nomine3
994 1135 1052 1201 sed
1144 1144 1147 1149 '

78 1219 124 1325 οξ.
147 1218 252 1306 Harp.
277 1243 304 1285 s.
326 1244 359 1285 v.
389 1222 583 1302 προετάτηε·
611 1222 660 1288 Ὑ.
681 1223 717 1289 ἐν
745 1228 791 1306 τῷ
814 1222 888 1287 κατ’
913 1223 1052 1302 Ἀριττα·

78 1326 217 1454 γοραὲὃ.
245 1388 384 1471 Ὁμοίως
411 1390 470 1458 τὸν
497 1391 699 1471 καλούμενον
734 1391 838 1457 τόπον
866 1392 955 1472 παρὰ
982 1392 1052 1458 τοῖτ

77 1477 231 1540 παλαιοῑτ
258 1475 343 1540 ἔττιν
372 1474 492 1556 εὑρεῖν·
520 1475 663 1557 καθάπερ
689 1477 727 1542 τὸ
750 1475 992 1557 Δημοτθενικὸν
1015 1475 1052 1543 ἐν

79 1566 127 1644 τῷ
151 1561 232 1638 ὑπὲρ
253 1563 311 1624 τοῦ
337 1561 514 1641 ττεφάνου·
542 1598 585 1608 -
606 1598 649 1608 —-
675 1561 726 1626 καὶ
753 1560 943 1640 Ὑπερείδου
971 1560 1053 1626 κατὰ

78 1650 146 1711 τῶν
180 1645 317 1723 ἑταιρῶν
351 1644 386 1710 ἑν
420 1651 467 1729 τῷ
494 1646 575 1711 κατὰ
602 1645 835 1725 Ἀριεταγόραε.
865 1682 908 1692 -
937 1643 1052 1709 Theon

78 1728 217 1878 prog'ffll.
236 1726 433 1896 ἓίύιῗίῗιεῑζς
460 1813 548 1881 ἰδίω(
577 1815 702 1892 λέγεται
728 1813 748 1893 ἡ
777 1814 822 1881 εἰ(
850 1813 1049 1892 ἐλευθερίαν·
1064 1831 1091 1873 28

76 1898 127 1964 Ὑ.
150 1897 186 1964 ἐν
209 1903 255 1984 τῷ
279 1898 346 1963 κατ’
368 1899 431 1977 Ἀρ.
463 1936 501 1944 -
532 1897 640 1984 Harp.
672 1899 716 1964 ef.
738 1898 777 1964 B.
802 1900 843 1964 A.
866 1920 898 1985 p.
925 1897 988 1962 468
1018 1906 1052 1963 et

78 1981 173 2048 said.
197 2004 223 2047 s.
245 2006 279 2047 v.
303 1981 475 2064 ἀφαίρεμα.
787 2028 790 2033 -

163 2067 217 2132 28.
238 2067 306 2131 Καὶ
327 2067 433 2132 πάλιν
454 2065 514 2144 τοὶς
533 2064 658 2148 Ἀφύας
672 2067 883 2150 καλουμένας
902 2064 964 2132 τόν
987 2061 1051 2131 αύ-
1064 2083 1096 2125 ιο

78 2149 141 2216 τὸν
167 2149 296 2234 τρόπον
324 2151 514 2217 ἐκαλέσατε.
560 2151 639 2216 Ati.
668 2151 759 2218 XIII
785 2175 818 2238 p.
841 2151 905 2217 586
934 2152 966 2217 A
994 2151 1050 2235 (ἐν

77 2244 127 2323 τῷ
149 2238 229 2303 κατὰ
251 2236 343 2320 Ἀρ.);
366 2237 409 2302 cf.
425 2235 529 2323 Harp.
552 2236 644 2304 Sm'd.
668 2260 693 2302 s.
717 2261 751 2302 v.
776 2238 884 2319 ἀφύας
906 2237 966 2320 (Ὑ.
982 2237 1051 2304 κατ’

78 2323 158 2405 Ἀρ.)
181 2330 214 2387 et
234 2321 274 2385 Β.
298 2322 339 2386 A.
366 2344 400 2410 p.
421 2321 497 2388 473.

165 2405 218 2471 29.
240 2407 453 2489 Κακολομεϊν
474 2406 546 2472 Ὑπ.
569 2407 648 2472 κατὰ
662 2404 895 2488 Ἀριτταγόρατ.
920 2443 958 2452 -
982 2404 1050 2469 An·
1063 2423 1091 2464 ιο

78 2491 196 2556 tiattie.
218 2490 254 2555 in
276 2490 315 2554 B.
339 2492 381 2555 A.
407 2514 440 2577 p.
465 2490 537 2555 102.

144 2574 218 2724 ΗΒΘ.
242 2576 443 2639 Μετοίκιον·
474 2577 547 2643 Ὑπ.
575 2575 610 2643 ἐν
638 2583 684 2661 τῷ
712 2577 793 2642 κατὰ
814 2574 1049 2655 Ἀριεταγόραε.
1064 2590 1090 2632 ³1

78 2696 123 2708 -
179 2681 199 2724 a
239 2680 304 2724 ουτ.

152 2681 342 2819 ,Ρύέοῐετετι
362 2753 450 2810 recte
466 2744 606 2811 fortasse
622 2745 665 2810 ad
678 2744 763 2809 hanc
779 2744 959 2809 orationem
973 2739 1052 2807 We·

78 2838 286 2895 stermannus
309 2829 408 2905 etiam
431 2829 495 2914 frg.
518 2830 582 2895 inc.
607 2829 647 2894 10
668 2827 789 2895 retulit.

79 3063 169 3118 καίωτ
193 3083 245 3118 om.
270 3067 301 3118 0.
337 3066 409 3119 κατὰ
429 3068 451 3119 Ι.
484 3095 516 3105 -
545 3069 579 3118 25
606 3067 643 3131 μὴ
679 3065 771 3132 μάτην
806 3065 926 3129 coraes3
959 3062 1054 3130 μάτην

79 3133 194 3186 ἀπατᾶν
212 3131 357 3199 (ἀπαντᾶν
376 3131 423 3202 V.)
446 3133 519 3200 ύμᾶτ
537 3135 575 3199 μὴ
598 3135 672 3189 libri.
709 3132 869 3187 Κολαττέον
888 3137 916 3183 ei
934 3133 1053 3197 προελο-

79 3200 183 3266 μένου(
202 3200 294 3268 μάτην
311 3201 483 3268 Bernhardy.
511 3229 546 3240 -
573 3200 733 3267 τυγχάνωτι
750 3201 828 3264 libri3
847 3199 898 3254 ἐὰν
917 3199 954 3264 μὴ
972 3213 1052 3266 τυγχ.

80 3270 123 3334 S.;
141 3269 222 3335 ὑμᾶτ,
242 3268 317 3337 ἀλλ’,
336 3271 373 3335 ἢν
390 3283 471 3335 τογχ.
490 3269 515 3323 δ.
533 3271 569 3334 λ.,
588 3268 678 3335 νόμον
698 3270 811 3322 Corios.
834 3296 869 3306 —
892 3267 1053 3333 δικαιότερα

79 3339 117 3402 Α,
141 3335 289 3403 τκαιότερα
311 3339 417 3392 relicui.
447 3366 481 3375 —
509 3336 575 3402 ὑμῖν
599 3337 716 3400 comes,
739 3336 807 3403 ’ἡμῖν
830 3337 906 3389 libri.
935 3362 970 3373 -
998 3335 1053 3389 τὸν

79 3422 132 3457 om.
151 3408 185 3461 V.
209 3432 243 3442 -
265 3407 298 3457 26
317 3404 515 3473 Ἀριτταγόρατ
532 3405 701 3466 Schefferus3
720 3403 905 3472 ἀριτταγόρου
923 3404 996 3456 libri.
1019 3431 1054 3441 —

79 3476 113 3525 27
130 3471 316 3540 ἀριτταγὸρου
334 3474 367 3539 Α,
386 3471 609 3539 ἀριττογείτονοε
622 3472 678 3527 BF.
695 3491 730 3510 ⁶-
747 3474 789 3525 28.
808 3471 993 3540 ἀριεταγὸρου
1007 3487 1053 3537 ap.

79 3541 168 3607 Ηττρ.
180 3542 238 3598 BF.
258 3570 290 3580 -
308 3545 341 3594 29
359 3540 545 3609 ἀριτταγόρου
560 3542 619 3593 eod.
640 3568 675 3579 -
697 3544 730 3594 30
747 3539 932 3607 ἀριτταγὸροο
944 3540 1001 3595 AB.
1018 3566 1054 3576 -
