2340 3916
333 261 467 320 ΚΑΤΑ
487 264 865 326 ΚΤΗΣΙΦΩΝΤΟΣ.
1007 268 1069 333 139

69 449 103 503 65
120 423 305 511 ποιήσησθε
322 422 382 509 τήν
400 423 550 509 εἰρήνην·
576 422 734 505 δεύτερον
751 421 782 490 δ’
804 423 892 504 ὅπως
908 425 951 515 μή
963 430 1068 515 μόνον

119 525 180 611 τήν
191 525 336 610 εἰρήνην,
347 520 433 591 ιἰλλίι
445 524 499 590 καὶ
508 531 695 608 συμμαχίαν
704 519 787 590 εἶναι
796 535 975 609 ψηφιεῖσθε
984 524 1067 612 πρδς

120 630 301 705 Φίλιππον,
318 618 377 705 ἵν’,
398 631 431 688 εἰ
437 646 523 701 τινες
535 614 727 705 προσέχοιεν
737 628 784 709 τῷ
795 623 918 707 πλήθει
929 631 974 714 τῷ
986 622 1067 710 ὑμε-

117 726 216 810 τέρῳ,
252 727 297 798 εἰς
316 719 379 807 τήν
400 721 540 806 ε’σχοίτην
560 723 732 807 ἐμπέσοιεν
753 717 905 807 ἀθυμίαν
924 720 1067 806 ὁρωντες

117 819 203 905 ὑμᾶς
225 816 348 898 αὐτούς
369 819 430 906 μέν
454 821 729 902 παρακαλοῦντας
751 821 803 888 ἐπὶ
823 821 884 886 τόν
908 821 1065 909 πόλεμον,

117 927 202 985 οἰκοι
220 916 256 984 δέ
272 913 316 1003 μή
329 917 436 1003 μόνον
447 917 599 1003 εἰρήνην,
621 914 706 985 όλλίι
718 919 774 984 καί
787 925 975 1003 συμμαχίαν
986 920 1066 1005 ἐφη-

116 1019 297 1100 φισμένους
317 1024 500 1083 ποιείσθαι·
522 1020 635 1099 τρίτον
651 1015 687 1082 δέ
708 1013 797 1094 ὅπως
816 1017 1067 1103 Κερσοβλέπτης

116 1110 133 1180 6
152 1113 285 1202 Θρηίκης
300 1109 455 1198 βασιλεὺς
472 1109 517 1199 μή
536 1117 625 1179 ἐσται
642 1118 794 1199 ἔνορκος,
819 1115 901 1199 μηδὲ
918 1118 1066 1200 μετέσται
1082 1122 1134 1178 456

115 1220 172 1297 τής
189 1216 374 1328 συμμαχίας
393 1213 447 1278 καὶ
470 1217 528 1296 τής
551 1210 683 1298 εἰρήνης
703 1210 801 1302 αὐτῷ.
823 1217 1065 1298 παρηγγέλλετο

64 1308 147 1377 66δ’
161 1307 212 1375 ἐπ’
230 1304 580 1394 αότὸνήδηστρατεία.
599 1335 652 1376 και
643 1307 763 1377 ταυθ
777 1307 870 1396 ὁμέν
881 1313 1064 1398 ἐξωνούμε-

113 1434 171 1485 νος
182 1404 244 1474 οὐκ
256 1403 371 1491 ήδίκει,
383 1403 446 1491 πρό
459 1404 523 1491 γίιρ
535 1413 603 1474 τῶν
613 1405 725 1493 ὅρκων
735 1411 788 1475 καί
799 1415 867 1474 των
882 1418 1065 1495 συνθηκῶν

113 1506 314 1594 ἀνεμέσητον
341 1511 385 1594 ήν
412 1505 503 1597 αὐτῷ
523 1509 678 1595 πράττειν
704 1510 745 1576 τοὶ
772 1513 1000 1597 συμφέροντα,
1033 1516 1065 1580 οί

113 1605 145 1673 δ’
166 1605 367 1690 ἀποδόμενοι
383 1608 438 1674 καὶ
453 1607 799 1693 κατακοινωνήσαντες
815 1606 855 1674 τίι
866 1617 924 1693 της
936 1610 1062 1688 πόλεως

113 1701 229 1790 ἰσχυροὶ
248 1703 425 1790 μεγοίλης’
408 1712 509 1790 οργής
526 1697 614 1790 ήσαν
632 1703 760 1785 ἄξιοι.
745 1735 762 1774 ο
783 1704 847 1790 γίιρ
867 1714 1063 1792 μισαλέξαν-

113 1808 190 1885 δρος
211 1803 288 1869 νυνὶ
309 1801 448 1886 φόσκων
469 1800 552 1869 εἰναι
571 1805 625 1870 καί
641 1803 716 1870 τότε
733 1809 968 1891 μισοφίλιππος
989 1813 1062 1890 Δη-

111 1906 293 1986 μοσθένης,
316 1896 333 1967 6
350 1897 412 1985 τήν
429 1904 538 1979 ξενίαν
555 1903 623 1986 ἐμοί
643 1904 823 1988 προφέρων
833 1899 895 1988 τήν
909 1899 1061 1982 Ἀλεξάν-

112 2005 204 2084 δρου,
216 1998 339 2084 γράφει
349 1997 512 2084 ψήφισμα,
524 1997 603 2078 τούς
611 1997 748 2085 καιροδς
758 2007 816 2085 τής
824 1999 949 2078 πόλεως
958 1997 1061 2086 ὑφαι-

62 2122 95 2176 67
112 2099 289 2185 ροόμενος,
311 2102 488 2184 ἐκκλησίαν
505 2112 612 2166 ποιεῖν
628 2096 706 2178 τοὺς
722 2098 898 2181 πρυτάνεις
907 2107 948 2186 τή
958 2097 1061 2185 ὀγδόη

111 2198 288 2281 ἰσταμένου
296 2202 356 2263 τοῦ
365 2198 631 2283 ἐλαφηβολιῶνος
640 2194 753 2284 μηνός,
766 2189 917 2287 ὅτ’ήντῷ
925 2194 1061 2282 Ἀσκλη-

111 2291 206 2381 πιῷή
224 2300 327 2362 θνσία
339 2296 392 2361 καὶ
404 2291 421 2358 6
434 2295 607 2382 προαγδν,
621 2297 657 2362 ἐν
670 2303 710 2383 πή
722 2299 795 2384 ίερηῖ
805 2292 927 2382 ήμέρηι,
946 2293 1061 2379 δπρό-
1076 2299 1129 2356 456

110 2419 208 2476 τερον
235 2388 345 2470 οὐδεὶς
371 2396 531 2478 μέμνηται
560 2394 758 2478 γενόμενον,
792 2400 866 2460 τίνα
889 2393 1060 2477 πρόφασιν
1076 2406 1128 2462 457

111 2492 346 2579 ποιησόμενοςς
367 2496 433 2579 ἳνα,
446 2495 563 2579 φησὶν,
576 2491 635 2561 ἐὰν
645 2492 709 2616 ήδη
720 2501 871 2580 παρῶσιν
882 2496 915 2559 οἱ
925 2518 985 2560 του
973 2499 1059 2559 Φι-

111 2599 234 2658 λίππου
254 2594 420 2678 πρέσβεις,
448 2591 708 2679 βουλεύσηται
691 2620 709 2659 ο
733 2589 881 2678 δῆμος*
859 2619 903 2671 ως
923 2591 1058 2677 τοίχιστα

111 2691 184 2771 περὶ
196 2698 263 2757 τῶν
274 2688 358 2775 πρὸς
369 2697 535 2759 Φίλιππον
542 2705 631 2775 ,τοῖς
641 2690 735 2759 οὔπω
747 2699 891 2776 παροῦσι
902 2692 1059 2777 πρέσβεσι

110 2792 442 2878 προκαταλαμβάνων
462 2790 523 2878 τήν
542 2795 718 2879 ἐκκλησιαν
742 2795 796 2859 καί
817 2789 895 2871 τοὺς
916 2791 1057 2876 χρόνους

109 2887 204 2976 ὑμῶν
225 2886 490 2976 ὑποτεμνόμενος
511 2892 565 2957 καὶ
591 2890 629 2959 τό
651 2898 786 2977 πρᾶγμα
807 2891 1055 2978 κατασπεύδων,

108 2985 219 3074 ἵναμή
233 2986 313 3072 μετὰ
331 2996 399 3055 τοῖν
417 2987 527 3056 ἄλλων
534 2986 700 3075 Ἑλλήνων
716 2988 972 3056 ἐπανελθόντων
989 2995 1057 3055 των

108 3084 275 3170 ὑμετέρων
285 3091 470 3173 πρέσβεων,
494 3084 578 3155 ἀλλὰ
590 3089 688 3174 μόνοι
698 3087 883 3175 ποιήσησθε
894 3084 954 3172 τήν
966 3088 1057 3173 εἰρή-

58 3203 92 3256 68
109 3209 181 3268 νην.
204 3184 284 3270 μετὰ
295 3188 330 3251 δέ
345 3193 458 3270 ταῦτα,
473 3177 499 3251 6
508 3183 693 3270 Ἀθηναῖοι,
714 3177 799 3270 ήκον
817 3189 850 3252 οἰ
865 3193 926 3251 τοῦ
938 3189 1057 3250 Φιλίπ-

108 3305 174 3348 που
183 3284 349 3366 πρίσβεις·
368 3285 402 3349 οἰ
411 3279 446 3348 δέ
456 3278 606 3367 ὑμέτεροι
618 3278 811 3368 ἀπεδήμουν
821 3288 1056 3365 παρακαλοῦν-

106 3404 159 3454 τες
176 3374 420 3465 τοδςἝλληνας
437 3381 489 3446 ἐπὶ
505 3386 680 3448 Φίλιππον.
704 3378 840 3447 ἐνταῦθ’
860 3380 973 3462 ἕτερον
990 3377 1056 3463 ψή-

107 3497 212 3560 φισμα
223 3485 300 3563 νικηῖ
310 3479 548 3563 Δημοσθένης,
570 3469 648 3567 ε’νῷ
663 3476 786 3562 γράφει
797 3475 840 3563 μή
853 3477 959 3563 μόνον
971 3474 1055 3556 ὑπὲρ
