2340 3916
441 197 735 257 ΕΠΙΣΤΟΛΑΙ.
1000 194 1063 261 20³

113 358 218 435 θεούς
225 359 403 427 ἐπιστεῖλαί
411 376 464 425 σοι
476 359 641 442 δυναίμην
651 351 696 424 άν
706 356 949 447 αύτάρκωςτὴν
959 357 1064 444 ύιιερ·

76 468 96 525 2
112 452 217 541 βολην
229 463 287 543 τῆς
297 459 569 541 φιλανθρωπίας,
588 451 651 542 ὅση
662 456 814 542 κέχρηται
825 461 974 544 περλέμί.
1008 459 1063 527 καί

112 550 178 640 γάρ
190 559 297 622 οἰκίαν
309 557 449 641 δημοσίᾳ
461 557 608 639 δοθῆναί
615 579 672 639 μοι
684 556 910 640 παρεσκεύασε
927 558 983 625 καὶ
998 583 1064 644 χω-

114 659 188 736 ρίου
195 657 233 722 ἐν
243 660 417 744 Καμείρῳ,
428 655 483 722 καί
494 650 595 732 αὐτὸς
605 654 641 721 δὲ
654 659 800 739 ἔπεμψεν
809 652 889 742 ἡμῖν
898 656 937 724 τά
952 654 1064 744 ἐπιτή-

114 758 187 820 δεια
199 754 253 821 καὶ
265 749 476 831 είςένιαυτδν
493 751 648 839 ἄφθονα,
669 749 733 819 ούκ
750 755 821 836 ἐμοὶ
836 753 960 840 μόνον,
984 750 1067 822 άλλά
1080 764 1133 822 672

113 853 168 919 καὶ
184 851 372 937 Τεύθραντι
383 851 439 919 καὶ
452 848 635 937 Ὁπλιστία,
650 848 690 917 τά
702 849 764 936 μὲν
775 848 857 919 άλλα
869 857 900 919 εί
908 853 963 920 καί
974 877 1064 938 φαν-

113 951 232 1035 λότερα
249 958 317 1019 τῶν
333 950 528 1038 Ἀθήνησιν,
552 948 662 1034 ὥσπερ
680 954 791 1018 ἔλαιον
808 950 863 1017 καὶ
880 953 969 1036 μέλι,
993 947 1061 1018 ἀλλ’

114 1055 195 1119 οίων
206 1051 384 1137 παρόντων
395 1048 496 1119 ούδὲν
506 1045 550 1118 ἄν
561 1058 628 1118 τείν
640 1054 770 1119 ἐκεῖθεν
781 1053 994 1136 δεηθείημευ,
1013 1049 1064 1119 οῖ-

112 1150 175 1218 υόν
191 1175 229 1236 γε
245 1148 314 1236 μὴν
333 1151 389 1218 καὶ
407 1146 494 1217 πολύ
510 1145 635 1235 άμείνω
656 1155 718 1215 τού
737 1145 810 1233 παρ’
830 1144 925 1234 ύμλν,
949 1151 1004 1216 καὶ
1026 1152 1062 1218 ίκ

113 1255 291 1336 στροβίλου
302 1246 370 1335 ἅμα
383 1249 438 1317 καὶ
454 1245 607 1331 ἀλεύρων
617 1250 673 1316 καί
683 1244 869 1333 ἀρωμάτων
884 1251 1065 1334 πεποιημέ-

80 1354 156 1415 λνα
167 1347 203 1415 ἐν
214 1347 330 1426 τύποις
340 1346 549 1433 τραγήματα,
567 1337 617 1412 ύυ
627 1348 682 1413 καὶ
693 1345 851 1432 πίπομφά
863 1366 924 1415 σοι.
961 1345 1065 1414 ταῦτά

113 1441 145 1511 θ’
159 1442 390 1532 ἡμῐνίπεμψε,
412 1444 595 1529 καὶπυροὶν
606 1448 800 1530 μεδίμνους,
827 1443 918 1524 ὅσοις
928 1442 993 1530 ἐγώ
1006 1471 1066 1530 με·

114 1549 241 1630 δίμνοις
252 1543 314 1631 ούχ
327 1543 418 1622 ὅπως
428 1541 590 1631 ἐμαυτὸν,
608 1540 691 1613 άλλά
702 1544 757 1611 καὶ
768 1540 893 1621 πάντας
904 1548 1065 1611 Κοθωκί-

115 1648 175 1723 δας
192 1648 341 1728 διαρκεῖν
356 1636 401 1710 άν
420 1642 605 1727 ἐδυνάμην
638 1641 693 1708 καὶ
711 1638 817 1708 πολλὰ
834 1639 870 1708 δὲ
887 1637 972 1706 ἄλλα
982 1637 1066 1724 πρὸς

114 1742 260 1827 τούτοις,
283 1739 305 1809 δ’
315 1740 459 1827 γράφειν
477 1739 691 1824 αἰσχύνομαι,
712 1741 768 1805 ἵνα
787 1738 924 1823 μήτινα
941 1741 1067 1824 δηλούν
1082 1755 1136 1813 673

115 1839 196 1926 ἐμὴν
214 1846 431 1925 μικρολογίαν
447 1838 542 1917 δόξω.
577 1834 613 1905 τὸ
632 1833 775 1922 μὲνγὰρ
799 1832 839 1902 τά
855 1834 956 1921 μικρά
974 1837 1066 1904 πάνυ

114 1937 404 2021 ύπερασπάζεσθαι
413 1941 624 2022 μικρολογίας
641 1936 703 2019 μέν
719 1959 810 2012 τινος
820 1931 908 2002 εἶναί
915 1960 999 2020 φημι
1011 1935 1064 2002 καὶ

114 2033 363 2121 ἀπειροκαλίας,
385 2032 690 2121 φιλοφρουημάτων
705 2031 740 2099 δὲ
755 2033 810 2099 καὶ
825 2040 955 2118 μικράν
974 2032 1065 2098 πάνυ

82 2145 101 2200 4
115 2140 216 2219 ἔγωγε
233 2133 398 2219 ἡττᾶσθαι
415 2128 578 2219 ὁμολογῶ.
609 2132 741 2216 παρέχει
760 2130 797 2198 δὲ
813 2129 894 2217 ἡμῖν
912 2135 967 2200 καί
982 2130 1067 2200 ἄλλα

115 2238 255 2315 καλλίω,
276 2238 371 2299 συῶν
387 2256 422 2299 τε
439 2227 565 2317 οἷγρίων
585 2230 640 2298 καὶ
652 2229 827 2314 δορκάδων
837 2237 906 2299 τάν
916 2234 1066 2316 πέραθεν

115 2331 361 2418 άπολαύσματα.
375 2336 421 2399 ἔτι
428 2330 463 2400 δὲ
473 2332 528 2398 καὶ
537 2326 638 2407 αὐτὸς
648 2326 726 2415 ἡμῖν
732 2329 888 2397 σύνεστιν
898 2327 1066 2417 ὁσημέραι,

117 2433 171 2498 καὶ
182 2434 380 2516 μεταδίδωσι
391 2435 448 2514 της
459 2426 565 2496 αὑτοῦ
576 2433 712 2512 σοφίας,
734 2424 755 2513 ἢ
773 2430 947 2512 σοφωτέρα
957 2424 980 2514 ἢ
990 2425 1067 2496 καθ’

115 2528 199 2615 ἡμᾶς
211 2533 308 2594 ἐστιν.
345 2524 441 2612 άγάρ
453 2524 516 2610 ἐγω
528 2526 650 2592 παθών
662 2524 857 2610 ἐδιδάχθην,
873 2532 977 2593 ταῦτα
988 2529 1067 2609 πρὶν

118 2637 242 2695 παθεῖν
254 2626 467 2712 φυλάττεται,
491 2632 593 2713 σοφίᾳ
609 2625 664 2691 καὶ
681 2619 742 2708 ούχ
760 2621 871 2705 ὥσπερ
882 2627 917 2690 os
924 2622 1070 2709 άφρονες

83 2732 218 2814 ὀπείρρι
240 2722 491 2809 διδασκόμενος·
522 2719 564 2790 ού
583 2721 648 2809 γάρ
669 2721 884 2790 πολιτεύεται.
917 2724 971 2791 καὶ
987 2719 1070 2792 ὅσον

115 2823 143 2911 γ’
162 2825 214 2894 ἐπὶ
231 2821 453 2907 Κλεοκράτει,
475 2819 631 2907 ούδεμιᾶς
646 2819 774 2899 πόλεως
791 2818 893 2906 ἄλλης
910 2817 988 2890 ούδὲ
1004 2819 1067 2889 άν-

113 2925 265 3011 θροίπωυ
277 2919 532 3007 ἐπιθυμω,άλλά
543 2923 599 2989 καὶ
613 2920 745 3008 σφόδρα
759 2918 920 3006 άσμενίζω
930 2928 971 3007 τῇ
981 2939 1067 3006 συμ-

116 3030 223 3110 φορᾷ,
235 3023 290 3090 καί
301 3018 384 3108 άρχη
398 3026 491 3089 δοκεῖ
496 3046 553 3106 μοι
563 3028 624 3088 τού
633 3016 741 3108 βίουὴ
754 3016 925 3106 άπαλλαγη
937 3026 994 3106 τῆς
1005 3018 1067 3086 αύ-

116 3120 194 3189 τόθι
204 3126 375 3200 πολιτείας.
401 3123 457 3188 καί
468 3118 558 3188 ούτω
568 3118 629 3205 μὲν
640 3117 844 3205 ύπεραγαπω
854 3116 894 3185 τά
906 3116 1067 3204 παρόντα,

116 3222 171 3287 καί
182 3217 263 3303 ὅπερ
275 3221 356 3305 φασὶ
369 3221 546 3306 Σοφοκλέα
556 3216 620 3306 ἤδη
631 3220 771 3304 γέροντα
781 3216 975 3304 ύπδράλλης
986 3214 1067 3302 ἡδο-

117 3327 177 3404 νῆς
188 3324 306 3404 εἰπεῖν,
330 3317 442 3405 ὥσπερ
452 3316 558 3399 κυνὸς
573 3318 742 3404 λυττύσης
759 3316 970 3404 ἀπηλλάχθαι
986 3315 1066 3384 ποτε
1083 3326 1136 3383 674

115 3425 172 3504 τῆς
191 3425 252 3486 τοῦ
268 3417 502 3486 πολιτεύεσθαι
517 3415 641 3504 ἡδοτης
658 3420 762 3503 δοκοῖ,
785 3419 840 3484 καὶ
856 3415 938 3483 ὅταν
954 3410 1065 3493 ὅνους
