2340 3916
281 218 406 273 ΚΑΤΑ
427 218 805 278 ΚΤΗΣΙΦΩΝΤΟΣ.
952 217 1012 283 173

10 386 43 442 76
59 376 244 462 ἀγωνιστής
262 375 346 463 ὑπὲρ
361 383 419 461 τής
437 379 592 457 πατρίδος
611 372 751 464 ὑπάρχη.
776 377 793 447 ὁ
815 384 877 467 μὲν
897 389 1013 450 τοίνυν

61 479 247 562 νομοθέτης
256 473 316 543 τόυ
329 472 552 560 ἀστράτευτον
568 476 622 542 καὶ
633 474 693 543 τὸν
705 477 816 545 δειλὸν
826 483 881 548 καὶ
891 480 952 548 τὸν
962 495 1013 551 λι-

61 575 167 643 πάντα
184 575 246 661 τήν
263 575 356 655 τάξιν
372 578 434 654 ἔξω
448 581 516 640 ταῖν
526 583 811 662 περιρραντηρίων
822 587 879 665 τῆς
889 578 1013 666 άγοράς

61 679 211 760 ἐξείργει,
230 676 285 742 καί
297 672 358 742 οὐκ
371 678 408 762 ἐᾷ
420 682 673 759 στεφανοῦσθαι
683 673 757 742 οὐδ’
771 679 905 744 εἰσιέναι
917 685 962 757 είς
973 679 1012 746 τά

61 771 133 856 ἱερά
151 770 191 840 τά
204 778 382 859 δημοτελῆ·
406 770 449 840 σύ
460 772 497 840 δὲ
507 772 568 839 τὸν
579 769 816 860 ἀστεφάνωτον
828 779 863 843 ἐκ
874 784 942 844 τῶν
952 779 1011 845 νό-

62 899 132 960 μων
144 875 289 951 κελεύεις
306 870 391 959 ἡμᾶς
408 879 614 957 στεφανοῦν,
636 875 691 941 καὶ
708 882 754 960 τῷ
772 882 897 941 σαυτοῦ
909 883 1014 962 ψηφί-

61 992 159 1059 σματι
169 971 229 1040 τὸν
240 971 281 1039 οὐ
293 973 505 1058 προσήκοντα
523 977 682 1049 είσκαλεῖς
695 986 763 1051 τοῖς
774 978 956 1062 τραγῳδοῖς
966 980 1013 1052 εἰς

61 1071 122 1158 τήν
132 1070 335 1158 ὀρχήστραν,
353 1078 398 1148 είς
408 1070 445 1138 τὸ
458 1070 550 1155 ἱερὸν
561 1080 623 1138 τοῦ
634 1073 807 1141 Διονύσου
819 1072 878 1140 τὸν
889 1073 928 1139 τά
941 1072 1012 1156 ίερά

63 1171 116 1239 διά
130 1177 255 1240 δειλίαν
268 1172 510 1260 προδεδωκότα.

138 1269 208 1339 Ἵνα
226 1272 262 1340 δὲ
280 1268 325 1358 μή
338 1269 520 1339 ἀποπλανῶ
537 1268 622 1356 ὑμᾶς
643 1268 707 1340 άπὸ
732 1278 788 1357 τῆς
811 1268 1012 1358 ὑποθέσεως,

62 1373 168 1438 ε’κείνο
186 1373 374 1456 μέμνησθε,
397 1369 477 1438 ὅταν
496 1378 544 1459 φή
557 1369 732 1458 δημοτικὸς
744 1369 841 1438 εἶναι·
859 1369 1011 1455 θεωρεῖτ’

62 1465 168 1535 αὐτοῦ
178 1467 222 1554 μή
236 1465 423 1554 τὸνλόγον,
444 1466 526 1537 άλλά
539 1466 598 1537 τὸν
608 1475 700 1555 βίον,
718 1471 773 1536 καὶ
784 1483 934 1537 σκοπεῖτε
941 1521 951 1554 ,
968 1470 1012 1555 μή
1030 1485 1084 1542 567

61 1574 110 1646 τίς
122 1588 227 1654 φησιν
238 1565 338 1650 εἶναι,
351 1566 434 1636 άλλά
446 1574 493 1648 τίς
504 1572 600 1637 ἐστιν.

10 1685 44 1742 77
142 1663 228 1734 Ἐπεὶ
245 1669 282 1733 δὲ
298 1666 475 1752 στεφάνων
491 1666 709 1753 ἀνεμνήσθην
727 1668 782 1733 καὶ
793 1670 939 1750 δωρεῶν,
951 1666 1013 1744 ἕως

63 1773 110 1835 ἔτι
120 1770 301 1852 μέμνημαι,
314 1769 464 1850 προλέγω
476 1762 570 1851 ὑμῖν,
589 1765 709 1849 ἄνδρες
718 1763 905 1851 Ἀθηναῖοι,
926 1770 957 1831 εί
966 1763 1010 1849 μή

63 1865 260 1933 καταλύσετε
286 1861 346 1943 τάς
373 1861 550 1948 ἀφθόνους
571 1864 691 1942 ταύτας
713 1862 839 1947 δωρεάς
859 1866 914 1930 καὶ
935 1861 1012 1940 τούς

63 1970 134 2051 εἰκῇ
153 1965 348 2051 διελομένους
360 1962 562 2048 στεφάνους,
584 1959 664 2029 οὔθ’
685 1967 718 2029 οἱ
727 1962 906 2048 τιμώμενοι
917 1960 1014 2047 χάριν

63 2061 143 2151 ὑμῖν
160 2072 304 2133 εἴσονται
320 2065 398 2131 οὔτε
414 2060 455 2131 τά
471 2070 529 2149 τῆς
546 2063 673 2141 πόλεως
684 2064 859 2149 πράγματα
870 2065 1015 2142 ἐπανορ-

16 2156 19 2162 ’
62 2165 273 2250 θωθήσεται·
299 2161 375 2244 τούς
393 2164 455 2249 μὲν
465 2161 529 2248 γάρ
548 2160 718 2248 πονηρούς
735 2158 778 2227 οὐ
788 2160 832 2246 μή
845 2183 924 2226 ποτε
934 2165 1014 2246 βελ-

63 2270 153 2341 τίους
164 2264 325 2350 ποιήσετε,
337 2264 416 2342 τούς
427 2262 463 2330 δὲ
472 2259 636 2348 χρηστούς
646 2267 692 2340 είς
701 2261 763 2348 τήν
774 2260 914 2346 ἐσχάτην
925 2257 1015 2326 ιἰθν-

63 2371 143 2449 μίαν
167 2366 343 2450 ἐμβαλεῖτε.
369 2360 420 2431 ὅτι
437 2360 467 2430 δ’
486 2360 597 2448 άληθή
620 2364 720 2446 λέγω,
742 2359 869 2445 μεγάλα
884 2358 1014 2425 τούτων

11 2478 46 2534 78
63 2462 152 2548 οἶμαι
168 2477 285 2548 σημεῖα
302 2467 422 2542 δείξειν
438 2458 527 2547 ὑμῖν.
551 2466 581 2529 εἰ
589 2460 654 2546 γάρ
672 2487 721 2538 τις
730 2457 817 2546 ὑμεῖς
828 2458 1012 2543 ἐρωτήσειε,

64 2560 206 2641 πότερον
216 2557 297 2646 ὑμῖν
315 2563 508 2645 ἐνδοξοτέρα
525 2557 645 2645 δοκεῑή
658 2559 752 2638 πόλις
761 2557 857 2645 ήμῶν
868 2555 952 2624 εἶναι
963 2556 1015 2623 ἐπὶ

63 2668 132 2727 τείν
150 2662 225 2726 νυνὶ
241 2668 368 2741 καιρῶν
384 2655 407 2745 ή
429 2663 482 2729 ἐπὶ
501 2668 571 2729 τοῖν
587 2662 783 2746 προγόνων,
806 2657 951 2733 ἅπαντες
971 2649 1014 2721 άν

64 2756 319 2844 ὁμολογήσαιτε,
342 2759 396 2826 ἐπὶ
406 2765 475 2825 τῶν
484 2759 671 2844 προγόνων,
693 2757 813 2842 ἄνδρες
824 2760 860 2825 δὲ
870 2755 1015 2837 πότερον

63 2859 137 2925 τότε
159 2853 317 2941 άμείνους
337 2849 424 2941 ἦσαν
445 2852 467 2942 ή
477 2863 559 2925 νυνί
568 2886 579 2939 ;
610 2857 684 2926 τότε
703 2857 766 2944 μὲν
789 2859 1013 2942 διαφέροντες,

63 2960 140 3026 νυνὶ
157 2957 192 3025 δὲ
210 2964 324 3043 πολλῷ
340 2959 599 3041 καταδεέστεροι.
622 2959 742 3040 δωρεαὶ
762 2958 798 3026 δὲ
814 2958 869 3024 καὶ
891 2959 1014 3039 στέφα-

64 3083 117 3124 νοι
129 3059 184 3124 καὶ
194 3058 390 3143 κηρύγματα
407 3059 463 3123 καὶ
480 3057 623 3143 σιτήσεις
643 3059 681 3124 ἐν
701 3064 889 3144 πρντανείφ
914 3056 1014 3123 πότε-

64 3183 126 3240 ρον
143 3156 215 3223 τότε
232 3149 321 3242 ήσαν
338 3161 471 3234 πλείους
489 3149 509 3241 ή
527 3162 609 3222 νυνί
613 3183 623 3234 3
644 3153 719 3224 τότε
741 3157 803 3241 μὲν
823 3148 869 3240 ήν
890 3153 1015 3222 σπάνια

63 3254 104 3322 τά
121 3252 204 3322 καλά
224 3253 303 3338 παρ’
323 3252 404 3341 ἡμῖν
421 3255 477 3322 καὶ
492 3253 529 3321 τὸ
544 3261 604 3339 τής
620 3250 739 3339 άρετής
759 3250 868 3339 ὄνομα
887 3260 1014 3338 τίμιον·

64 3362 130 3421 νῦν
149 3351 180 3418 δ’
200 3352 262 3439 ήδη
275 3358 521 3422 καταπέπλυται
531 3349 568 3421 τὸ
586 3359 740 3439 πρᾶγμα,
764 3351 819 3418 καὶ
835 3347 872 3417 τὸ
892 3370 1016 3437 στεφα-
1032 3366 1083 3422 568

10 3467 44 3522 79
61 3459 146 3518 νοῦν
157 3455 189 3530 ἐξ
200 3458 312 3535 ἔθους,
325 3451 398 3520 ἀλλ’
412 3451 474 3520 οὐκ
486 3455 523 3521 ἐκ
533 3460 691 3534 προνοίας
702 3459 861 3518 ποιεῖσθε.
876 3446 938 3514 οὐκ
953 3442 1016 3513 οὖν
