2340 3916
152 192 214 253 114
500 188 755 244 ΑΙΣΧΙΝΟΥ

84 369 134 424 3¹7
150 359 286 421 πολλῶν
297 350 439 435 ἀγαθῶν
450 349 667 432 στερηθέντες
685 343 818 430 εἰρήνης
834 343 1037 431 ἐδεήθημεν,
1060 345 1116 412 καί

153 449 381 569 ἐποιησάμεθα
393 443 447 515 διά
458 451 582 514 Νικίου
593 468 655 512 του
641 442 867 530 ’Νικηράτου
900 443 956 510 καί
968 440 1068 510 πάλιν
1079 445 1117 508 ἐν

152 558 200 638 τῶ
218 548 329 666 χρόνφ
346 545 455 634 τούτῳ
478 545 700 628 ἑπτακισχίλια
717 537 905 608 τάλαντα’
885 543 1117 626 αυηνέγκαμεν

152 618 198 724 εἰς
216 670 278 731 την
296 611 481 728 ἀκρόπολιν
497 639 551 709 διά
572 639 636 726 τήν
652 638 790 725 εἰρήνην
808 637 951 724 ταύτην,
972 634 1118 748 τριήρεις

153 742 186 811 δ’
205 741 415 828 ἐκτησάμεθα
428 743 599 823 πλωίμους
611 738 666 804 καί
683 740 821 814 ἐντελεῖς
839 733 901 803 ούκ
921 721 1117 812 ἐλάττους
1095 761 1114 818 η

153 847 351 928 τριακοσίας,
366 834 512 925 φόροςδ’
526 833 607 923 ημῖν
618 862 679 904 κατ
679 832 854 903 ἐνιαυτον
865 856 1002 923 προσηει
1013 836 1116 901 πλεον

153 966 174 1026 η
161 935 273 1025 ’“χίλια
284 939 339 1006 καί
351 935 504 1006 διακόσια
514 933 669 1019 τάλαντα,
682 935 737 1001 καί
746 933 961 1020 Χερρόνησον
972 934 1028 1000 καλ
1039 933 1116 1000 Νά-

154 1037 212 1115 ξον
222 1032 350 1120 καλιήν
360 1031 511 1120 Εὔβοιαν
528 1041 675 1117 εἰχομεν,
697 1037 850 1110 πλείστας
867 1029 899 1098 δ’
912 1028 1063 1108 ἀποικίας
1080 1035 1117 1096 έν

153 1146 222 1212 τοῖς
232 1131 364 1218 χρόνοις
381 1131 510 1210 τούτοις
527 1127 772 1215 ἀπεστείλαμεν.
807 1131 863 1196 καί
878 1125 1007 1197 τοσαῦτ’
1022 1134 1117 1219 ἔχον·
1134 1153 1165 1211 17

154 1257 207 1309 τες
218 1226 331 1315 ἀγαθὰ
343 1227 492 1314 πόλεμον
505 1225 544 1295 δι’
561 1225 727 1314 Ἀργείους
740 1224 822 1311 πρὸς
831 1231 1115 1312 Λακεδαιμονίους

154 1329 390 1414 ε’ξηνέγκοηιεν,
402 1329 595 1406 πεισθέντες
606 1324 664 1394 ὑπ’
676 1326 848 1413 Ἀργείων,
866 1329 920 1394 καὶ
932 1334 1124 1395 τελευτῶν·

157 1453 206 1506 τες
216 1430 252 1496 ἑκ
264 1435 321 1514 τῆς
331 1435 401 1494 τῶν
411 1426 565 1515 ρητόρων
575 1423 753 1513 ἁψιμαχίας
764 1432 809 1505 εἰς
821 1425 1041 1513 φρουράντής
1052 1426 1115 1494 πό-

154 1534 235 1604 λεως
251 1526 307 1592 καί
319 1522 398 1604 τούς
409 1531 641 1609 τετρακοσίους
650 1526 706 1593 καί
722 1522 801 1604 τούς
816 1522 946 1612 ἀσεβεῖς
956 1525 1115 1611 τριάκον-

85 1643 136 1702 aas
153 1653 193 1693 τα
204 1629 413 1711 ἐνεπέσομεν,
426 1623 489 1693 ούκ
500 1626 637 1713 εἰρήνην
648 1624 875 1710 ποιησάμενοι,
883 1620 953 1691 ἀλλ’
960 1628 997 1691 ἐκ
1008 1643 1113 1707 προσ-

153 1723 329 1810 ταγμάτων
345 1722 601 1811 ήναγκασμένοι.
640 1722 741 1790 πάλιν
764 1721 800 1790 δὲ
811 1721 997 1808 σωφρόνως
1017 1730 1115 1789 πολι-

152 1827 343 1906 τευθέντες,
370 1825 507 1890 καὶτοῦ
529 1822 638 1908 δήμου
658 1820 881 1900 κατελθόντος
902 1817 966 1888 ἀπὸ
989 1826 1114 1907 Φυλῆς,

149 1910 300 2006 Ἀρχίνου
311 1922 365 1988 καλ
377 1922 620 2008 Θρασυβούλου
631 1921 847 2005 προστάντων
864 1925 925 1987 τοῦ
938 1919 1047 2006 δήμου
1059 1924 1115 1988 καί

154 2016 190 2086 τό
203 2017 247 2104 μή
261 2033 476 2105 μνησικακεῖν
486 2017 569 2103 πρὸς
586 2017 749 2105 ἀλλήλους
768 2024 909 2104 ἔνορκον
919 2015 999 2105 ἡμῖν
1009 2045 1114 2086 κατα-

138 2117 363 2202 στησάντων,
385 2114 469 2184 όθεν
488 2117 686 2203 σοφωτάτην
702 2116 822 2195 πάντες
836 2115 898 2202 τήν
915 2115 1013 2184 πόλιν
1028 2115 1114 2203 ἡγή-

154 2235 255 2281 σαντο
268 2213 367 2298 εἰναι,
391 2211 567 2282 κάνταῦθα
578 2211 772 2299 ἀναφύντος
787 2220 849 2281 τοῦ
861 2215 969 2300 δήμου
980 2216 1035 2282 καλ
1046 2216 1112 2281 πά·
1131 2235 1166 2293 17¹

89 2330 139 2386 339
154 2322 208 2381 λιν
217 2316 251 2392 ἐξ
263 2310 364 2398 ἀρχῆς
382 2311 576 2397 ἰσχύσαντος
594 2310 772 2398 ἅνθρωποι
788 2315 1036 2399 παρέγγραπτοι
1054 2341 1111 2398 γε-

153 2414 328 2500 γενημένοι
339 2420 479 2498 πολῖται,
487 2414 542 2480 καὶ
553 2412 589 2481 τό
602 2421 728 2482 νοσοῦν
738 2420 796 2499 τῆς
808 2412 994 2492 πόλεωςάεἰ
1003 2435 1111 2497 προσ-

153 2512 311 2598 αγόμενοι
332 2512 388 2579 καί
404 2511 552 2597 πόλεμον
562 2515 598 2579 ἐκ
620 2513 767 2596 πολέμου
786 2510 1049 2596 πολιτευόμενοι,
1073 2515 1111 2579 ἐν

153 2609 214 2693 μὲν
225 2611 341 2695 εἰρήνη
352 2606 391 2676 τά
404 2609 496 2676 δεινά
507 2617 553 2695 τῶ
565 2610 653 2697 λόγῳ
665 2609 896 2696 προορώμενοι
906 2614 960 2678 καὶ
973 2608 1031 2688 τάς
1041 2623 1109 2690 ψυ-

151 2704 210 2790 χάς
220 2705 278 2784 τὰς
290 2713 481 2793 φιλοτίμους
497 2710 551 2774 καὶ
569 2716 645 2776 λίαν
655 2705 762 2787 ὀξείας
777 2711 996 2793 ἐρεθίζοντες,
1018 2712 1056 2775 έν
1073 2712 1109 2779 δὲ

150 2818 218 2883 τοῖς
233 2808 386 2890 πολέμοις
406 2805 520 2873 ὅπλων
537 2805 597 2893 ούχ
615 2805 809 2893 ἁπτόμενοι,
833 2809 997 2887 ἐξετασταὶ
1008 2809 1043 2875 δέ
1055 2812 1110 2876 καὶ

152 2901 344 2983 ἀποστολεῖς
364 2903 571 2990 γιγνόμενοι,
594 2907 887 2992 παιδοποιούμενοι
909 2906 945 2974 δὲ
966 2909 998 2986 ἐξ
1020 2907 1109 2973 ἑται-

151 3009 232 3086 ρῶν,
245 3000 354 3088 ἀτιμοι
365 2999 396 3068 δ’
409 3006 446 3070 ἐκ
456 3004 690 3091 συκοφαντίας,
702 3013 748 3085 εἰς
757 3002 836 3084 τούς
846 3003 1002 3090 ἐσχάτους
1012 3001 1109 3090 ήμῶν

150 3098 329 3178 κινδύνους
339 3098 400 3185 τήν
410 3101 508 3168 πόλιν
519 3110 714 3189 καθιστᾶσι,
736 3102 773 3171 τό
791 3101 853 3188 μέν
869 3110 927 3188 τῆς
938 3106 1108 3187 δημοκρα-

149 3205 218 3276 τίας
229 3195 335 3283 ὄνομα
347 3196 388 3264 ού
398 3212 465 3277 τοῖς
476 3197 612 3284 ήθεσιν,
625 3199 708 3268 ἀλλά
719 3207 758 3288 τή
770 3205 925 3289 κολακείᾳ
935 3200 1108 3285 θεραπεύ-

150 3321 259 3381 οντες,
281 3296 500 3376 καταλύοντες
519 3299 555 3366 δὲ
574 3296 637 3385 τήν
653 3299 804 3385 εἰρήνην,
825 3289 884 3387 ήή
904 3303 1106 3386 δημοκρατία

83 3412 134 3473 340
152 3395 301 3480 σώζεται,
327 3397 628 3483 συναγωνιζόμενοι
644 3401 680 3464 δὲ
696 3412 762 3475 τοῖς
778 3401 948 3482 πολέμοις,
971 3397 1004 3476 ἐξ
1024 3388 1106 3463 ὦνὸ
