2340 3916
292 202 384 254 ΠΕΡΙ
402 202 478 253 ΤΗΣ
495 202 653 254 ΕΔΤΤΟΤ
670 202 860 257 ΚΑΘΟΔΟΤ.
1014 204 1054 268 61

87 347 206 429 ἕτερον
226 342 352 433 [ἔργον]
373 345 449 435 περὶ
467 352 624 426 πλείονος
640 345 824 433 ἐποιούμην
842 340 939 436 ἢτὴν
957 345 1057 416 πόλιν

90 445 220 534 ταιίτην
238 444 374 532 ἆγαδόν
391 473 422 515 τι
440 444 658 533 ἐργάσασθαι.

87 649 367 739 ὑπουργημάτων
390 649 550 738 διαφέρει.
586 652 688 719 τοῦτο
712 648 776 738 μὲν
800 649 866 741 γὰρ
891 649 963 720 ὅσοι
989 653 1059 721 τῶν

89 753 238 822 πολιτῶν
257 751 298 820 τδι
316 750 463 842 δμίτερα
477 751 658 841 πράγματα
675 756 929 841 διαχειρίζοντες
948 752 1056 843 ἀργεί-

90 881 163 944 ριον
181 852 268 941 δμίν
288 855 541 943 ἐκπορίζουσιν,
559 851 643 922 ἄλλο
661 880 692 922 τι
709 847 731 940 η’
749 855 790 923 τδι
808 853 956 945 ὑμέτερα
973 853 1060 943 ὑμῖν

90 955 240 1039 διδόασι;
259 957 362 1024 τοῦτο
381 953 452 1025 δδ”
434 975 505 1025 οσοι
519 957 699 1045 στρατηγοὶ
714 956 889 1044 γενόμενοι
906 957 1013 1027 καλόν
1030 983 1062 1025 τι

91 1059 153 1146 τὴν
177 1057 277 1127 πόλιν
303 1057 580 1182 κατεργάζονται,
603 1064 640 1127 τί
662 1055 791 1127 ἅλλο“
767 1086 789 1145 η
809 1085 891 1147 μετα
909 1061 969 1148 της
992 1061 1062 1128 τῶν

94 1157 292 1253 ὑμετέρων
310 1159 475 1247 σωμοίτων
492 1165 722 1249 ταλαιπωρίας
746 1186 782 1230 τε
801 1162 859 1230 καὶ
877 1160 1101 1248 κινδύνων,”

93 1263 151 1331 καὶ
178 1267 225 1331 ἔτι
248 1288 318 1330 των
342 1264 467 1330 κοινῶν
497 1286 678 1352 γρηματων
702 1260 877 1351 δαπάνης,
907 1264 1063 1333 ποιοῦσιν

89 1361 181 1451 νμᾶς
209 1371 244 1433 εί
266 1391 298 1431 τι
320 1364 551 1449 τυγχάνουσιν
575 1361 728 1449 ἄγαδόν;
761 1365 798 1432 ἐν
830 1355 984 1456 ᾧκαὶ”
962 1392 1006 1433 αν
1032 1391 1063 1433 τι

97 1464 327 1555 ἐξαμάρτωσιν
351 1463 416 1534 οὐκ
439 1464 538 1535 αὐτοὶ
555 1467 614 1552 της
634 1465 798 1553 σφετέρας
817 1464 933 1535 αὐτῶν
951 1465 1064 1553 ἁμαρ·

101 1575 176 1646 πίας
194 1572 294 1655 δίκην
317 1566 488 1654 διδόασιν,
510 1560 589 1635 ἀλλ’
613 1564 712 1653 ὑμεῖς
728 1564 819 1653 ὑπὲρ
835 1568 905 1634 τῶν
924 1569 1066 1647 ἐκείνοις

89 1667 351 1759 η’μαρτημὲνων.
395 1666 469 1737 ἀλλ’
501 1665 591 1756 ὅμως
618 1656 713 1738 οὗτοι
742 1671 999 1756 στεφανοῦνταί
1026 1696 1065 1755 γε
1084 1700 1116 1749 18

92 1763 160 1858 ὑφ’
192 1769 293 1857 ν’μῶν
324 1771 382 1838 καὶ
414 1767 704 1861 ἀνακηρύττονται
735 1769 782 1850 οδς
813 1766 908 1851 ὄντες
943 1767 1064 1859 ἄνδρες

93 1870 231 1958 ἀγαθοί.
268 1871 325 1940 καὶ
352 1870 415 1941 οὐκ
443 1874 509 1961 ἐρῶ
534 1869 580 1951 ὥς
606 1871 647 1942 οὐ
667 1876 820 1952 δικαίως·
845 1870 974 1960 μεγάλη
997 1872 1063 1961 γοίρ

100 1977 191 2043 ἐστιν
204 1972 326 2063 ἀρετή,
344 1970 435 2053 ὅστις
448 1972 511 2060 τὴν
523 1974 648 2043 ἑαυτοῦ
659 1973 758 2042 πόλιν
773 1971 907 2065 ὁτῳοῦν
921 1973 1065 2044 δυ’ναται

94 2075 211 2168 τρόπω
229 2074 365 2162 ἀγαθόν
382 2102 414 2144 τι
439 2074 644 2165 ἐργάξεσθαι.
681 2074 757 2144 ἀλλ’
782 2068 846 2146 οὖν
864 2075 1064 2164 γιγνώσκειν

95 2204 134 2264 γε
151 2176 215 2266 χρὴ
234 2174 284 2246 ὅτι
298 2180 427 2258 ἐκεῖνος
441 2172 485 2245 ἂν
504 2186 555 2265 εἴη
574 2176 662 2247 πολι)
677 2184 838 2248 πλείστου
857 2176 947 2260 ἄξιος
965 2176 1065 2268 ιἰνήρ,

94 2276 183 2359 ὅστις
207 2294 279 2359 τοίς
299 2280 423 2349 ἑαυτοῦ
448 2278 756 2369 παρακινδυνεύων
778 2281 929 2369 χρήμασί
949 2307 985 2350 τε
1006 2279 1064 2349 καὶ

95 2380 223 2467 σοι’ματι
246 2379 383 2474 τολμρίη
407 2379 542 2467 ἆγαδόν
566 2406 597 2449 τι
620 2394 730 2450 ποιεῖν
753 2382 836 2462 τοὺς
855 2383 979 2452 ἑαυτοῦ
1000 2406 1064 2452 πο-

95 2491 198 2563 λίτας.

169 2583 261 2671 Ἐμοὶ
286 2592 407 2653 τοίνυν
424 2582 466 2652 τα
484 2583 548 2671 μὲν
573 2581 637 2671 ἤδη
662 2590 712 2664 είς
738 2581 828 2671 ὑμᾶς
846 2586 1067 2673 πεπραγμένα
1087 2616 1118 2665 19

99 2685 221 2773 σχεδόν
243 2713 275 2754 τι
300 2682 447 2765 ἅπαντες
471 2681 515 2754 δν
533 2689 695 2774 εἰδείητε,
719 2685 760 2754 τοὶ
786 2684 825 2754 δὲ
848 2685 1016 2774 μίλλοντοί
1032 2712 1069 2756 τε

96 2789 153 2919 καὶ
187 2785 249 2876 ἤδη
281 2787 494 2877 πραττόμενα
521 2784 642 2878 ἄνδρες
668 2785 767 2875 δμῶν
792 2787 1004 2863 πεντακόσιοι
1031 2791 1068 2858 ἐν

167 2988 207 3039 17.
226 2978 303 3063 χρὴ
299 2984 362 3036 εδδ.
385 2983 423 3036 Ad
440 2985 485 3035 ΒΖ
505 2984 618 3036 Bk-
644 2977 699 3052 γὰρ
726 2989 789 3050 post
815 2984 900 3038 τοῦτο
927 2981 979 3051 μὲν
1006 2985 1068 3037 εδδ.

99 3053 256 3104 ABBk.-
222 3051 320 3120 -τῆς
338 3056 402 3104 ante
388 3051 479 3104 ετῶν
496 3068 575 3117 νμετ
590 3065 658 3117 σωμ.
672 3051 733 3103 εδδ
752 3053 799 3105 ΑΒ
812 3053 916 3104 1312-
882 3043 1069 3118 -δαποίνης

100 3189 125 3239 Α
145 3190 198 3240 Bk.
222 3189 272 3254 (ei.
304 3188 374 3253 Sl.:)
402 3125 561 3248 δαπῗδΒς
581 3186 722 3259 δαπανᾷν
740 3205 766 3241 v.

169 3259 210 3309 18
230 3254 447 3336 στεφανοῦνταί
472 3271 503 3307 τε
526 3254 565 3307 Sl.
589 3255 637 3317 (cf.
660 3257 676 3318 ἓ
687 3242 811 3322 20)-
828 3251 980 3322 γινώσκειν
1007 3271 1069 3306 eum

101 3324 134 3378 R.
152 3324 218 3375 Bk..
237 3342 265 3376 τι
283 3319 485 3392 γινώσκειν-
452 3314 569 3375 -πολδ
587 3321 724 3375 πλείστου
741 3324 764 3374 Β
783 3327 812 3374 ελ
831 3323 949 3376 corr.A=
961 3322 1068 3375 πολλοῦ

101 3392 236 3445 πλείστου
254 3394 323 3443 Zet
312 3397 381 3458 t.pr
400 3390 435 3455 A;
454 3388 592 3443 πλείστου
609 3407 634 3442 v
653 3389 794 3457 (Bk.)-
816 3394 876 3451 τοῖς
895 3381 1000 3444 ἑαυτοῦ
1018 3406 1070 3442 πο
1166 3444 1168 3449 ,

104 3459 255 3594 λίταδδ.ᾨιδ’
272 3458 362 3593 βΑουλή
391 3526 444 3583 del.
470 3526 583 3590 Valck.;
611 3527 667 3582 def.
695 3526 821 3583 Scheibe.
847 3542 880 3563 -·-
