2340 3916
125 198 167 266 60
504 197 721 251 λαεοιωλοο

1067 342 1075 365 ί

126 342 317 431 πυθόμενοι
334 342 375 410 δέ
389 340 477 420 τινές
491 367 531 428 με
548 337 676 427 ἥκοντα
688 343 759 408 τάν
776 347 1002 430 τετρακοσίων
1022 344 1074 429 ἐζη

125 473 209 515 τουν
233 471 269 513 τε
293 445 512 532 παραχρῆμα,
537 443 595 511 καλ
620 441 781 530 λαβόντες
805 439 934 530 ἤγαγον
961 448 1009 522 είς
1032 442 1095 530 τὴν

74 557 107 606 14
124 546 263 636 βουλήν.
283 542 439 625 εῦδῦςδδ
448 542 622 633 παραστάς
631 570 688 633 μοι
697 549 910 634 Πείσανδρος
920 541 1092 633 ,,άνδρες“

44 732 46 737 ,
126 655 189 738 ἔφη
214 652 426 737 ,βουλευταί
431 697 441 733 ,
466 645 532 732 ε’γιδ
550 645 613 714 τόν
637 643 746 735 άνδρα
763 647 886 715 τοῦτον
910 647 1098 716 ἐνδεικνύω

124 747 208 839 ῦμῖν
236 747 333 817 σίτόν
350 774 386 817 τε
404 753 453 827 είς
470 745 553 827 τοῦς
579 752 761 835 πολεμίους
786 747 1014 834 εἰσαγαγόντα
1037 749 1104 817 καί

124 848 293 931 κωπέας.“
321 849 379 917 καὶ
397 848 436 917 τδ
454 849 593 937 πρᾶγμα
611 845 677 936 ἤδη
697 850 766 917 πάν
783 853 931 937 διηγεῖτο
950 847 997 929 ὥς
1017 851 1097 919 ἐπέ-

126 978 264 1043 πρακτο.
295 954 331 1021 ἐν
349 948 388 1019 δὲ
405 950 452 1041 τῷ
471 948 546 1019 τότε
559 951 600 1019 τά
616 952 756 1021 ἐναντία
774 952 984 1039 φρονοῦντες
1001 953 1098 1040 δῆλοι

126 1046 212 1143 ἦσαν
238 1051 301 1140 ἤδη
328 1055 364 1121 οἱ
386 1052 442 1120 ἐπὶ
468 1053 625 1142 στρατιάς
649 1049 744 1133 ὄντες
770 1066 841 1131 τοῖς
858 1060 1096 1142 τετρακοσίοις.

75 1177 107 1228 15
125 1153 221 1240 κάγά
231 1207 240 1242 ,
257 1152 409 1242 θόρυβος
427 1152 494 1243 γάρ
519 1152 562 1240 δη
579 1157 732 1246 τοιοῦτος
752 1157 905 1241 ἐγίγνετο
922 1157 991 1223 τῶν
1009 1161 1095 1242 βου-

125 1258 276 1343 λευτῶν,
308 1253 422 1342 ἐπειδὴ
455 1257 665 1342 ἐγίγνωσκον
700 1253 952 1344 ἀπολούμενος,
987 1253 1097 1337 εῦθῦς

127 1359 311 1447 προσπηδῶ
344 1355 430 1445 πρὸς
461 1354 523 1444 τὴν
556 1359 671 1427 ἑστίαν
697 1357 756 1425 καὶ
787 1357 1001 1446 λαμβάνομαι
1026 1361 1099 1427 τῶν

129 1462 239 1548 ἱερῶν.
277 1455 360 1548 ὅπερ
377 1459 508 1546 μοικαὶ
526 1465 687 1528 πλείστου
705 1455 799 1540 άξιον
822 1462 974 1546 ἐγίγνετο
993 1460 1031 1528 ἐν
1048 1463 1097 1551 τῷ

126 1560 216 1630 τότε·
249 1567 298 1640 είς
329 1560 395 1648 γάρ
421 1560 501 1640 τοῦς
525 1560 630 1640 θεοὺς
655 1565 775 1646 ἔχοντα
799 1558 913 1649 ὀνείδη
936 1550 1035 1630 οῦτοί
1057 1588 1099 1649 με

107 1667 257 1751 μᾶλλον
275 1663 345 1730 τῶν
363 1658 561 1751 ἀνθρώπων
583 1665 711 1731 ἐοίκασι
728 1664 942 1750 κατελεῆσαι,
965 1669 1096 1751 βουλη-

127 1766 262 1835 θέντων
279 1790 315 1833 τε
339 1760 456 1832 αάτῶν
473 1761 675 1833 ἀποκτεῖναί
695 1791 737 1852 με
754 1753 848 1833 οῦτοι
865 1754 952 1852 ἦσαν
971 1768 1007 1833 οί
1022 1769 1098 1833 δια-

130 1866 309 1947 σώσαντες.
347 1865 454 1951 δεσμά
477 1892 513 1934 τε
538 1863 684 1954 ὕστερον
706 1866 765 1934 καὶ
789 1865 876 1935 κακά
900 1863 964 1934 ὅσα
987 1868 1099 1935 τεκαὶ

129 1963 185 2038 οἷα
199 1971 246 2059 τῷ
262 1965 392 2054 σάματι
405 1963 617 2056 ἠνεσχόμην,
633 1966 765 2057 μακρόν
779 1961 824 2036 άν
838 1977 889 2056 εἴη
903 1993 959 2056 μοι
976 1968 1099 2053 λέγειν.

79 2096 110 2146 16
129 2059 171 2138 οῦ
198 2067 241 2155 δὴ
264 2068 322 2137 καὶ
344 2065 482 2155 μάλιστ’
509 2067 658 2155 ἐμαυτόν
676 2066 973 2157 ἀπωλοφυράμην·
1006 2065 1098 2150 ὅστις

128 2171 232 2239 τοῦτο
250 2168 313 2257 μὲν
333 2170 371 2238 ἐν
386 2158 412 2260 ᾦ
428 2168 572 2270 ἐδόκειχό
588 2173 693 2259 δῆμος
706 2172 916 2258 κακοῦσθαι,
935 2168 1000 2256 ἑγά
1020 2169 1100 2240 άντὶ

129 2270 255 2340 τοῦτον
270 2269 357 2339 κακά
372 2267 477 2359 εἶχον,
495 2273 597 2341 τοῦτο
616 2270 655 2341 δὲ
670 2272 784 2360 ἐπειδὴ
799 2274 958 2360 ἐφαίνετο
977 2261 1015 2341 εῦ
1035 2266 1097 2341 ὑπ’

133 2374 216 2462 ἐμοῦ
236 2371 438 2461 πεπονθός,
463 2372 566 2442 πάλιν
590 2364 634 2443 αῦ
652 2374 709 2442 καλ
729 2372 784 2442 διά
802 2371 898 2442 τοῦτ’
925 2371 992 2460 ἐγοδ
1011 2370 1100 2443 άπα-

128 2482 266 2564 λοίμην·
292 2471 376 2545 ὥστε
400 2473 484 2544 ὁδόν
501 2501 537 2545 τε
561 2476 619 2543 καί
645 2473 753 2562 πόρον
776 2478 914 2564 μηδαμῇ
940 2480 987 2543 ἔτι
1010 2472 1103 2546 εἷναί

43 2572 46 2577 ’
128 2603 185 2664 μοι
197 2575 399 2666 εὐθαρσεῖν·
416 2574 493 2647 ὅποι
505 2577 572 2666 γάρ
581 2582 792 2665 τραποίμην,
805 2576 978 2647 πάντοθεν
991 2577 1099 2645 κακόν

128 2684 166 2746 τί
187 2705 242 2765 μοι
268 2680 427 2765 ἐφαίνετο
453 2677 716 2766 ἑτοιμαζόμενον.
760 2673 836 2746 ἀλλ’
865 2674 955 2766 ὅμως
977 2679 1036 2747 καὶ
1062 2682 1100 2748 ἐκ

129 2779 259 2847 τούτων
283 2780 449 2849 τοιοάτων
467 2776 578 2849 όντων
595 2776 803 2865 ἀπαλλαγείς
822 2776 886 2849 οῦκ
911 2785 1002 2850 ἔστιν
1026 2775 1046 2848 ό
1068 2806 1100 2848 τι

199 2909 247 2984 142
256 2905 318 3026 (κριὲ
337 2902 464 3028 ξαλκόνὲ
481 2906 530 3028 ιῖαλ
555 2905 669 3028 κωπῗας
692 2908 754 2965 coll.
777 2909 793 2972 5
818 2910 848 2959 11
873 2908 970 2960 Meier.
993 2934 1027 2946 —
1050 2901 1098 2962 ἐπὶ

128 2988 442 3122 σῖραῦῦῦςέπειδὴυῦῦῦ]
460 2992 494 3097 λδ.
512 2989 808 3125 ’δ’ῦῦῦτεειῦῦδτέπειδή.
821 3070 854 3079 -
871 3039 975 3111 ἔχοντα
993 3024 1095 3112 ὀνείδη

130 3108 214 3163 οντοί
229 3125 264 3176 με
283 3109 311 3165 S.
329 3113 424 3163 ‘surm
444 3104 525 3193 είγρν
542 3103 578 3163 τά
597 3102 638 3164 όν.
658 3127 747 3178 ουτοι,
768 3112 803 3194 ρῖ
815 3126 860 3179 με.
1039 3170 1048 3192 ‚

198 3179 238 3229 16,
258 3194 341 3231 τουτο
360 3173 426 3256 μὲν]
444 3193 537 3249 τοοτῳ
555 3173 610 3245 μὲν
628 3178 684 3232 AB.
702 3206 736 3217 —
754 3195 787 3233 ευ
805 3195 857 3234 om.
877 3179 955 3233 ABZ.
975 3205 1009 3216 -
1028 3195 1101 3231 απο-

129 3240 439 3328 λοίμηνγάπωλλςνμην
461 3246 526 3300 mal.
545 3246 616 3311 Bk.;
638 3248 733 3329 immg,
752 3249 776 3299 εἰ
794 3247 860 3315 quid
877 3247 1053 3328 mutandmy,
1074 3245 1102 3301 εί

130 3318 194 3364 ante
218 3315 307 3365 πάλιν
330 3330 368 3364 αν
390 3312 546 3365 addendum
571 3319 621 3368 est.
643 3342 676 3354 —
699 3331 766 3368 οποι
789 3331 851 3368 cum
868 3316 902 3371 R.
924 3315 992 3366 Bk:
1016 3330 1101 3370 οιτον.

128 3474 162 3484 -
181 3439 233 3500 οῦκ
253 3443 330 3501 ἔστιν
348 3439 394 3502 ὅτι
413 3443 510 3516 ἕτερον
528 3452 641 3517 scripsi:
665 3444 718 3504 οῦκ
737 3446 814 3505 ἔστιν
832 3441 876 3505 ότι
896 3377 1100 3518 ἓῦόῦόῦλςοῦκ

130 3510 208 3567 ἔστιν
226 3505 272 3567 ότι
291 3510 388 3585 ἕτερον
407 3511 489 3584 ἔργον
506 3519 554 3571 ΒΖ
574 3519 640 3583 Bk.;
660 3512 758 3572 σάκε’τι
777 3514 874 3588 ἕτερον
892 3536 918 3572 v.
