2340 3916
61 164 64 169 ’
159 181 201 244 46
396 140 404 157 ⁸
499 181 756 241 κιεκιαον

163 345 344 426 ἐλευθέρου
355 344 473 422 παιδός
483 339 553 428 μήτ’
568 345 648 425 ε’ράν
658 341 731 428 μήτ’
744 346 998 427 ἐπακολουθεῖν,
1020 338 1112 428 {it—13-

164 453 305 510 πτεσθαι
329 450 370 530 τῇ
393 446 534 528 δημοσίᾳ
555 439 688 526 μάστιγι
714 441 919 526 πεντήκοντα
948 441 1113 526 πληγάς.“

94 563 148 617 '148
167 540 235 613 ἀλλ’
248 544 289 610 οὐ
301 541 361 610 τόν
374 543 555 627 ἐλεύθερον
574 542 741 610 ἐκόλασεν
757 547 838 623 ἐρᾶν
855 545 909 610 καλ
920 540 1048 628 ὁμιλεῖν
1059 546 1114 609 καὶ

166 643 383 725 ἀκολουθεῖν,
406 639 484 709 οὐδὲ
497 641 628 727 βλάβην
637 650 683 728 τῷ
700 644 809 719 παιδὶ,
832 637 916 708 ἀλλά
928 647 1115 726 μαρτυρίαν

166 741 386 828 σωφροσύνης
397 738 542 827 ἡγήσοιτο
554 747 757 826 συμβαίνειν.
778 736 907 820 ἀκύρου
918 737 1049 823 δὀῖμαι
1059 742 1114 806 καί

167 841 336 911 ἀδυνάτου
353 844 400 906 ἔτι
417 839 514 918 ὄντος
529 853 640 923 κρῖναι
655 838 716 907 τόν
727 839 832 918 ὅντως
849 836 974 906 εύνουν
991 840 1046 905 καὶ
1057 838 1112 924 μὴ,

165 939 225 1009 τόν
243 943 368 1025 ἐρῶντα
386 941 598 1022 σωφρονίζει,
620 938 675 1003 καλ
694 937 773 1014 τούς
788 944 846 1022 τῆς
863 943 974 1021 φιλίας
992 936 1115 1020 λόγους

167 1045 214 1116 είς
223 1038 284 1122 τὴν
296 1043 493 1121 φρονοῦσαν
504 1035 559 1101 καὶ
575 1036 804 1120 πρεσβυτέραν
819 1029 952 1120 ἡλικίαν
962 1030 1115 1118 ἀναβάλ-

167 1144 271 1202 λεται·
292 1131 329 1200 τό
348 1130 380 1199 δ’
398 1136 643 1200 ἐπακολουθεῖν
658 1133 712 1198 καὶ
732 1136 859 1217 ἐφορᾶν
882 1127 1039 1215 φρουράν
1060 1133 1114 1198 καὶ.

169 1227 324 1315 φυλακὴν
341 1231 562 1316 σωφροσύνης
580 1226 724 1315 ἡγήσατο
743 1227 827 1296 εἶναι
843 1237 1008 1315 μεγίστην.
1045 1255 1115 1295 τοι·
1135 1242 1168 1298 14⁴

168 1330 283 1414 γάρτοι
294 1326 374 1407 τούς
384 1336 441 1413 τῆς
456 1329 583 1406 πόλεως
592 1332 653 1412 μὲν
665 1325 847 1414 εὐεργέτας,
859 1344 929 1408 ταῖς
940 1327 970 1396 δ’
984 1327 1115 1410 ἀρεταῖς

169 1426 466 1514 ὑπερενηνοχότας,
477 1425 651 1511 Ἁρμόδιον
661 1427 717 1493 καὶ
726 1424 1002 1512 Ἀριστογείτονα,
1014 1423 1032 1493 ὁ
1045 1428 1116 1493 σοι’-

169 1553 267 1612 φρων
278 1528 333 1594 καὶ
344 1530 499 1610 ἔννομος,
518 1534 582 1592 εῖτε
599 1529 705 1606 ἔρωτα
723 1533 787 1591 είτε
799 1525 926 1606 τρόπον
937 1522 1042 1591 αὐτὸν
1052 1525 1113 1610 χρὴ

169 1639 375 1710 προσειπεῖν,
396 1624 569 1700 τοιούτους
592 1626 802 1709 ἐπαίδευσεν,
827 1621 911 1689 ὥστε
927 1619 1005 1699 τούς
1023 1625 1117 1689 ε’παι-

169 1721 360 1802 νοῦνταςτά
371 1725 507 1791 ἐκείνων
520 1726 600 1806 ἔργα
616 1724 891 1804 καταδεεστέρους
910 1726 1021 1787 δοκεῖν
1033 1718 1117 1787 εἶναι

170 1825 206 1889 ἐν
218 1837 285 1900 τοῖς
296 1825 467 1907 ἐγκωμίοις
477 1827 545 1886 τῶν
556 1822 693 1896 ἐκείνοις
704 1820 956 1903 πεπραγμένων.

252 1917 377 2004 Ἐπειδὴ
401 1916 436 1984 δὲ
460 1915 629 2002 Ἀχιλλέως
653 1918 707 1983 καὶ
727 1917 926 1998 Πατρόκλου
947 1920 1118 2002 μέμνησθε
1136 1945 1168 1997 14

170 2020 224 2083 καλ
237 2014 382 2100 Ὁμήρου
399 2015 453 2081 καί
471 2016 591 2096 ἐτέρων
608 2023 771 2099 ποιητωυ,
795 2010 839 2091 ὡς
860 2021 929 2080 τοῖν
944 2013 1005 2098 μὲν
1023 2017 1118 2081 δικα-

171 2121 260 2179 σιῶν
271 2111 427 2196 ἀνηκόων
444 2116 592 2189 παιδείας
607 2110 732 2196 όντων,
762 2107 854 2196 ὑμεῖς
866 2111 901 2177 δέ
918 2109 1118 2196 εὐσχήμονές

171 2236 258 2288 τινες
269 2220 506 2295 προσποιεῖσθε
524 2209 607 2277 εἶναι
624 2212 679 2277 καὶ
696 2219 979 2295 περιφρονοῦντες
989 2213 1118 2295 ίστορίηι

170 2306 366 2394 πάνδημον,
382 2305 421 2375 ἵν’
436 2313 560 2395 εἰδῆτε,
579 2306 630 2376 ότι
641 2312 696 2377 καί
707 2307 800 2395 ἡμεῖς
810 2336 840 2374 τι
851 2309 913 2395 ἤδη
925 2306 1117 2394 ἠκούσαμεν

170 2407 227 2475 καὶ
237 2405 418 2492 ἐμάθομεν,
432 2409 568 2492 λέξομέν
578 2434 609 2475 τι
620 2409 673 2474 καὶ
685 2404 777 2493 ἡμεῖς
788 2410 862 2493 περὶ
873 2408 1011 2475 τούτων.
1027 2411 1119 2475 ἐπει-

172 2506 213 2594 δὴ
237 2504 302 2592 γάρ
325 2507 526 2591 ἐπιχειροῦσι
550 2505 747 2591 φιλοσόφων
769 2503 904 2591 ἀνδρῶν
924 2514 1118 2590 μεμνῆσθαι

106 2620 154 2673 149
172 2608 227 2673 καὶ
239 2606 461 2689 καταφεύγειν
471 2608 523 2672 ἐπὶ
539 2603 617 2683 τούς
629 2609 821 2692 είρημένονς
832 2609 869 2673 ἐν
879 2612 926 2694 τῷ
936 2609 1043 2692 μέτρῳ
1058 2606 1118 2672 λό-

173 2727 268 2786 γους,
291 2703 483 2786 θεωρὴσατε
512 2699 773 2789 ἀποβλέψαντες,
809 2696 1040 2789 ολἈθηναῖοι,
1073 2708 1119 2780 είς

172 2797 251 2875 τούς
266 2795 540 2887 ὁμολογουμένως
555 2794 706 2887 ἀγαθούς
720 2805 775 2868 καὶ
791 2801 953 2889 χρηστούς
970 2799 1117 2887 ποιητάς,

173 2897 254 2965 ὅσον
276 2907 476 2986 κεχωρίσθαι
496 2902 655 2988 ἐνόμισαν
677 2901 755 2982 τούς
775 2903 953 2988 σώφρονας
974 2905 1028 2970 καὶ
1051 2908 1120 2968 τῶν

173 2994 298 3082 ὁμοίων
309 3001 453 3080 ἐρῶντας
464 3002 519 3067 καί
531 2997 610 3078 τούς
623 2997 774 3085 ἀκρατεῖς
786 2993 834 3067 ὧν
846 2999 887 3066 ού
899 2998 959 3085 χρὴ
973 2995 1119 3074 καὶτοὺς

174 3091 338 3180 ὑβριστάς.
373 3099 455 3175 λέξω
472 3096 508 3162 δὲ
524 3103 657 3180 πρῶτον
674 3098 821 3182 μὲνπερλ
833 3095 996 3183 Ὁμήρου,
1019 3094 1060 3164 ὃν
1081 3099 1119 3163 ἐν
1138 3114 1168 3164 ῖῖ

174 3209 241 3273 τοῖς
252 3196 489 3282 πρεσβυτάτοις
505 3200 561 3264 καί
580 3199 785 3283 σοφωτάτοις
798 3209 867 3266 τῶν
877 3207 1023 3285 ποιητῶν
1034 3197 1120 3266 εἶναι

173 3292 340 3377 τάττομεν.
362 3294 486 3370 ἐκεῖνος
495 3290 558 3377 γάρ
569 3302 737 3379 πολλαχοῦ
746 3300 951 3380 μεμνημένος
962 3297 1036 3379 περί
1047 3301 1121 3362 Πα-

174 3390 317 3472 τρόκλου
335 3391 389 3455 καὶ
404 3386 569 3474 Ἀχιλλέως
586 3391 645 3459 τόν
659 3392 721 3477 μὲν
732 3399 838 3475 ἔρωτα
849 3395 903 3460 καὶ
915 3391 976 3479 τὴν
988 3396 1100 3459 ἐπωνυ
