2340 3916
369 206 466 258 RATA
484 206 742 260 οιιοεκεουυ.
996 208 1039 274 65

68 373 146 435 σίαν
171 373 256 454 έχων
284 363 411 453 πολλὴν
434 367 490 434 καὶ
514 370 648 434 παίδων
670 363 822 456 ἀρρένων
845 364 908 437 ούκ
927 365 1039 438 όντων

68 454 174 564 αύτῷ,
197 473 253 540 καὶ
273 469 413 552 ούδενὸς
437 469 541 541 ἀλλον
560 471 719 560 δεόμενος
742 463 790 541 ύν
809 469 881 562 (ἀν)
901 471 1036 565 ἀνδρω-

66 604 130 660 πος
157 581 287 669 μέτριος
315 582 469 666 δεηθείη,
499 575 562 647 ούκ
589 574 748 666 ἀπέσχετο
780 578 958 667 χρημάτων
986 587 1036 651 δι-

67 687 220 771 δομένων
244 682 327 753 κατὰ
349 687 409 772 τῆς
431 689 606 774 πατρίδος,
635 681 711 753 οὐδ’
737 680 950 773 ἀπεκρύψπο
973 685 1036 777 τὴν

67 797 218 878 ἔμφυτον
240 796 422 880 πονηρίαν,
446 786 518 859 ἀλλ’
544 786 655 859 ἀνεῖλε
678 792 791 859 πᾶσαν
813 788 877 879 τὴν
899 819 1035 882 γεγενη-

66 899 172 984 μένην
191 892 281 989 αύτῷ
299 895 383 986 πρὸς
402 892 488 984 ὑμᾶς
506 902 629 983 πίστιν,
643 897 700 964 καὶ
719 891 769 977 οἷς
786 896 950 987 πρότερον
969 904 1034 988 ἔφη

66 1005 299 1092 διαφέρεσθαι,
317 1000 400 1093 πρὸς
417 1001 558 1083 τούτους
576 1003 689 1082 ἔταξεν
707 998 887 1089 αύτόν,καί
906 1005 1034 1094 ἐξήλεγ-

67 1110 122 1189 ξεν
146 1104 251 1177 αὑτοῦ
273 1108 335 1197 τὴν
357 1114 585 1198 προσποίητον
607 1114 859 1194 καλοκαγαθίαν
883 1106 935 1178 ότι
952 1125 1034 1191 ψευ-

68 1211 128 1302 δὴς
148 1207 199 1301 ἦν·

139 1317 178 1388 “A
196 1320 257 1410 χρὴ
276 1321 520 1407 λογισαμένους
538 1315 625 1407 ὑμᾶς
642 1319 784 1407 πάντας,
803 1311 830 1390 ἀ
846 1318 1033 1410 Ἀθηναῖοι,
1054 1333 1086 1382 19

66 1427 122 1493 καὶ
148 1429 216 1494 τῶν
244 1427 422 1517 παρόντων
449 1428 577 1515 καιρῶν
605 1422 896 1514 ἀναμνησθέντας,
925 1434 961 1496 οἳ
981 1435 1034 1498 πί-

66 1552 168 1612 στεως
186 1529 228 1602 ού
247 1537 454 1622 δωροδοκίας
472 1534 616 1619 δέονται,
631 1546 744 1619 μισεῖν
759 1529 840 1613 τούς
852 1535 1035 1624 πονηρούς,

66 1635 197 1707 ἀνελεῖν
216 1642 252 1708 ἐκ
273 1642 332 1726 τῆς
353 1638 481 1720 πόλεως
497 1636 539 1706 τὰ
556 1640 696 1707 τοιαῦτα
713 1645 834 1728 θηρία,
852 1640 909 1709 καὶ
928 1642 1033 1721 δεῖξαι

65 1748 169 1813 πᾶσιν
192 1742 386 1836 ἀνθρώποις
409 1742 460 1814 ότι
484 1741 526 1813 ού
544 1745 814 1833 συνδιέφθαρται
837 1743 955 1814 τὸτοῦ
975 1746 1033 1833 δη’-

65 1877 131 1938 μου
149 1854 279 1940 πλῆθος
296 1855 364 1921 τῶν
382 1851 535 1941 ρητόρων
557 1851 613 1918 καί
631 1853 700 1918 τῶν
720 1854 915 1940 στρατηγῶν
932 1871 1032 1938 τισιν,

66 1954 146 2025 οὐδὲ
165 1958 340 2028 δουλεύειν
353 1973 425 2038 ταῖς
444 1957 566 2043 δόξαις,
585 1955 716 2038 είδότας
735 1953 784 2025 ὅτι
802 1954 883 2044 μετὰ
901 1955 962 2044 μὲν
981 1961 1032 2025 δι-

65 2063 249 2151 καιοσύνης
270 2065 327 2133 καὶ
349 2067 408 2152 τῆς
430 2062 514 2154 πρὸς
536 2059 700 2152 ἀλλήλους
723 2058 883 2150 ὁμονοίας
905 2065 1034 2155 ῥᾳδίως

65 2165 297 2257 ἀμυνούμεθα,
314 2173 408 2239 θεῶν
426 2175 526 2239 ἵλεων
544 2167 664 2256 όντων,
679 2168 740 2238 ἐάν
757 2196 845 2250 τινες
857 2164 940 2258 ἡμίν
959 2165 1032 2238 ἀδί-

65 2302 131 2356 κως
149 2277 378 2363 ἐπιτίδωνται,
396 2274 476 2364 μετὰ
496 2275 534 2345 δὲ
552 2281 759 2366 δωροδοκίας
776 2276 832 2345 καὶ
849 2281 1034 2366 προδοσίας

65 2383 121 2449 καὶ
139 2384 208 2449 τῶν
226 2378 353 2470 ὁμοίων
370 2382 503 2464 τούτοις
520 2385 643 2469 κακῶν,
662 2377 684 2450 ἀ
701 2395 772 2462 τοῖς
788 2381 955 2462 τοιούτοις
974 2378 1032 2450 ἀν-

64 2486 218 2576 θρώποις
234 2488 423 2578 πρόσεστιν,
443 2485 573 2576 οὐδεμί’
594 2483 638 2556 ἀν
655 2486 751 2568 πόλις
768 2493 904 2574 σωθείη.
932 2491 1032 2573 μηδε-
1052 2509 1086 2558 20

66 2599 146 2679 μίαν
165 2585 228 2662 οὖν
247 2596 363 2682 δέησιν
382 2587 408 2663 ὦ
431 2590 607 2683 Ἀθηναῖοι
629 2589 709 2682 μηδ’
731 2598 824 2661 έλεον
848 2644 1033 2659 .........

67 2699 130 2784 [είς
152 2695 237 2787 ὑμᾶς
259 2700 487 2789 λαμβάνοντες
509 2696 665 2786 αύτούς],
683 2696 768 2785 μηδὲ
785 2695 849 2785 την
867 2698 900 2778 ἐξ
919 2692 1033 2766 αύτάν

65 2909 186 2983 πολλὴν]
201 2915 293 2971 πολύν
305 2918 379 2984 pr.A
393 2916 525 2971 corr.².—
544 2910 622 2987 αύτῷ
635 2916 686 2968 Bk.
695 2915 773 2966 Turr.
785 2940 817 2952 -
831 2901 872 2968 ὧν
884 2902 944 2980 (ἀν)
958 2919 1034 2966 tuot.

65 2985 118 3033 Bk.
138 2990 167 3035 et
189 2984 274 3037 Dobr.
292 2987 371 3037 Turr.
392 3012 426 3023 —
455 2982 505 3036 καὶ
529 2979 585 3044 οἷς]
603 2979 648 3044 οἷς
671 2999 723 3035 om.
746 2998 786 3048 pr.
809 2981 856 3034 Ad.
878 3009 912 3019 —-
941 2975 1033 3034 αὑτοῦ

66 3044 129 3117 τήν]
154 3046 246 3105 αὑτοῦ
268 3054 323 3108 del.
342 3055 420 3104 Turr.
457 3051 500 3102 Of.
517 3051 628 3119 Kriiger
649 3050 698 3103 Gr.
717 3051 765 3102 Gr.
788 3049 868 3113 54⁷,
890 3053 920 3116 9,
942 3050 981 3123 28.
999 3077 1034 3086 -

66 3123 129 3184 post
146 3114 260 3186 ψευδὴς
278 3108 316 3188 ἦν
333 3119 469 3187 εμοδοιίιι
487 3118 625 3171 excidisse
641 3121 768 3170 statuunt
786 3117 877 3169 δόλιοι.
889 3117 969 3171 Turr.
980 3116 1033 3173 Mr,

137 3189 176 3242 19.
202 3184 315 3249 ποίντοις
334 3188 396 3240 add.
412 3188 438 3238 N
455 3187 506 3237 Mr.
528 3213 562 3222 --
590 3181 632 3252 οἳ]
651 3174 698 3237 ότι
715 3186 799 3263 Βομτ.
818 3208 854 3222 -
881 3176 991 3243 πόλεως
1008 3183 1034 3234 N

64 3255 131 3305 Mn:
153 3255 310 3316 πολιτείας.
329 3283 363 3294 -
392 3245 544 3307 δουλεύειν
563 3253 640 3306 Alme
658 3251 793 3305 δονλεντι
810 3251 862 3306 Bk.
873 3265 896 3302 ο.
908 3250 986 3302 codd.
999 3282 1034 3292 -

66 3316 178 3382 εἰδότες
190 3324 285 3375 ΝΑΒΖ
298 3325 349 3375 Bk.
362 3350 394 3361 -
412 3313 589 3388 ἀμυνόμεθα
606 3320 660 3371 ΑΖ.
672 3346 705 3356 -
723 3313 808 3437 ἡμιᾜ
819 3313 901 3386 ὑμῶν
912 3319 937 3398 13
950 3324 979 3369 et
990 3333 1032 3382 pr.

66 3388 90 3438 A
109 3389 196 3444 corr.².
214 3418 248 3427 —
276 3381 390 3457 ούδεμί
411 3379 448 3442 ἀν
467 3392 541 3440 auct.
560 3388 612 3440 Bk.
631 3392 661 3438 et
682 3389 768 3439 Dobr.
810 3401 880 3438 urm
898 3383 1031 3450 οτδεμία.

134 3459 175 3508 20.
210 3460 315 3511 Locum
333 3461 453 3543 pessime
471 3457 596 3508 habitum
614 3455 731 3533 dedi'ex
748 3453 856 3506 emend.
874 3452 918 3515 ὃς
936 3452 1035 3503 malim

66 3529 159 3573 tamen
177 3541 227 3591 pro
245 3525 441 3593 λαμβανοντες
458 3524 543 3576 scribi
561 3515 765 3590 ἀναλαβοντες.

106 3625 221 3656 omnem
234 3627 269 3658 on.
813 3607 829 3656 6
