2340 3916
136 211 195 274 100
538 205 665 259 ΙΣΑΙΟΤ
992 202 1045 254 On.
1064 203 1091 254 7.

132 388 203 472 γών
221 372 439 473 ἐνίκησεν,
412 411 460 453 οιν
476 397 619 472 μνημεῖα
641 383 699 469 τῆς
717 382 846 449 ἐκείνου
867 374 1090 467 φιλοτιμίας
1072 408 1091 447 ο

133 493 270 575 τρίπους
298 487 422 564 ἐκεῖνος
449 487 570 571 ἔστηκε.
615 489 721 551 καίτοι
747 488 782 551 τί
802 475 862 570 χρὴ
879 477 939 549 τόν
956 481 1091 603 μέτριον

133 593 286 674 πολίτην;
309 582 371 674 οὐχ
393 613 433 654 ον
425 574 552 672 ‘⁸666
532 610 637 673 ετεροι
658 580 698 651 τά
714 580 758 672 μὴ
776 576 975 671 προσήκοντ’
1001 579 1089 666 ἐβιά

133 696 224 772 ζοντα
246 685 445 776 λαμβάνειν,
468 683 596 754 τούτων
597 683 724 806 μηδὲν
747 697 871 768 ποιεῖν,
895 678 935 748 τά
959 676 1029 750 δ’
1012 709 1089 750 εαυ-

131 791 193 858 τοῦ
213 791 391 877 πειρᾶσθαι
414 781 544 870 σώζειν;
568 812 609 854 ου
597 773 664 852 δ
687 779 819 871 ἡπόλις
844 787 949 851 δεῖται
966 780 1090 871 χρημά-

130 916 234 1011 τών,
234 892 270 958 ἐν
287 885 427 977 πρώτοις
445 887 612 976 εἰσφέρειν
629 886 685 953 καὶ
701 885 820 1004 μηδὲν
817 878 1091 1004 ἀποκρύπτεσθαι

80 1010 112 1060 41
130 993 198 1059 τών
215 987 338 1073 όντων;
357 990 480 1065 ἐκεῖνος
497 993 612 1055 τοίνυν
628 987 775 1064 τοιοῦτος
796 973 855 1072 ἦν
872 979 953 1053 ἄνθ’
973 972 1021 1052 τόν
1040 989 1090 1052 δι-

131 1083 279 1169 ualuas*
258 1118 300 1158 αν
325 1082 418 1180 αὐτῷ
446 1084 571 1174 ταύτην
596 1082 657 1174 την
682 1083 779 1203 χάριν
801 1080 994 1172 ἀποδοίητε,
1026 1112 1090 1208 την

133 1192 261 1259 ἐκείνου
283 1186 419 1276 γνώμην
441 1188 516 1277 περὶ
537 1189 605 1256 τών
629 1180 732 1256 αὑτοῦ
753 1185 923 1276 κυρίαν
892 1212 977 1256 ειναι
994 1186 1090 1274 ποιη·

82 1282 88 1313 ²
132 1311 256 1370 σαντες.
293 1290 348 1357 καὶ
365 1286 431 1377 μην
442 1290 497 1357 καὶ
517 1289 575 1376 ἐμέ
588 1315 644 1376 γε,
656 1283 725 1357 όσα
741 1283 823 1359 κατά
838 1283 900 1374 τὴν
919 1283 1000 1376 ἐμὴν
1017 1283 1089 1375 ηλι-

130 1396 223 1478 κίαν,
249 1384 405 1480 εὑρήσετε
427 1384 468 1458 06
486 1384 589 1458 κακόν
611 1384 692 1457 οὐδὲ
708 1385 878 1476 ἄχρηστον.
916 1384 1089 1480 ἐστράτευ-

129 1518 187 1591 μαι
203 1487 262 1571 τάς
279 1497 448 1581 στρατείας
459 1517 499 1579 τη
488 1487 628 1578 πόλει,
645 1485 686 1557 τά
703 1487 968 1578 προσταττόμενα
985 1492 1087 1558 ποιώ

78 1611 112 1660 42
129 1594 225 1661 τοῦτο
248 1587 311 1679 γάρ
333 1594 401 1660 τών
399 1588 621 1758 τηλικούτων
644 1595 742 1710 ἔργον
760 1592 836 1658 ἐστί.
873 1591 928 1658 καὶ
948 1593 1088 1660 ἐκείνων

25 1704 28 1711 ’
129 1680 191 1760 066
210 1695 306 1762 ἕνεκα
317 1684 408 1760 καὶ
390 1693 483 1778 ημών
502 1697 533 1758 ε
532 1718 634 1770 κοτως
645 1683 688 1758 δν
704 1686 1086 1791 ποιήσαισθεπρόνοιαν,

129 1788 235 1872 άλλως
257 1819 295 1860 τε
316 1792 373 1861 καὶ
395 1788 523 1860 τούτων
545 1791 806 1882 τριηραρχοῦντα
822 1789 915 1860 οἶκον
931 1791 1086 1861 πεντετά-

129 1888 291 1961 λαντον’
271 1888 486 2012 ονηρηκότων
509 1893 565 1959 καὶ
582 1889 798 1981 πεπρακότων
815 1893 870 1959 καὶ
890 1897 1011 1981 ἔρημον
1028 1918 1086 1962 πε-

127 1989 328 2079 ποιηκότων,
355 1987 449 2080 ημών
476 1992 513 2060 δὲ
538 1993 593 2060 καὶ
612 1989 928 2081 λελειτουργηκότων
945 1989 1010 2079 ἥδη
1028 1996 1086 2063 καὶ

127 2089 445 2181 λειτουργησόντων,
468 2084 511 2160 ’άν
528 2086 624 2178 ὑμεῖς
643 2090 867 2182 ἐπικυρώσητε
877 2088 949 2180 ιτην
971 2089 1086 2162 Ἀπολ-

127 2188 277 2280 λοδώρου
295 2189 432 2279 γνώμην
447 2185 629 2271 ἀποδόντες
647 2185 726 2280 ἡμῖν
738 2195 856 2261 τοῦτον
873 2189 931 2262 τόν
949 2197 1083 2284 κλῆρον.

76 2311 109 2363 43
193 2285 264 2360 Ἵνα
289 2291 325 2359 δὲ
342 2287 386 2379 μη
411 2292 501 2361 δοκώ
518 2294 700 2381 διατρίβειν
717 2295 792 2383 περὶ
809 2297 913 2363 ταῦτα
930 2293 1086 2382 ποιούμε-

127 2390 183 2470 νος
199 2387 277 2471 τους
303 2389 435 2478 λόγους,
463 2387 623 2479 βούλομαι
650 2389 705 2460 διά
728 2391 878 2483 βραχέσιν
900 2389 985 2482 ὑμᾶς
1002 2390 1085 2464 ὑπο·

127 2488 254 2579 μνήσας
277 2487 364 2562 οὕτω
391 2497 622 2579 καταβαίνειν,
645 2501 679 2561 τί
701 2491 852 2579 ἑκάτερος
875 2489 968 2582 ἡμών
985 2490 1084 2584 άξιοῖ,

128 2591 287 2679 δηλώσας.
323 2589 387 2680 ἐγώ
405 2593 467 2680 μὲν
483 2587 630 2681 άδελφης
647 2589 748 2681 οὔσης
764 2598 821 2682 της
835 2597 911 2682 ἐμῆς
935 2595 938 2681 6
962 2593 1086 2685 μητρός

124 2687 375 2784 Ἀπολλοδώρῳ,
413 2700 526 2780 φιλίας
562 2688 675 2774 αὐτοῖς
705 2699 826 2782 πολλῆς
857 2690 1083 2784 ὑπαρχούσης,

129 2797 249 2881 ἔχθρας
274 2788 307 2859 δ’
331 2787 489 2881 οὐδεμιᾶς
511 2791 644 2862 πώποτε
659 2797 855 2884 γενομένης,
879 2790 1084 2884 άδελφιδούς

129 2884 176 2959 ών
193 2893 249 2959 καὶ
260 2894 413 2979 ποιηθεὶς
426 2888 497 2972 υίδς
515 2887 574 2962 ὑπ’
595 2897 723 2965 ἐκείνου
735 2899 852 2980 ζώντος
870 2898 925 2965 καὶ
945 2886 983 2964 εὖ
1000 2925 1082 2985 φρο-

127 2993 280 3079 νοῦντος,
299 2994 354 3061 καὶ
373 2999 419 3071 είς
436 2989 513 3073 τούς
530 2992 690 3083 γεννήτας
708 3024 749 3065 κα
750 2995 946 3087 ὶφράτορας
958 3001 1082 3086 ἐγγρα-

127 3098 218 3179 φείς,
238 3098 324 3180 ἔχειν
341 3121 381 3161 τα
370 3089 559 3183 δοθέντα,
578 3097 634 3165 καὶ
650 3123 694 3185 μη
684 3092 798 3166 εἶναι
817 3099 856 3166 ἐπ
833 3096 1014 3177 πτοότοιςὶ
1034 3102 1083 3181 ἐξ·

127 3193 292 3281 ερημώσαι
316 3190 374 3264 τόν
395 3192 544 3264 οἶκον
510 3223 568 3266 τον
592 3199 735 3266 ἐκείνου·
782 3195 963 3315 Προνάπης
988 3199 1027 3267 δὲ
1049 3207 1086 3268 τί

74 3308 109 3358 44
124 3285 267 3413 δπὲρ
227 3321 283 3380 της
294 3290 574 3384 άμφισβητοάσης;
593 3302 679 3384 ἔχειν
695 3296 757 3385 μὲν
772 3301 834 3366 τοῦ
849 3301 906 3420 της
923 3297 1082 3386 γυναικός

124 3388 274 3481 άδελφοῦ
298 3392 395 3485 τιμὴν
420 3399 481 3465 τοῦ
505 3391 700 3485 ἡμικληρίου
732 3395 832 3467 πένθ’
865 3395 1078 3488 ἡμιτάλαντα,

125 3500 241 3581 λαβεῖν
269 3496 305 3564 δὲ
331 3498 386 3565 καὶ
410 3493 510 3565 τόνδε
534 3493 592 3566 τόν
617 3499 739 3585 κλῆρον
763 3499 884 3589 ἑτέρων
899 3516 971 3581 ταῖς
988 3497 1080 3590 άγχί-
