2340 3916
432 196 728 255 ΕΠΙΣΤΟΛΑΙ.
997 190 1061 256 199

107 377 224 444 ταρσιν
237 354 372 442 ἡμέραις
389 351 581 441 ἀφικόμεθα
600 360 646 434 είς
663 352 806 423 ἐπίνειόν
817 382 848 422 τι
859 352 1056 442 τῆςῬοδίας,
1075 369 1123 428 661

108 454 196 522 ὅπου
217 460 358 540 νοσῆσαί
371 479 428 539 μοι
445 457 567 540 συνέβη
586 449 648 540 τὴν
664 455 739 537 περὶ
756 450 793 521 τό
813 445 928 541 ἆσθμα
944 454 1057 523 νόσον.

79 578 96 629 5
110 553 153 634 ως
167 556 201 623 δὲ
213 559 439 641 ἐπιμείναντος
449 551 570 621 αδτόδι
583 550 644 621 οόκ
658 555 808 621 ἐνεδίδου
822 549 842 640 ἡ
858 552 971 639 νόσος,
991 555 1060 622 διέ-

109 664 236 721 πλευσα
248 650 429 740 είςῬόδον,
448 654 503 721 καὶ
514 654 644 732 ἐδέξατο
656 649 741 739 ἡμᾶς
752 649 900 739 εὐμενῶς
911 649 929 720 ό
941 652 1057 731 τόπος·

108 751 213 831 εὐθὺς
229 751 294 838 γάρ
312 749 356 830 ως
378 749 564 839 άφικόμην,
587 750 673 820 πολδ
691 752 784 841 ῥᾴων
800 749 972 839 ἐγενόμην.
1004 752 1059 819 καὶ

107 854 200 918 ταυτὶ
211 849 272 936 μέν
282 852 397 936 ἔχομέν
411 872 465 918 σοι
481 854 562 930 τέως
578 852 792 919 ἐπιστέλλειν·
815 848 854 919 τά
868 848 899 918 δ’
916 849 1001 919 άλλα
1014 847 1059 930 οδς

107 944 151 1016 άν
161 951 283 1018 έκαστα
294 956 477 1039 συμβαίνῃ,
490 954 692 1037 δηλώσομεν.
715 947 861 1037 εὐτύχει,
874 953 929 1018 καί
938 949 982 1036 μη
995 972 1058 1017 πο-

107 1047 241 1116 λιτεόου
252 1050 334 1135 μηδὲ
344 1049 532 1135 πρόσκρουε
543 1049 624 1136 μήτε
634 1063 702 1129 τοῖς
712 1053 814 1119 πλέον
825 1056 888 1118 σοῦ
898 1051 979 1137 μήτε
990 1060 1058 1126 τοῖς

106 1150 241 1215 έλαττον
253 1152 457 1234 δυναμένοις.

562 1301 591 1362 2.

428 1413 733 1477 ΚΤΗΣΙΦΩΝΤΙ.

189 1528 389 1604 Ἐπέστειλεν
400 1533 479 1624 ἡμῖν
488 1533 743 1622 Νικόστρατοςό
757 1533 841 1619 πρὸς
851 1536 973 1620 μητρός
983 1544 1057 1603 θεί-

106 1658 158 1716 ος,
180 1629 225 1711 αἱς
242 1633 429 1719 έπηρεάζεις
446 1635 508 1721 μέν
524 1640 570 1714 είς
587 1632 692 1703 αὑτὸν
705 1631 746 1701 οὐ
762 1637 916 1718 μετρίως,
939 1633 1009 1717 ἐμοὶ
1022 1634 1057 1699 δὲ

105 1727 272 1810 ὀνειδίζεις
290 1732 352 1817 την
370 1731 424 1799 διά
442 1734 482 1799 σέ
495 1759 552 1818 μοι
570 1737 748 1818 συμβᾶσαν
763 1727 953 1815 συμφοράν.
990 1727 1054 1814 έχοδ

109 1829 143 1897 δὲ
156 1830 332 1915 θαυμάζω,
357 1837 392 1898 τί
399 1829 521 1899 παίδων
532 1834 654 1912 ἐξιοῦσι
670 1834 731 1917 μὲν
744 1837 881 1898 οἴκοθεν
898 1825 978 1913 ἡμῖν
998 1853 1056 1894 το-

108 1933 213 1992 σαῦια
232 1930 416 2014 διελέχθης,
429 1927 513 1997 άστε
530 1935 714 2015 πεισθῆναί
726 1954 766 2014 με
777 1930 881 2015 μηδὲν
892 1917 941 1995 ὦν
953 1928 1055 1994 διελέ-

107 2034 192 2110 χθης
215 2024 405 2093 πεπλάσθαι
427 2046 464 2094 σε
485 2022 562 2114 μηδ’
586 2026 693 2106 άλλως
716 2039 870 2112 φρονεῖν,
893 2027 1056 2112 βλέποντα
1072 2037 1124 2094 662

107 2130 241 2207 πρῶτον
257 2124 319 2208 μέν
336 2128 381 2202 είς
397 2122 458 2210 τὴν
474 2123 557 2211 ἐμὴν
574 2123 770 2210 συμφοράν,
793 2120 835 2210 ἣν
846 2121 909 2191 οὐκ
921 2120 1055 2203 άπεικδς

108 2219 192 2288 εἶναι
204 2224 258 2290 καὶ
269 2220 348 2302 τούς
358 2221 500 2310 ἐχθροὺς
512 2226 614 2291 ἐλεεῖν
624 2221 862 2310 ὑπελάμβανον
869 2274 878 2305 ,
898 2227 1007 2290 ἔπειτα
1020 2221 1056 2290 δὲ

69 2340 86 2393 2
106 2326 150 2398 είς
161 2319 198 2387 τὸ
212 2321 419 2405 σκυθρωπόν
432 2323 559 2389 σονκαλ
576 2320 694 2407 ὅμοιον
705 2323 955 2409 δεδακρυμένῳ·
980 2317 1055 2387 ὥστ’
1072 2326 1124 2383 663

107 2423 209 2504 έχωγε
221 2422 275 2488 καὶ
288 2422 457 2506 ἐπέσκηψα
469 2422 568 2499 ἐνίοις
576 2428 644 2489 τοῖν
655 2419 893 2506 προσηκόντων
904 2416 1001 2504 ἡμῖν,
1026 2428 1059 2485 εί

106 2544 166 2585 του
184 2521 328 2604 δέοιντο,
351 2522 521 2603 προσιέναι
539 2540 607 2603 σοι,
630 2521 684 2586 καὶ
703 2515 844 2605 μηδενός
862 2513 1055 2601 ὑστερήσειν

105 2615 296 2702 ὑπεσχόμην
317 2615 445 2702 αὐτοῖς,
467 2618 521 2684 καλ
543 2613 643 2696 αὐτὸς
667 2619 702 2684 δὲ
723 2618 890 2685 ἐπέστειλα
913 2615 987 2699 περὶ
1006 2605 1055 2681 οδν

105 2717 318 2802 ἐχρημάτιζον
337 2715 499 2803 Ἀθήνησί
521 2742 577 2802 μοι
604 2721 760 2801 γενέσθαι
781 2714 954 2791 πολλάκις·
988 2719 1054 2780 νῦν

106 2815 135 2883 δ’
157 2813 229 2884 οὔτ’
250 2815 403 2902 ἐμποδῶν
424 2821 471 2883 ἔτι
493 2808 591 2882 οὖσιν
611 2813 690 2901 ἡμῖν
712 2812 789 2882 οὔτε
813 2817 980 2898 διοχλοῦσι
1002 2812 1055 2878 σολ

105 2914 179 2982 οὐδ’
195 2915 284 3004 άλλφ
296 2917 359 2982 τινί
367 2911 554 3002 Ἀθηναίων
566 2915 766 3002 ἐπηρεάζεις,
779 2916 834 2983 καὶ
845 2911 922 2980 οὔτε
936 2916 981 2991 εἰς
990 2911 1053 2997 τὴν

104 3014 207 3099 τύχην
225 3014 423 3102 ἀποβλέπεις
441 3013 518 3082 οὔτε
533 3020 578 3094 είς
595 3013 677 3083 άλλο
690 3041 720 3082 τι
738 3020 805 3082 τῶν
817 3011 1053 3098 άνδρωπίνων,

104 3112 171 3180 ἀλλ’
186 3118 368 3203 έπαχωνίζη
388 3120 435 3183 ἔτι
451 3117 505 3184 καί
523 3112 747 3183 ἐκπεπτωκόσι
764 3120 822 3199 τῆς
833 3115 989 3193 πατρίδος
999 3112 1053 3179 καλ

105 3213 380 3300 άπεστερημένοις
394 3218 553 3302 ἐπιτιμίας
570 3218 624 3283 καὶΙ
636 3216 764 3292 πόλεως
775 3215 831 3282 καὶ
842 3217 988 3280 πολιτῶν
998 3212 1054 3279 καὶ

71 3327 90 3380 3
107 3320 223 3400 φίλων.
256 3314 310 3379 καὶ
321 3311 384 3380 ὅσα
395 3318 455 3399 μὲν
472 3315 583 3401 είςέμέ
601 3312 728 3384 άπόντα
742 3312 977 3400 ἕβλασφήμεις,
999 3311 1051 3377 σοὶ
1070 3320 1121 3381 664

101 3414 163 3498 μέν
176 3422 254 3492 ἴσως
266 3414 362 3496 φέροι
373 3410 416 3478 άν
434 3438 507 3480 τινα
522 3414 654 3492 εἰκότως
666 3415 720 3482 καλ
738 3412 874 3499 φθόνον
884 3411 938 3479 καλ
949 3423 1053 3496 μῖσος,
