<?xml version="1.0" encoding="UTF-8"?>
<!DOCTYPE html PUBLIC "-//W3C//DTD XHTML 1.0 Transitional//EN"
    "http://www.w3.org/TR/xhtml1/DTD/xhtml1-transitional.dtd">
<html xmlns="http://www.w3.org/1999/xhtml" xml:lang="en" lang="en">
 <head>
  <title>
</title>
<meta http-equiv="Content-Type" content="text/html;charset=utf-8" />
  <meta name='ocr-system' content='tesseract 3.04.00' />
  <meta name='ocr-capabilities' content='ocr_page ocr_carea ocr_par ocr_line ocrx_word'/>
</head>
<body>
  <div class='ocr_page' id='page_1' title='image "./orationescumali00isaegoog_0675.png"; bbox 0 0 2340 3916; ppageno 0'>
   <div class='ocr_carea' id='block_1_1' title="bbox 500 182 787 266">
    <p class='ocr_par' dir='ltr' id='par_1_1' title="bbox 500 182 787 266">
     <span class='ocr_line' id='line_1_1' title="bbox 500 182 787 266; baseline 0.003 -19"><span class='ocrx_word' id='word_1_1' title='bbox 500 182 787 266; x_wconf 75' lang='grc' dir='ltr'><strong><em>[ΑιΣιιιιιον]</em></strong></span> 
     </span>
    </p>
   </div>
   <div class='ocr_carea' id='block_1_2' title="bbox 364 473 922 569">
    <p class='ocr_par' dir='ltr' id='par_1_2' title="bbox 364 473 922 569">
     <span class='ocr_line' id='line_1_2' title="bbox 364 473 922 569; baseline 0 -23"><span class='ocrx_word' id='word_1_2' title='bbox 364 473 623 569; x_wconf 67' lang='lat' dir='ltr'><strong><em>[mmor]</em></strong></span> <span class='ocrx_word' id='word_1_3' title='bbox 655 478 922 547; x_wconf 72' lang='grc' dir='ltr'><strong><em>ιιΠινιυλιι</em></strong></span> 
     </span>
    </p>
   </div>
   <div class='ocr_carea' id='block_1_3' title="bbox 570 647 718 657">
    <p class='ocr_par' dir='ltr' id='par_1_3' title="bbox 570 647 718 657">
     <span class='ocr_line' id='line_1_3' title="bbox 570 647 718 657; baseline 0.014 -3"><span class='ocrx_word' id='word_1_4' title='bbox 570 647 718 657; x_wconf 71' lang='lat'><strong><em>——-—--⁴</em></strong></span> 
     </span>
    </p>
   </div>
   <div class='ocr_carea' id='block_1_4' title="bbox 97 746 809 966">
    <p class='ocr_par' dir='ltr' id='par_1_4' title="bbox 97 746 809 966">
     <span class='ocr_line' id='line_1_4' title="bbox 628 746 656 810; baseline 0.036 -1"><span class='ocrx_word' id='word_1_5' title='bbox 628 746 656 810; x_wconf 93' lang='lat'><strong><em>1.</em></strong></span> 
     </span>
     <span class='ocr_line' id='line_1_5' title="bbox 97 886 809 966; baseline -0.025 0"><span class='ocrx_word' id='word_1_6' title='bbox 97 908 149 966; x_wconf 75' lang='grc' dir='ltr'><strong><em>ιιι</em></strong></span> <span class='ocrx_word' id='word_1_7' title='bbox 464 886 809 950; x_wconf 80' lang='grc' dir='ltr'><strong><em>ΦιΛοιιΡΑΤιιι.</em></strong></span> 
     </span>
    </p>
   </div>
   <div class='ocr_carea' id='block_1_5' title="bbox 39 1023 1150 3510">
    <p class='ocr_par' dir='ltr' id='par_1_5' title="bbox 96 1023 1120 1433">
     <span class='ocr_line' id='line_1_6' title="bbox 254 1023 1120 1132; baseline 0.003 -26"><span class='ocrx_word' id='word_1_8' title='bbox 254 1023 445 1118; x_wconf 86' lang='grc' dir='ltr'><strong><em>Λόσαντες</em></strong></span> <span class='ocrx_word' id='word_1_9' title='bbox 461 1040 498 1106; x_wconf 79' lang='grc' dir='ltr'><strong><em>ἐκ</em></strong></span> <span class='ocrx_word' id='word_1_10' title='bbox 509 1045 706 1126; x_wconf 79' lang='grc' dir='ltr'><strong><em>Μουνυχίας</em></strong></span> <span class='ocrx_word' id='word_1_11' title='bbox 717 1043 856 1128; x_wconf 75' lang='grc' dir='ltr'><strong><em>ἑσπέρας</em></strong></span> <span class='ocrx_word' id='word_1_12' title='bbox 873 1050 1014 1132; x_wconf 78' lang='grc' dir='ltr'><strong><em>λαμπρῷ</em></strong></span> <span class='ocrx_word' id='word_1_13' title='bbox 1032 1064 1120 1127; x_wconf 82' lang='grc' dir='ltr'><strong><em>σφο-</em></strong></span> 
     </span>
     <span class='ocr_line' id='line_1_7' title="bbox 96 1142 1120 1236; baseline -0.003 -18"><span class='ocrx_word' id='word_1_14' title='bbox 96 1172 148 1229; x_wconf 80' lang='lat'><strong><em>657</em></strong></span> <span class='ocrx_word' id='word_1_15' title='bbox 166 1153 229 1234; x_wconf 79' lang='grc' dir='ltr'><strong><em>δρα</em></strong></span> <span class='ocrx_word' id='word_1_16' title='bbox 240 1156 389 1234; x_wconf 84' lang='grc' dir='ltr'><strong><em>Σκίρωνι</em></strong></span> <span class='ocrx_word' id='word_1_17' title='bbox 406 1149 481 1232; x_wconf 78' lang='grc' dir='ltr'><strong><em>περὶ</em></strong></span> <span class='ocrx_word' id='word_1_18' title='bbox 498 1148 602 1233; x_wconf 90' lang='grc' dir='ltr'><strong><em>μέσην</em></strong></span> <span class='ocrx_word' id='word_1_19' title='bbox 617 1142 744 1233; x_wconf 80' lang='grc' dir='ltr'><strong><em>ἡμέραν</em></strong></span> <span class='ocrx_word' id='word_1_20' title='bbox 761 1147 974 1236; x_wconf 81' lang='grc' dir='ltr'><strong><em>κατήχθημεν</em></strong></span> <span class='ocrx_word' id='word_1_21' title='bbox 991 1155 1038 1227; x_wconf 88' lang='grc' dir='ltr'><strong><em>είς</em></strong></span> <span class='ocrx_word' id='word_1_22' title='bbox 1048 1155 1120 1215; x_wconf 88' lang='grc' dir='ltr'><strong><em>Κο-</em></strong></span> 
     </span>
     <span class='ocr_line' id='line_1_8' title="bbox 98 1243 1117 1334; baseline -0.001 -20"><span class='ocrx_word' id='word_1_23' title='bbox 98 1273 150 1330; x_wconf 82' lang='lat'><strong><em>658</em></strong></span> <span class='ocrx_word' id='word_1_24' title='bbox 169 1245 294 1333; x_wconf 85' lang='grc' dir='ltr'><strong><em>ρησσόν</em></strong></span> <span class='ocrx_word' id='word_1_25' title='bbox 308 1243 499 1330; x_wconf 77' lang='grc' dir='ltr'><strong><em>τηνΚείοον.</em></strong></span> <span class='ocrx_word' id='word_1_26' title='bbox 533 1251 733 1325; x_wconf 89' lang='grc' dir='ltr'><strong><em>καθίσαντες</em></strong></span> <span class='ocrx_word' id='word_1_27' title='bbox 747 1247 783 1314; x_wconf 72' lang='grc' dir='ltr'><strong><em>δέ</em></strong></span> <span class='ocrx_word' id='word_1_28' title='bbox 794 1243 918 1334; x_wconf 78' lang='grc' dir='ltr'><strong><em>ἡμέρας</em></strong></span> <span class='ocrx_word' id='word_1_29' title='bbox 928 1249 1039 1333; x_wconf 78' lang='grc' dir='ltr'><strong><em>ἐννέα,</em></strong></span> <span class='ocrx_word' id='word_1_30' title='bbox 1062 1248 1117 1314; x_wconf 84' lang='grc' dir='ltr'><strong><em>καὶ</em></strong></span> 
     </span>
     <span class='ocr_line' id='line_1_9' title="bbox 166 1338 1114 1433; baseline -0.001 -21"><span class='ocrx_word' id='word_1_31' title='bbox 166 1345 230 1432; x_wconf 86' lang='grc' dir='ltr'><strong><em>γάρ</em></strong></span> <span class='ocrx_word' id='word_1_32' title='bbox 241 1338 285 1433; x_wconf 75' lang='grc' dir='ltr'><strong><em>ἦν</em></strong></span> <span class='ocrx_word' id='word_1_33' title='bbox 301 1344 422 1430; x_wconf 86' lang='grc' dir='ltr'><strong><em>άνεμος</em></strong></span> <span class='ocrx_word' id='word_1_34' title='bbox 441 1345 604 1428; x_wconf 78' lang='grc' dir='ltr'><strong><em>ἐναντίος,</em></strong></span> <span class='ocrx_word' id='word_1_35' title='bbox 628 1342 695 1411; x_wconf 77' lang='grc' dir='ltr'><strong><em>εἶτα</em></strong></span> <span class='ocrx_word' id='word_1_36' title='bbox 715 1347 853 1429; x_wconf 76' lang='grc' dir='ltr'><strong><em>ἑσπέρας</em></strong></span> <span class='ocrx_word' id='word_1_37' title='bbox 869 1345 1029 1425; x_wconf 76' lang='grc' dir='ltr'><strong><em>λύσαντες</em></strong></span> <span class='ocrx_word' id='word_1_38' title='bbox 1047 1341 1114 1430; x_wconf 84' lang='grc' dir='ltr'><strong><em>άμα</em></strong></span> 
     </span>
    </p>

    <p class='ocr_par' dir='ltr' id='par_1_6' title="bbox 39 1440 1150 2222">
     <span class='ocr_line' id='line_1_10' title="bbox 166 1440 1150 1534; baseline -0.002 -22"><span class='ocrx_word' id='word_1_39' title='bbox 166 1453 205 1534; x_wconf 78' lang='grc' dir='ltr'><strong><em>τῇ</em></strong></span> <span class='ocrx_word' id='word_1_40' title='bbox 218 1447 260 1532; x_wconf 78' lang='grc' dir='ltr'><strong><em>έηι</em></strong></span> <span class='ocrx_word' id='word_1_41' title='bbox 272 1450 318 1523; x_wconf 85' lang='grc' dir='ltr'><strong><em>είς</em></strong></span> <span class='ocrx_word' id='word_1_42' title='bbox 327 1450 442 1530; x_wconf 75' lang='grc' dir='ltr'><strong><em>Δῆλον</em></strong></span> <span class='ocrx_word' id='word_1_43' title='bbox 452 1440 612 1529; x_wconf 79' lang='grc' dir='ltr'><strong><em>ἤλθομεν.</em></strong></span> <span class='ocrx_word' id='word_1_44' title='bbox 635 1442 755 1529; x_wconf 83' lang='grc' dir='ltr'><strong><em>Δήλιοι</em></strong></span> <span class='ocrx_word' id='word_1_45' title='bbox 766 1446 803 1511; x_wconf 75' lang='grc' dir='ltr'><strong><em>δὲ</em></strong></span> <span class='ocrx_word' id='word_1_46' title='bbox 818 1444 960 1512; x_wconf 79' lang='grc' dir='ltr'><strong><em>ἐνόσουν</em></strong></span> <span class='ocrx_word' id='word_1_47' title='bbox 970 1444 1116 1530; x_wconf 80' lang='grc' dir='ltr'><strong><em>λοιμώδη</em></strong></span> <span class='ocrx_word' id='word_1_48' title='bbox 1133 1473 1150 1524; x_wconf 75' lang='grc' dir='ltr'><strong><em>η</em></strong></span> 
     </span>
     <span class='ocr_line' id='line_1_11' title="bbox 165 1537 1115 1628; baseline -0.002 -17"><span class='ocrx_word' id='word_1_49' title='bbox 165 1540 240 1612; x_wconf 83' lang='grc' dir='ltr'><strong><em>τινά</em></strong></span> <span class='ocrx_word' id='word_1_50' title='bbox 252 1541 373 1611; x_wconf 89' lang='grc' dir='ltr'><strong><em>νόσον·</em></strong></span> <span class='ocrx_word' id='word_1_51' title='bbox 404 1538 444 1608; x_wconf 86' lang='grc' dir='ltr'><strong><em>τά</em></strong></span> <span class='ocrx_word' id='word_1_52' title='bbox 462 1540 523 1626; x_wconf 70' lang='grc' dir='ltr'><strong><em>μὲν</em></strong></span> <span class='ocrx_word' id='word_1_53' title='bbox 539 1537 700 1624; x_wconf 83' lang='grc' dir='ltr'><strong><em>πρόσωπα</em></strong></span> <span class='ocrx_word' id='word_1_54' title='bbox 711 1543 912 1627; x_wconf 80' lang='grc' dir='ltr'><strong><em>ἐπίμπλαντο</em></strong></span> <span class='ocrx_word' id='word_1_55' title='bbox 930 1542 1050 1628; x_wconf 82' lang='grc' dir='ltr'><strong><em>λεύκης</em></strong></span> <span class='ocrx_word' id='word_1_56' title='bbox 1061 1546 1115 1610; x_wconf 82' lang='grc' dir='ltr'><strong><em>καὶ</em></strong></span> 
     </span>
     <span class='ocr_line' id='line_1_12' title="bbox 166 1635 1115 1727; baseline -0.002 -19"><span class='ocrx_word' id='word_1_57' title='bbox 166 1645 223 1721; x_wconf 83' lang='grc' dir='ltr'><strong><em>τὰς</em></strong></span> <span class='ocrx_word' id='word_1_58' title='bbox 242 1647 353 1727; x_wconf 81' lang='grc' dir='ltr'><strong><em>τρίχας</em></strong></span> <span class='ocrx_word' id='word_1_59' title='bbox 375 1639 488 1707; x_wconf 78' lang='grc' dir='ltr'><strong><em>λευκοὶ</em></strong></span> <span class='ocrx_word' id='word_1_60' title='bbox 512 1640 698 1724; x_wconf 73' lang='grc' dir='ltr'><strong><em>ἐγίγνοντο,</em></strong></span> <span class='ocrx_word' id='word_1_61' title='bbox 727 1635 801 1708; x_wconf 72' lang='grc' dir='ltr'><strong><em>ὅδὲ</em></strong></span> <span class='ocrx_word' id='word_1_62' title='bbox 822 1639 981 1727; x_wconf 79' lang='grc' dir='ltr'><strong><em>τράχηλος</em></strong></span> <span class='ocrx_word' id='word_1_63' title='bbox 1002 1642 1115 1708; x_wconf 79' lang='grc' dir='ltr'><strong><em>καὶτὰ</em></strong></span> 
     </span>
     <span class='ocr_line' id='line_1_13' title="bbox 166 1734 1117 1830; baseline -0.001 -23"><span class='ocrx_word' id='word_1_64' title='bbox 166 1743 285 1826; x_wconf 82' lang='grc' dir='ltr'><strong><em>στέρνα</em></strong></span> <span class='ocrx_word' id='word_1_65' title='bbox 301 1736 442 1830; x_wconf 76' lang='grc' dir='ltr'><strong><em>ἀνώθει,</em></strong></span> <span class='ocrx_word' id='word_1_66' title='bbox 463 1739 600 1822; x_wconf 83' lang='grc' dir='ltr'><strong><em>πυρετοὶ</em></strong></span> <span class='ocrx_word' id='word_1_67' title='bbox 618 1734 651 1804; x_wconf 77' lang='grc' dir='ltr'><strong><em>θ’</em></strong></span> <span class='ocrx_word' id='word_1_68' title='bbox 663 1734 725 1805; x_wconf 79' lang='grc' dir='ltr'><strong><em>οὐκ</em></strong></span> <span class='ocrx_word' id='word_1_69' title='bbox 742 1740 911 1823; x_wconf 76' lang='grc' dir='ltr'><strong><em>ἐγίγνοντο</em></strong></span> <span class='ocrx_word' id='word_1_70' title='bbox 924 1735 1002 1806; x_wconf 76' lang='grc' dir='ltr'><strong><em>οὐδὲ</em></strong></span> <span class='ocrx_word' id='word_1_71' title='bbox 1012 1736 1117 1824; x_wconf 91' lang='grc' dir='ltr'><strong><em>άλγη-</em></strong></span> 
     </span>
     <span class='ocr_line' id='line_1_14' title="bbox 168 1831 1116 1922; baseline -0.002 -18"><span class='ocrx_word' id='word_1_72' title='bbox 168 1837 264 1916; x_wconf 77' lang='grc' dir='ltr'><strong><em>θάνες</em></strong></span> <span class='ocrx_word' id='word_1_73' title='bbox 272 1837 422 1922; x_wconf 79' lang='grc' dir='ltr'><strong><em>μεγάλαι,</em></strong></span> <span class='ocrx_word' id='word_1_74' title='bbox 439 1831 518 1903; x_wconf 74' lang='grc' dir='ltr'><strong><em>οὐδὲ</em></strong></span> <span class='ocrx_word' id='word_1_75' title='bbox 529 1832 567 1902; x_wconf 81' lang='grc' dir='ltr'><strong><em>τά</em></strong></span> <span class='ocrx_word' id='word_1_76' title='bbox 581 1832 671 1902; x_wconf 81' lang='grc' dir='ltr'><strong><em>κάτω</em></strong></span> <span class='ocrx_word' id='word_1_77' title='bbox 681 1834 763 1921; x_wconf 80' lang='grc' dir='ltr'><strong><em>μέρη</em></strong></span> <span class='ocrx_word' id='word_1_78' title='bbox 775 1835 1003 1922; x_wconf 78' lang='grc' dir='ltr'><strong><em>παρήλλαττεν</em></strong></span> <span class='ocrx_word' id='word_1_79' title='bbox 1015 1833 1116 1902; x_wconf 79' lang='grc' dir='ltr'><strong><em>οὐδέν</em></strong></span> 
     </span>
     <span class='ocr_line' id='line_1_15' title="bbox 39 1930 1116 2021; baseline -0.001 -20"><span class='ocrx_word' id='word_1_80' title='bbox 39 1982 41 1987; x_wconf 83' lang='lat'><em>.</em></span> <span class='ocrx_word' id='word_1_81' title='bbox 167 1962 206 2002; x_wconf 92' lang='grc' dir='ltr'><strong><em>τι.</em></strong></span> <span class='ocrx_word' id='word_1_82' title='bbox 230 1945 333 2003; x_wconf 79' lang='grc' dir='ltr'><strong><em>ταῦτα</em></strong></span> <span class='ocrx_word' id='word_1_83' title='bbox 346 1935 378 2003; x_wconf 80' lang='grc' dir='ltr'><strong><em>θ’</em></strong></span> <span class='ocrx_word' id='word_1_84' title='bbox 391 1937 566 2002; x_wconf 78' lang='grc' dir='ltr'><strong><em>ἐπείθοντο</em></strong></span> <span class='ocrx_word' id='word_1_85' title='bbox 577 1933 659 2002; x_wconf 87' lang='grc' dir='ltr'><strong><em>κατά</em></strong></span> <span class='ocrx_word' id='word_1_86' title='bbox 677 1941 779 2021; x_wconf 81' lang='grc' dir='ltr'><strong><em>μῆνιν</em></strong></span> <span class='ocrx_word' id='word_1_87' title='bbox 787 1930 994 2014; x_wconf 84' lang='grc' dir='ltr'><strong><em>’Λπόλλωνος</em></strong></span> <span class='ocrx_word' id='word_1_88' title='bbox 1004 1931 1116 2012; x_wconf 71' lang='grc' dir='ltr'><strong><em>αὑτοῖς</em></strong></span> 
     </span>
     <span class='ocr_line' id='line_1_16' title="bbox 99 2031 1116 2122; baseline 0 -22"><span class='ocrx_word' id='word_1_89' title='bbox 99 2063 151 2120; x_wconf 69' lang='lat'><strong><em>559</em></strong></span> <span class='ocrx_word' id='word_1_90' title='bbox 168 2038 428 2122; x_wconf 80' lang='grc' dir='ltr'><strong><em>συμβεβηκέναι,</em></strong></span> <span class='ocrx_word' id='word_1_91' title='bbox 439 2034 602 2119; x_wconf 83' lang='grc' dir='ltr'><strong><em>ταφέντος</em></strong></span> <span class='ocrx_word' id='word_1_92' title='bbox 611 2035 649 2100; x_wconf 82' lang='grc' dir='ltr'><strong><em>έν</em></strong></span> <span class='ocrx_word' id='word_1_93' title='bbox 660 2040 701 2121; x_wconf 80' lang='grc' dir='ltr'><strong><em>τῇ</em></strong></span> <span class='ocrx_word' id='word_1_94' title='bbox 711 2032 803 2122; x_wconf 79' lang='grc' dir='ltr'><strong><em>νήσῳ</em></strong></span> <span class='ocrx_word' id='word_1_95' title='bbox 815 2031 906 2112; x_wconf 87' lang='grc' dir='ltr'><strong><em>τινὸς</em></strong></span> <span class='ocrx_word' id='word_1_96' title='bbox 916 2040 984 2101; x_wconf 75' lang='grc' dir='ltr'><strong><em>τῶν</em></strong></span> <span class='ocrx_word' id='word_1_97' title='bbox 995 2036 1116 2118; x_wconf 80' lang='grc' dir='ltr'><strong><em>ἐπιφα-</em></strong></span> 
     </span>
     <span class='ocr_line' id='line_1_17' title="bbox 166 2130 1116 2222; baseline 0.001 -23"><span class='ocrx_word' id='word_1_98' title='bbox 166 2141 252 2219; x_wconf 85' lang='grc' dir='ltr'><strong><em>νών,</em></strong></span> <span class='ocrx_word' id='word_1_99' title='bbox 271 2130 312 2200; x_wconf 80' lang='grc' dir='ltr'><strong><em>οὐ</em></strong></span> <span class='ocrx_word' id='word_1_100' title='bbox 323 2132 488 2218; x_wconf 87' lang='grc' dir='ltr'><strong><em>πρότερον</em></strong></span> <span class='ocrx_word' id='word_1_101' title='bbox 499 2132 634 2211; x_wconf 87' lang='grc' dir='ltr'><strong><em>είωθός·</em></strong></span> <span class='ocrx_word' id='word_1_102' title='bbox 658 2135 693 2200; x_wconf 79' lang='grc' dir='ltr'><strong><em>ἐκ</em></strong></span> <span class='ocrx_word' id='word_1_103' title='bbox 704 2132 828 2201; x_wconf 82' lang='grc' dir='ltr'><strong><em>τούτου</em></strong></span> <span class='ocrx_word' id='word_1_104' title='bbox 839 2142 1041 2222; x_wconf 80' lang='grc' dir='ltr'><strong><em>προσβαλεῖν</em></strong></span> <span class='ocrx_word' id='word_1_105' title='bbox 1052 2131 1116 2200; x_wconf 82' lang='grc' dir='ltr'><strong><em>αό-</em></strong></span> 
     </span>
    </p>

    <p class='ocr_par' dir='ltr' id='par_1_7' title="bbox 94 2227 1147 2915">
     <span class='ocr_line' id='line_1_18' title="bbox 165 2227 1147 2324; baseline 0.003 -26"><span class='ocrx_word' id='word_1_106' title='bbox 165 2245 234 2310; x_wconf 82' lang='grc' dir='ltr'><strong><em>τοῖς</em></strong></span> <span class='ocrx_word' id='word_1_107' title='bbox 244 2227 398 2300; x_wconf 80' lang='grc' dir='ltr'><strong><em>τὸνθεόν</em></strong></span> <span class='ocrx_word' id='word_1_108' title='bbox 409 2230 586 2318; x_wconf 78' lang='grc' dir='ltr'><strong><em>τηννόσον</em></strong></span> <span class='ocrx_word' id='word_1_109' title='bbox 602 2230 728 2318; x_wconf 78' lang='grc' dir='ltr'><strong><em>ταύτην</em></strong></span> <span class='ocrx_word' id='word_1_110' title='bbox 744 2229 989 2320; x_wconf 81' lang='grc' dir='ltr'><strong><em>ὑπελάμβανον.</em></strong></span> <span class='ocrx_word' id='word_1_111' title='bbox 1023 2230 1116 2321; x_wconf 81' lang='grc' dir='ltr'><strong><em>ἡμεῖς</em></strong></span> <span class='ocrx_word' id='word_1_112' title='bbox 1130 2270 1147 2324; x_wconf 78' lang='lat'>3</span> 
     </span>
     <span class='ocr_line' id='line_1_19' title="bbox 165 2326 1113 2421; baseline 0.002 -24"><span class='ocrx_word' id='word_1_113' title='bbox 165 2329 201 2397; x_wconf 74' lang='grc' dir='ltr'><strong><em>δὲ</em></strong></span> <span class='ocrx_word' id='word_1_114' title='bbox 220 2326 330 2414; x_wconf 83' lang='grc' dir='ltr'><strong><em>άσπερ</em></strong></span> <span class='ocrx_word' id='word_1_115' title='bbox 348 2339 395 2409; x_wconf 89' lang='grc' dir='ltr'><strong><em>είς</em></strong></span> <span class='ocrx_word' id='word_1_116' title='bbox 411 2355 442 2396; x_wconf 92' lang='grc' dir='ltr'><strong><em>τι</em></strong></span> <span class='ocrx_word' id='word_1_117' title='bbox 459 2333 559 2408; x_wconf 82' lang='grc' dir='ltr'><strong><em>έθνος</em></strong></span> <span class='ocrx_word' id='word_1_118' title='bbox 575 2326 769 2416; x_wconf 74' lang='grc' dir='ltr'><strong><em>ἀλλόφυλον</em></strong></span> <span class='ocrx_word' id='word_1_119' title='bbox 784 2327 806 2417; x_wconf 78' lang='grc' dir='ltr'><em>ἢ</em></span> <span class='ocrx_word' id='word_1_120' title='bbox 822 2338 927 2419; x_wconf 83' lang='grc' dir='ltr'><strong><em>νῆσον</em></strong></span> <span class='ocrx_word' id='word_1_121' title='bbox 944 2335 980 2400; x_wconf 83' lang='grc' dir='ltr'><strong><em>ἐν</em></strong></span> <span class='ocrx_word' id='word_1_122' title='bbox 995 2340 1035 2421; x_wconf 78' lang='grc' dir='ltr'><strong><em>τῇ</em></strong></span> <span class='ocrx_word' id='word_1_123' title='bbox 1053 2337 1113 2413; x_wconf 81' lang='grc' dir='ltr'><strong><em>ἔξω</em></strong></span> 
     </span>
     <span class='ocr_line' id='line_1_20' title="bbox 163 2426 1115 2518; baseline 0.001 -22"><span class='ocrx_word' id='word_1_124' title='bbox 163 2429 318 2518; x_wconf 77' lang='grc' dir='ltr'><strong><em>θαλάσση</em></strong></span> <span class='ocrx_word' id='word_1_125' title='bbox 336 2426 529 2517; x_wconf 77' lang='grc' dir='ltr'><strong><em>ἀφιγμένοι,</em></strong></span> <span class='ocrx_word' id='word_1_126' title='bbox 552 2431 607 2498; x_wconf 80' lang='grc' dir='ltr'><strong><em>καὶ</em></strong></span> <span class='ocrx_word' id='word_1_127' title='bbox 624 2429 751 2509; x_wconf 83' lang='grc' dir='ltr'><strong><em>ίόόντες</em></strong></span> <span class='ocrx_word' id='word_1_128' title='bbox 774 2431 928 2517; x_wconf 78' lang='grc' dir='ltr'><strong><em>ἐξαίφνης</em></strong></span> <span class='ocrx_word' id='word_1_129' title='bbox 944 2437 1115 2509; x_wconf 88' lang='grc' dir='ltr'><strong><em>ποικίλους</em></strong></span> 
     </span>
     <span class='ocr_line' id='line_1_21' title="bbox 164 2525 1115 2619; baseline 0.002 -23"><span class='ocrx_word' id='word_1_130' title='bbox 164 2526 367 2615; x_wconf 73' lang='grc' dir='ltr'><strong><em>ἀνθρώπους</em></strong></span> <span class='ocrx_word' id='word_1_131' title='bbox 374 2578 383 2612; x_wconf 93' lang='grc'><strong><em>,</em></strong></span> <span class='ocrx_word' id='word_1_132' title='bbox 396 2527 516 2608; x_wconf 83' lang='grc' dir='ltr'><strong><em>νυκτός</em></strong></span> <span class='ocrx_word' id='word_1_133' title='bbox 528 2535 574 2597; x_wconf 77' lang='grc' dir='ltr'><strong><em>ἔτι</em></strong></span> <span class='ocrx_word' id='word_1_134' title='bbox 582 2525 831 2616; x_wconf 78' lang='grc' dir='ltr'><strong><em>ἀποφεύγοντες</em></strong></span> <span class='ocrx_word' id='word_1_135' title='bbox 842 2527 1014 2619; x_wconf 70' lang='grc' dir='ltr'><strong><em>ᾠχόμεθα,</em></strong></span> <span class='ocrx_word' id='word_1_136' title='bbox 1028 2555 1115 2598; x_wconf 90' lang='grc' dir='ltr'><strong><em>πυν-</em></strong></span> 
     </span>
     <span class='ocr_line' id='line_1_22' title="bbox 163 2626 1115 2717; baseline -0.001 -21"><span class='ocrx_word' id='word_1_137' title='bbox 163 2629 348 2716; x_wconf 89' lang='grc' dir='ltr'><strong><em>θανόμενοι</em></strong></span> <span class='ocrx_word' id='word_1_138' title='bbox 359 2627 513 2717; x_wconf 78' lang='grc' dir='ltr'><strong><em>ἀλλήλων</em></strong></span> <span class='ocrx_word' id='word_1_139' title='bbox 522 2626 604 2697; x_wconf 80' lang='grc' dir='ltr'><strong><em>κατά</em></strong></span> <span class='ocrx_word' id='word_1_140' title='bbox 615 2626 674 2698; x_wconf 82' lang='grc' dir='ltr'><strong><em>τὸν</em></strong></span> <span class='ocrx_word' id='word_1_141' title='bbox 686 2628 809 2717; x_wconf 87' lang='grc' dir='ltr'><strong><em>πόρον,</em></strong></span> <span class='ocrx_word' id='word_1_142' title='bbox 832 2635 863 2699; x_wconf 87' lang='grc' dir='ltr'><strong><em>εί</em></strong></span> <span class='ocrx_word' id='word_1_143' title='bbox 875 2627 912 2697; x_wconf 86' lang='grc' dir='ltr'><strong><em>τό</em></strong></span> <span class='ocrx_word' id='word_1_144' title='bbox 925 2637 1039 2717; x_wconf 86' lang='grc' dir='ltr'><strong><em>χρώμα</em></strong></span> <span class='ocrx_word' id='word_1_145' title='bbox 1051 2634 1115 2716; x_wconf 77' lang='grc' dir='ltr'><strong><em>ἔχει</em></strong></span> 
     </span>
     <span class='ocr_line' id='line_1_23' title="bbox 165 2725 1113 2816; baseline 0 -22"><span class='ocrx_word' id='word_1_146' title='bbox 165 2730 300 2808; x_wconf 81' lang='grc' dir='ltr'><strong><em>ἕκαστος</em></strong></span> <span class='ocrx_word' id='word_1_147' title='bbox 311 2725 384 2797; x_wconf 81' lang='grc' dir='ltr'><strong><em>οἷον</em></strong></span> <span class='ocrx_word' id='word_1_148' title='bbox 399 2728 546 2815; x_wconf 81' lang='grc' dir='ltr'><strong><em>ἐκόμιζεν</em></strong></span> <span class='ocrx_word' id='word_1_149' title='bbox 564 2738 717 2816; x_wconf 85' lang='grc' dir='ltr'><strong><em>οίκοθεν,</em></strong></span> <span class='ocrx_word' id='word_1_150' title='bbox 740 2728 865 2808; x_wconf 78' lang='grc' dir='ltr'><strong><em>καὶτὰς</em></strong></span> <span class='ocrx_word' id='word_1_151' title='bbox 882 2735 1000 2814; x_wconf 84' lang='grc' dir='ltr'><strong><em>τρίχας.</em></strong></span> <span class='ocrx_word' id='word_1_152' title='bbox 1034 2730 1113 2815; x_wconf 82' lang='grc' dir='ltr'><strong><em>ζάλη</em></strong></span> 
     </span>
     <span class='ocr_line' id='line_1_24' title="bbox 94 2824 1113 2915; baseline -0.002 -20"><span class='ocrx_word' id='word_1_153' title='bbox 94 2852 148 2910; x_wconf 76' lang='grc' dir='ltr'><strong><em>ηςρ</em></strong></span> <span class='ocrx_word' id='word_1_154' title='bbox 163 2828 199 2896; x_wconf 74' lang='grc' dir='ltr'><strong><em>δὲ</em></strong></span> <span class='ocrx_word' id='word_1_155' title='bbox 211 2832 265 2896; x_wconf 84' lang='grc' dir='ltr'><strong><em>καλ</em></strong></span> <span class='ocrx_word' id='word_1_156' title='bbox 276 2826 397 2914; x_wconf 86' lang='grc' dir='ltr'><strong><em>άνεμος</em></strong></span> <span class='ocrx_word' id='word_1_157' title='bbox 408 2831 548 2914; x_wconf 77' lang='grc' dir='ltr'><strong><em>ἐξώστης</em></strong></span> <span class='ocrx_word' id='word_1_158' title='bbox 559 2826 710 2915; x_wconf 79' lang='grc' dir='ltr'><strong><em>ἐμπεσών</em></strong></span> <span class='ocrx_word' id='word_1_159' title='bbox 728 2825 915 2914; x_wconf 79' lang='grc' dir='ltr'><strong><em>ἀπήνεγκεν</em></strong></span> <span class='ocrx_word' id='word_1_160' title='bbox 933 2824 1017 2913; x_wconf 80' lang='grc' dir='ltr'><strong><em>ἡμᾶς</em></strong></span> <span class='ocrx_word' id='word_1_161' title='bbox 1028 2824 1113 2912; x_wconf 76' lang='grc' dir='ltr'><strong><em>ὑπὲρ</em></strong></span> 
     </span>
    </p>

    <p class='ocr_par' dir='ltr' id='par_1_8' title="bbox 161 2920 1149 3510">
     <span class='ocr_line' id='line_1_25' title="bbox 164 2920 1149 3015; baseline -0.001 -22"><span class='ocrx_word' id='word_1_162' title='bbox 164 2925 301 3014; x_wconf 79' lang='grc' dir='ltr'><strong><em>Κρήτην</em></strong></span> <span class='ocrx_word' id='word_1_163' title='bbox 322 2933 462 3013; x_wconf 92' lang='grc' dir='ltr'><strong><em>πλησίον</em></strong></span> <span class='ocrx_word' id='word_1_164' title='bbox 486 2933 743 3013; x_wconf 83' lang='grc' dir='ltr'><strong><em>Ψαμαθοῦντος.</em></strong></span> <span class='ocrx_word' id='word_1_165' title='bbox 778 2923 822 3005; x_wconf 80' lang='grc' dir='ltr'><strong><em>ώς</em></strong></span> <span class='ocrx_word' id='word_1_166' title='bbox 844 2927 881 2994; x_wconf 75' lang='grc' dir='ltr'><strong><em>δὲ</em></strong></span> <span class='ocrx_word' id='word_1_167' title='bbox 900 2929 937 2993; x_wconf 77' lang='grc' dir='ltr'><strong><em>ἐν</em></strong></span> <span class='ocrx_word' id='word_1_168' title='bbox 957 2920 1149 3015; x_wconf 75' lang='grc' dir='ltr'><strong><em>συνόπτφι</em></strong></span> 
     </span>
     <span class='ocr_line' id='line_1_26' title="bbox 161 3019 1114 3115; baseline -0.003 -21"><span class='ocrx_word' id='word_1_169' title='bbox 161 3019 246 3112; x_wconf 78' lang='grc' dir='ltr'><strong><em>ἦμεν</em></strong></span> <span class='ocrx_word' id='word_1_170' title='bbox 256 3025 338 3115; x_wconf 71' lang='grc' dir='ltr'><strong><em>ἤδη,</em></strong></span> <span class='ocrx_word' id='word_1_171' title='bbox 363 3024 518 3094; x_wconf 79' lang='grc' dir='ltr'><strong><em>άντιπνεῖ</em></strong></span> <span class='ocrx_word' id='word_1_172' title='bbox 525 3035 657 3113; x_wconf 84' lang='grc' dir='ltr'><strong><em>πνεῦμα</em></strong></span> <span class='ocrx_word' id='word_1_173' title='bbox 667 3025 828 3113; x_wconf 82' lang='grc' dir='ltr'><strong><em>Λιβυκόν.</em></strong></span> <span class='ocrx_word' id='word_1_174' title='bbox 862 3023 930 3093; x_wconf 80' lang='grc' dir='ltr'><strong><em>εἶτα</em></strong></span> <span class='ocrx_word' id='word_1_175' title='bbox 943 3025 1114 3092; x_wconf 83' lang='grc' dir='ltr'><strong><em>πνεύσαν-</em></strong></span> 
     </span>
     <span class='ocr_line' id='line_1_27' title="bbox 161 3122 1111 3213; baseline 0 -22"><span class='ocrx_word' id='word_1_176' title='bbox 161 3122 375 3213; x_wconf 76' lang='grc' dir='ltr'><strong><em>τοςημῖνάπ’</em></strong></span> <span class='ocrx_word' id='word_1_177' title='bbox 388 3123 512 3210; x_wconf 84' lang='grc' dir='ltr'><strong><em>άρκτου</em></strong></span> <span class='ocrx_word' id='word_1_178' title='bbox 534 3125 634 3194; x_wconf 91' lang='grc' dir='ltr'><strong><em>πάλιν</em></strong></span> <span class='ocrx_word' id='word_1_179' title='bbox 651 3129 748 3193; x_wconf 84' lang='grc' dir='ltr'><strong><em>πέντε</em></strong></span> <span class='ocrx_word' id='word_1_180' title='bbox 765 3125 889 3203; x_wconf 81' lang='grc' dir='ltr'><strong><em>νύκτας</em></strong></span> <span class='ocrx_word' id='word_1_181' title='bbox 907 3128 945 3192; x_wconf 82' lang='grc' dir='ltr'><strong><em>ἐν</em></strong></span> <span class='ocrx_word' id='word_1_182' title='bbox 960 3124 1111 3213; x_wconf 76' lang='grc' dir='ltr'><strong><em>θαλάττῃ</em></strong></span> 
     </span>
     <span class='ocr_line' id='line_1_28' title="bbox 161 3219 1113 3313; baseline -0.001 -21"><span class='ocrx_word' id='word_1_183' title='bbox 161 3223 367 3311; x_wconf 72' lang='grc' dir='ltr'><strong><em>ἐφερόμεθα,</em></strong></span> <span class='ocrx_word' id='word_1_184' title='bbox 390 3225 428 3292; x_wconf 78' lang='grc' dir='ltr'><strong><em>ἐν</em></strong></span> <span class='ocrx_word' id='word_1_185' title='bbox 439 3219 490 3303; x_wconf 77' lang='grc' dir='ltr'><strong><em>αἷς</em></strong></span> <span class='ocrx_word' id='word_1_186' title='bbox 499 3226 724 3311; x_wconf 83' lang='grc' dir='ltr'><strong><em>προσέσχομεν</em></strong></span> <span class='ocrx_word' id='word_1_187' title='bbox 735 3223 903 3313; x_wconf 81' lang='grc' dir='ltr'><strong><em>Ἀθρώνη,</em></strong></span> <span class='ocrx_word' id='word_1_188' title='bbox 923 3228 980 3292; x_wconf 82' lang='grc' dir='ltr'><strong><em>ἳνα</em></strong></span> <span class='ocrx_word' id='word_1_189' title='bbox 991 3224 1113 3310; x_wconf 87' lang='grc' dir='ltr'><strong><em>μάθω-</em></strong></span> 
     </span>
     <span class='ocr_line' id='line_1_29' title="bbox 161 3321 1112 3413; baseline 0.001 -23"><span class='ocrx_word' id='word_1_190' title='bbox 161 3349 223 3410; x_wconf 86' lang='grc' dir='ltr'><strong><em>μεν</em></strong></span> <span class='ocrx_word' id='word_1_191' title='bbox 236 3321 280 3410; x_wconf 76' lang='grc' dir='ltr'><strong><em>μὴ</em></strong></span> <span class='ocrx_word' id='word_1_192' title='bbox 295 3331 602 3411; x_wconf 79' lang='grc' dir='ltr'><strong><em>πολυπραγμονεῖν,</em></strong></span> <span class='ocrx_word' id='word_1_193' title='bbox 627 3334 661 3392; x_wconf 84' lang='grc' dir='ltr'><strong><em>εί</em></strong></span> <span class='ocrx_word' id='word_1_194' title='bbox 670 3350 718 3403; x_wconf 90' lang='grc' dir='ltr'><strong><em>τις</em></strong></span> <span class='ocrx_word' id='word_1_195' title='bbox 735 3326 771 3393; x_wconf 83' lang='grc' dir='ltr'><strong><em>ἐν</em></strong></span> <span class='ocrx_word' id='word_1_196' title='bbox 786 3329 827 3413; x_wconf 79' lang='grc' dir='ltr'><strong><em>τῇ</em></strong></span> <span class='ocrx_word' id='word_1_197' title='bbox 845 3325 967 3392; x_wconf 84' lang='grc' dir='ltr'><strong><em>ἑαυτοῦ</em></strong></span> <span class='ocrx_word' id='word_1_198' title='bbox 977 3328 1112 3408; x_wconf 78' lang='grc' dir='ltr'><strong><em>πατρίδι</em></strong></span> 
     </span>
     <span class='ocr_line' id='line_1_30' title="bbox 161 3417 1111 3510; baseline 0.003 -21"><span class='ocrx_word' id='word_1_199' title='bbox 161 3420 244 3489; x_wconf 88' lang='grc' dir='ltr'><strong><em>κατά</em></strong></span> <span class='ocrx_word' id='word_1_200' title='bbox 256 3421 334 3502; x_wconf 83' lang='grc' dir='ltr'><strong><em>τοὺς</em></strong></span> <span class='ocrx_word' id='word_1_201' title='bbox 350 3422 475 3510; x_wconf 89' lang='grc' dir='ltr'><strong><em>νόμους</em></strong></span> <span class='ocrx_word' id='word_1_202' title='bbox 491 3417 514 3509; x_wconf 77' lang='grc' dir='ltr'><em>ἢ</em></span> <span class='ocrx_word' id='word_1_203' title='bbox 530 3425 575 3510; x_wconf 78' lang='grc' dir='ltr'><strong><em>μὴ</em></strong></span> <span class='ocrx_word' id='word_1_204' title='bbox 594 3430 826 3510; x_wconf 85' lang='grc' dir='ltr'><strong><em>στεφανοῦται.</em></strong></span> <span class='ocrx_word' id='word_1_205' title='bbox 861 3421 1020 3492; x_wconf 81' lang='grc' dir='ltr'><strong><em>κάκεῖθεν</em></strong></span> <span class='ocrx_word' id='word_1_206' title='bbox 1038 3429 1111 3492; x_wconf 87' lang='grc' dir='ltr'><strong><em>τέτ-</em></strong></span> 
     </span>
    </p>
   </div>
   <div class='ocr_carea' id='block_1_6' title="bbox 0 0 1174 3916">
    <p class='ocr_par' dir='ltr' id='par_1_9' title="bbox 0 0 1174 3916">
     <span class='ocr_line' id='line_1_31' title="bbox 0 0 1174 3916; baseline 0 1"><span class='ocrx_word' id='word_1_207' title='bbox 0 0 1174 3916; x_wconf 95' lang='lat' dir='ltr'><strong><em> </em></strong></span> 
     </span>
    </p>
   </div>
  </div>
 </body>
</html>
