2340 3916
458 213 674 268 PRAEFATIO.
1010 216 1052 267 XI

84 386 152 428 non
179 363 276 427 nimis
305 364 340 427 in
368 364 431 428 hoc
454 364 608 446 scriptore
635 365 843 447 perpoliendo
871 365 1049 430 elaboravi:

83 466 205 529 etenim
226 486 330 548 neque
353 466 430 529 satis
453 464 569 548 dignus
592 468 640 528 est
662 465 775 548 inquo
799 487 930 549 operam
952 465 1050 531 collo-

84 588 150 648 ces,
179 570 212 629 et
243 587 440 650 magnopere
474 565 665 647 cavendum,
699 588 740 630 ne
773 566 849 630 dum
883 568 1051 631 librarium

83 668 244 752 corrigere
272 667 351 731 velis
379 668 568 750 scriptorem
596 669 748 752 corrigas.
792 667 877 732 Satis
906 670 1050 750 corrupti

83 773 160 832 sunt
181 767 333 832 Demadis
355 768 431 833 libri
453 772 486 833 et
506 768 630 832 lacunis
652 769 704 833 vel
725 770 864 833 maxime
885 770 1049 851 laborant3

84 876 117 935 at
154 871 316 935 interdum
353 892 509 953 perquam
542 869 673 934 difficile
708 870 832 934 librarii
867 875 999 954 peccata
1032 893 1051 934 a

83 973 249 1055 scriptoris
271 971 478 1056 distinguere.
511 969 574 1036 Sed
596 993 669 1035 eum
691 971 819 1054 quidem
841 970 983 1037 fructum
1004 972 1050 1035 fa-

86 1074 146 1137 cile
169 1095 208 1137 ex
229 1074 290 1137 hac
313 1073 515 1137 oratiuncula
536 1073 711 1156 percipias,
741 1074 796 1156 qui
819 1074 854 1137 in
876 1095 914 1137 ea
934 1074 1050 1137 unicus

83 1176 188 1237 inesse
221 1173 362 1257 videtur,
391 1179 427 1238 ut
459 1174 608 1257 dispicias
632 1177 789 1257 quantum
816 1175 945 1238 intersit
966 1174 1051 1238 inter

85 1278 153 1339 veri
175 1277 311 1339 oratoris
326 1276 378 1340 vel
400 1275 559 1340 mediocre
575 1297 657 1358 opus
670 1278 705 1339 et
726 1276 855 1340 serioris
874 1276 944 1340 aevi
966 1275 1051 1339 frau-

84 1377 230 1441 dulosam
257 1377 485 1441 imitationem:
514 1377 546 1440 id
574 1376 661 1460 quod
693 1376 733 1441 ad
766 1376 920 1441 iudicium
951 1381 984 1441 et
1012 1378 1050 1441 de

83 1478 275 1542 Dinarcheis
298 1477 498 1542 orationibus
514 1479 599 1542 etde
622 1478 732 1542 multis
751 1478 822 1542 aliis
837 1483 923 1542 recte
946 1478 1051 1542 feren·

83 1580 160 1642 dum
182 1580 356 1662 plurimum
378 1579 507 1643 valebit.

127 1713 226 1778 Scrib.
245 1713 459 1799 Magdeburgi
478 1736 505 1778 a.
525 1713 838 1782 CIOIOOOOLXXI.

659 1918 870 1986 Fridericus
893 1919 1008 1985 Blass.
1138 1964 1141 1969 -
