2316 3900
328 192 462 250 ΚΑΤΑ
483 194 859 255 ΚΤΗΣΙΦΩΝΤΟΣ.
1003 198 1064 263 139

64 379 98 433 65
115 353 300 442 ποιήσησθε
316 353 377 440 τήν
395 353 545 439 εἰρήνην·
570 353 729 437 δεύτερον
746 352 777 421 δ’
799 353 887 434 ὅπως
903 355 946 444 μή
958 361 1063 445 μόνον

114 455 175 543 τήν
186 455 331 541 εἰρήνην,
344 451 427 521 άλλά
439 455 494 521 καὶ
503 463 690 539 συμμαχίαν
699 449 782 520 εἶναι
791 464 970 540 ψηφιεῖσθε
979 454 1063 542 πρός

115 560 296 635 Φίλιππον,
313 549 372 636 ἵν’,
393 561 426 620 εί
432 577 518 631 τινες
530 554 721 637 προσέχοιεν
732 559 779 640 τῷ
791 553 913 638 πλήθει
924 561 969 644 τῷ
981 551 1062 641 ὑμε-

112 656 211 741 τέρῳ,
246 658 292 730 εἰς
311 649 374 737 τήν
395 651 534 737 ἐσχάτην
555 654 727 737 ἐμπέσοιεν
748 647 899 737 ἀθυμίαν
919 651 1063 736 ὁρωντες

112 749 198 836 ὑμᾶς
221 747 343 828 αὐτοὺς
364 750 425 837 μέν
449 751 723 833 παρακαλοῦντας
746 752 797 818 ἐπὶ
818 752 878 818 τὸν
903 752 1060 839 πόλεμον,

113 857 198 916 οἰκοι
215 847 251 915 δέ
267 845 312 933 μή
324 847 431 932 μόνον
442 847 593 933 εἰρήνην,
616 845 701 914 άλλά
713 850 769 914 καί
783 857 969 934 συμμαχίαν
980 851 1061 935 ἐψη-

112 949 293 1031 φισμένους
312 954 495 1013 ποιεῖσθαι·
517 951 629 1029 τρίτον
646 946 681 1012 δὲ
702 943 792 1025 ὅπως
811 949 1061 1034 Κερσοβλέπτης

111 1040 128 1111 6
147 1042 280 1132 Θρηίκης
295 1038 451 1128 βασιλευς
466 1040 511 1129 μή
531 1047 620 1109 ἔσται
637 1049 789 1129 ἔνορκος,
814 1046 895 1130 μηδὲ
912 1048 1061 1131 μετέσται
1076 1053 1129 1108 45δ

110 1151 167 1228 τής
184 1147 369 1227 συμμαχίας
388 1143 442 1208 καὶ
466 1147 523 1227 τῆς
546 1140 678 1228 εἰρήνης
698 1140 795 1233 αὐτῷ.
817 1147 1059 1229 παρηγγέλλετο

59 1254 93 1308 66
111 1238 142 1304 δ’
156 1237 207 1306 ἐπ’
226 1234 329 1305 αὐτόν
340 1236 403 1323 ήδη
415 1245 575 1320 στρατεία.
594 1242 647 1306 καὶ
657 1237 758 1308 ταῦθ’
772 1237 789 1307 ὁ
803 1239 865 1327 μὲν
875 1243 1059 1329 ἐξωνούμε-

109 1364 166 1416 νος
177 1334 239 1404 οὐκ
251 1333 365 1422 ήδίκει,
378 1333 442 1421 πρό
453 1335 518 1421 γάρ
530 1344 598 1404 τῶν
608 1336 719 1424 ὅρκων
729 1340 862 1406 καὶτῶν
877 1349 1059 1425 συνθηκῶν

108 1436 309 1525 ἀνεμέσητον
336 1430 380 1524 ήν
406 1435 497 1527 αὐτῷ
517 1440 673 1525 πράττειν
699 1441 740 1506 τά
767 1443 995 1527 συμφέροντα,
1027 1446 1061 1509 οἱ

109 1536 140 1604 δ’
161 1535 362 1621 ἀποδόμενοι
378 1540 432 1604 καὶ
448 1537 794 1623 κατακοινωνήσαντες
810 1536 849 1605 τά
862 1547 919 1625 τῆς
930 1539 1058 1618 πόλεως

108 1632 225 1721 ἰσχυρά
242 1635 387 1721 μεγάλης
403 1633 504 1720 ὀργῆς
521 1627 609 1720 ήσαν
626 1635 720 1715 άξιοι.
740 1633 757 1704 ὁ
777 1634 842 1721 γάρ
861 1643 1058 1722 μισαλέξαν-

108 1738 185 1817 δρος
206 1735 283 1799 νυνί
304 1732 443 1816 φάσκων
464 1730 547 1798 εἰναι
565 1735 621 1799 καί
636 1733 711 1800 τότε
727 1739 963 1820 μισοφίλιππος
984 1743 1057 1819 Δη-

106 1837 288 1917 μοσθένης,
311 1827 328 1897 ὁ
345 1827 407 1915 τήν
424 1834 533 1910 ξενίαν
550 1833 618 1916 ἐμοί
638 1832 818 1917 προφέρων
828 1827 889 1917 τήν
904 1829 1056 1912 Ἀλεξάν-

107 1936 200 2015 δρου,
212 1929 334 2015 γράφει
344 1928 507 2015 ψήφισμα,
519 1927 598 2009 τούς
606 1926 743 2015 καιροός
753 1936 811 2015 τῆς
819 1929 944 2008 πόλεως
953 1927 1056 2015 ὑφαι-

58 2053 89 2107 57
107 2029 285 2116 ροόμενος,
307 2033 482 2114 ἐκκλησίαν
500 2041 606 2096 ποιεῖν
623 2024 701 2109 τούς
717 2028 893 2113 πρυτάνεις
903 2036 943 2116 τή
953 2027 1056 2114 ὀγδόη

106 2131 283 2213 ἱσταμένου
291 2133 351 2193 τοῦ
360 2128 626 2215 ἐλαφηβολιῶνος
634 2124 748 2213 μηνός,
761 2121 806 2195 ὅτ’
813 2119 857 2214 ήν
865 2132 912 2217 τῷ
920 2124 1056 2212 Ἀσκλη-

106 2222 201 2312 πιῷή
219 2232 322 2292 θυσία
333 2226 387 2292 καὶ
399 2223 416 2290 ὁ
428 2226 602 2313 προαγών,
615 2230 652 2294 ἐν
665 2234 705 2314 τῇ
716 2230 790 2315 ἰερηῖ
800 2224 922 2312 ήμέρηι,
941 2223 961 2292 ό
971 2223 1056 2308 πρό·
1071 2228 1124 2285 456

105 2349 203 2406 τερον
230 2319 340 2401 οὐδεὶς
366 2327 526 2409 μέμνηται
554 2325 754 2409 γενόμενον,
787 2331 861 2390 τίνα
884 2323 1055 2407 πρόφασιν
1071 2335 1124 2391 4⁵⁷

106 2422 341 2509 ποιησάμενος;
362 2427 428 2507 ἵνα,
441 2425 558 2508 φησίν,
571 2421 631 2490 ἐάν
640 2422 704 2509 ήδη
715 2430 866 2507 παρωσιν
878 2425 911 2488 οἰ
920 2427 981 2488 τοῦ
992 2428 1054 2486 Φι-

106 2528 229 2587 λίππου
249 2523 415 2606 πρέσβεις,
443 2521 665 2606 βουλεύσηται
687 2519 704 2587 ὁ
728 2525 829 2606 δῆμος
854 2517 899 2599 ὡς
919 2519 1053 2605 τάχιστα

106 2621 179 2701 περὶ
191 2627 259 2686 τῶν
269 2615 354 2702 πρός
364 2624 547 2703 Φίλιππον,
559 2632 626 2698 τοῖς
637 2617 731 2686 οὕτω
742 2626 886 2703 παροῦσι
897 2619 1054 2704 πρέσβεσι

105 2720 437 2806 προκαταλαμβάνων
457 2718 518 2806 τήν
537 2722 714 2806 ἐκκλησίαν
737 2716 891 2799 καὶτοὺς
911 2719 1053 2804 χρόνους

104 2817 199 2905 ὑμῶν
220 2815 485 2905 ὑποτεμνόμενος
506 2819 560 2885 καὶ
587 2817 624 2886 τό
647 2826 781 2904 πρᾶγμα
802 2818 1050 2906 κατασπεύδων,

103 2915 214 3003 ἵναμή
228 2915 308 3002 μετά
326 2925 394 2984 τῶν
411 2914 696 3002 άλλωνἘλλήνων
711 2916 967 2985 ἐπανελθόντων
984 2924 1051 2983 τῶν

103 3014 270 3100 ὑμετέρων
280 3021 465 3103 πρέσβεων,
489 3013 573 3084 άλλά
585 3016 683 3102 μόνοι
693 3015 878 3103 ποιήσησθε
888 3013 950 3101 τήν
961 3015 1052 3101 εἰρή-

56 3133 87 3186 58
104 3140 175 3198 νην.
199 3113 279 3199 μετὰ
291 3118 326 3180 δέ
340 3123 453 3200 ταῦτα,
467 3107 494 3180 οἶ
503 3113 688 3200 Ἀθηναῖοι,
709 3105 794 3200 ήκον
812 3117 845 3180 οἰ
859 3120 921 3180 τοῦ
933 3117 1052 3178 Φιλίπ-

103 3234 169 3276 που
178 3213 344 3295 πρέσβεις·
363 3215 397 3278 οἰ
406 3210 440 3278 δὲ
451 3208 602 3297 ὑμέτεροι
613 3207 806 3297 ἀπεδήμουν
816 3216 1051 3293 παρακαλοῦν-

102 3333 154 3384 τες
172 3303 415 3394 τούςἝλληνας
432 3310 483 3376 ἐπὶ
500 3316 675 3376 Φίλιππον.
699 3306 836 3376 ἐνταῦθ’
855 3307 968 3391 ἕτερον
985 3304 1052 3390 ψή-

103 3427 207 3489 φισμα
219 3414 295 3493 νικᾷ
306 3409 543 3494 Δημοσθένης,
566 3399 643 3496 ἐνῷ
659 3406 781 3492 γράφει
792 3403 835 3492 μή
848 3406 955 3492 μόνον
966 3401 1051 3482 ὑπὲρ
