2340 3916
169 188 299 237 ancum
317 187 523 236 oelmouuu
540 188 715 235 ennvmne
730 187 852 237 naseu.
901 176 1029 238 XXXV

63 350 224 421 mostheni,
249 349 302 426 qui
317 349 431 428 primus
447 349 478 407 in
495 347 641 407 iudicium
655 351 749 422 venit,
774 348 868 408 multa
882 347 910 408 L
930 349 1027 409 talen·

62 442 128 494 tum
144 435 226 494 dieta
241 442 297 507 est,
321 454 413 513 quam
427 453 496 494 cum
510 434 629 494 solvere
649 455 713 495 non
734 442 839 513 posset
854 435 886 493 in
903 434 1029 494 exilium

63 520 147 580 abiit.
183 518 262 579 Aeta
276 539 324 579 res
341 520 380 579 ol.
400 519 469 594 114,
488 520 515 593 1,
540 540 566 578 a.
592 519 652 577 224
677 540 704 580 a.
729 518 801 579 chr.
824 528 957 581 exeunte
978 521 1029 580 vel

63 607 124 665 223
147 607 286 665 ineunte.

150 689 203 751 Or.
218 690 262 750 H.
289 689 476 771 Lycophron
489 689 601 750 nobilis
612 689 823 764 Atheniensis,
841 711 909 751 cum
918 691 1029 752 Lemni
1132 702 1137 709 '

62 777 237 855 praefectus
260 777 397 856 equitum
418 776 542 836 tertium
563 776 624 835 iam
646 797 762 837 annum
782 785 1026 851 commoraretur,

63 857 240 941 εἰεαγγελίᾳ
263 863 377 941 petitus
400 870 446 921 est
474 861 557 940 quod
586 862 733 922 seminam
755 862 864 937 civem,
895 882 1030 922 sororem

62 948 211 1026 Dioxippi
246 947 358 1006 nobilis
394 945 543 1020 athletae,
578 955 683 1027 stupro
711 947 881 1026 polluisset.
925 947 1027 1007 Exsti-

62 1041 167 1093 terunt
193 1033 329 1114 Lycurgi
358 1033 438 1093 duae
470 1041 577 1093 eontra
609 1032 846 1114 Lycophronem
874 1034 1028 1094 orationes

62 1118 121 1178 hac
142 1120 210 1198 ipsa
232 1119 264 1177 in
288 1138 380 1179 causa
407 1117 546 1196 habitae;
575 1120 628 1197 qui
656 1128 759 1178 tamen
787 1119 871 1198 apud
893 1116 1028 1200 Hyperi·

64 1205 133 1264 dem
156 1199 174 1264 ὁ
197 1201 377 1279 κατήγοροί
401 1203 524 1279 dicitur,
549 1206 574 1263 is
596 1204 670 1264 mihi
692 1225 756 1264 non
777 1204 939 1284 Lyeurgus
962 1223 1030 1264 esse

61 1290 193 1363 videtur,
218 1289 274 1349 sed
295 1289 408 1362 Aristo,
433 1291 482 1349 cui
497 1289 658 1371 Lyeurgus
674 1290 841 1351 advocatus
864 1299 896 1350 et
914 1291 946 1349 in
963 1310 1026 1350 ora-

61 1377 146 1436 tione
169 1377 254 1436 etin
277 1375 390 1435 iudicio
414 1375 544 1437 affuerit.
588 1375 719 1436 Femina
745 1375 799 1435 illa
827 1377 886 1435 civi
909 1375 1030 1435 cuidam

61 1459 246 1522 Atheniensi
267 1470 365 1541 nupta
380 1461 489 1534 fuerat,
513 1462 567 1540 qui
581 1463 713 1522 moriens
728 1481 855 1522 uxorem
871 1460 1030 1540 gravidam
1130 1460 1133 1465 ’

62 1555 93 1606 et
120 1555 337 1607 testamentum
365 1546 524 1626 reliquisse
557 1544 694 1620 videtur,
730 1548 762 1605 in
792 1565 868 1625 quo,
898 1547 925 1604 si
952 1545 1028 1624 quid

62 1641 202 1710 postumo
225 1633 330 1692 velia
352 1632 509 1692 nascendo
533 1632 583 1691 vel
598 1641 706 1710 postea
721 1630 892 1702 accidisset,
917 1650 1028 1708 cogna-

60 1726 160 1776 torum
181 1717 307 1794 quidam
328 1717 458 1778 heredes
481 1717 587 1797 scripti
611 1723 709 1776 erant.
752 1716 849 1775 Istum
870 1716 932 1774 iam
954 1736 1028 1795 pue·

64 1823 131 1860 rum
153 1811 346 1861 accusatores
374 1801 481 1880 illique
509 1803 568 1881 ipsi
596 1802 743 1878 cognati,
765 1802 825 1861 nisi
848 1801 950 1861 omnia
972 1801 1028 1861 fal·

57 1887 134 1959 lunt,
159 1885 366 1967 Lycophrone
388 1907 496 1946 revera
512 1887 650 1964 genitum
666 1905 737 1952 esse.
748 1886 911 1960 affirmant,
934 1885 1029 1966 idque

61 1980 153 2051 caput
175 1971 380 2031 accusationis
403 1971 471 2031 fuit.
507 1971 620 2031 Mulier
636 1969 792 2051 Charippo
815 1970 951 2032 secundo
966 1992 1029 2032 ma·

59 2059 117 2117 rito
140 2058 253 2137 nupsit,
278 2058 332 2136 qui
348 2078 416 2118 cum
432 2056 559 2118 duceret
573 2077 649 2131 eam,
673 2056 912 2137 Lycophronem
927 2077 1028 2123 coram

58 2143 153 2204 fratre
176 2145 345 2223 maritoque
368 2144 401 2203 in
423 2144 474 2203 via
496 2143 537 2203 ad
560 2163 627 2203 eam
649 2144 813 2203 accessisse
829 2151 859 2203 et
880 2151 915 2203 ut
936 2142 1029 2203 fidem

57 2231 236 2306 promissam
264 2227 321 2288 sibi
356 2237 495 2290 servaret
526 2229 683 2288 hortatum
710 2249 777 2289 esse
806 2222 967 2309 Lyeurgus
995 2229 1028 2288 in

58 2317 202 2375 contione
224 2315 344 2395 pridem
366 2323 519 2394 arguerat.
563 2314 758 2393 Euphemus,
788 2316 873 2375 cuius
895 2314 1028 2374 subinde

57 2401 172 2460 mentio
194 2401 245 2472 fit,
275 2397 385 2476 micro(
413 2401 464 2460 vel
490 2401 582 2459 etiam
604 2408 692 2477 pater
713 2399 848 2459 mulieris
871 2399 1028 2477 putandus
1128 2406 1134 2415 '

58 2494 115 2544 est.
146 2517 182 2527 —
214 2483 308 2561 Quod
336 2484 377 2544 ad
405 2493 524 2562 tempus
553 2485 678 2558 attinet,
710 2483 894 2544 Schaeferus
922 2485 1027 2563 paullo

59 2577 132 2628 ante
155 2568 195 2627 ol.
222 2571 290 2638 107,
314 2570 334 2626 4
357 2569 438 2628 hane
461 2589 584 2629 oausam
607 2577 706 2630 actam
729 2589 796 2629 esse
819 2570 934 2642 statuit,
959 2590 1027 2649 pro-

57 2663 127 2734 pter
148 2654 365 2733 populationes
388 2653 535 2733 Philippi,
559 2655 612 2733 qui
636 2655 675 2715 ol.
698 2656 758 2716 106
781 2654 932 2714 Lemnum
954 2674 1027 2734 quo-

57 2760 117 2820 que
140 2738 273 2800 navibus
296 2739 422 2799 adortus
445 2747 520 2810 erat,
543 2740 782 2819 Lycophronem
810 2740 883 2800 illuc
904 2740 1029 2800 missum

58 2846 126 2886 esse
148 2834 274 2904 putans,
305 2824 506 2904 Theonisque
534 2825 664 2885 rhetoris
685 2825 799 2898 locum,
830 2827 883 2906 qui
906 2847 944 2885 ex
965 2826 1026 2907 Ly-

59 2913 144 2989 curgi
166 2910 223 2985 τῆ(
245 2906 368 2987 ὕβρεως
391 2907 502 2983 λόγοι(
529 2910 772 2971 Demosthenem
799 2911 831 2970 in
858 2911 1028 2973 Midianam

60 3017 146 3054 suam
169 2997 273 3076 aliqua
295 2997 488 3056 transtulisse
512 2997 599 3069 dicit,
631 2996 672 3056 ad
693 2997 749 3057 has
773 2997 927 3058 orationes
950 2998 1027 3058 refe-

59 3101 141 3141 rens.
192 3082 254 3142 Sed
282 3091 445 3162 utrumque
474 3090 688 3162 argumentum
716 3083 840 3142 minime
874 3082 912 3142 ab
946 3084 1029 3143 omni

58 3175 146 3246 parte
167 3167 286 3228 firmum
308 3176 364 3229 est.

144 3250 197 3312 Or.
221 3251 320 3333 111.*)
365 3254 441 3314 Post
463 3274 599 3333 pugnam
616 3252 866 3314 Chaeronensem
883 3250 987 3332 Oropo
1010 3275 1028 3313 a

124 3385 150 3449 *l
168 3388 210 3437 De
229 3387 310 3438 huius
328 3388 464 3440 orationis
482 3392 643 3455 argumento
656 3403 732 3438 nemo
751 3386 913 3451 diligentius
932 3389 1025 3452 eopio-¹

55 3454 157 3535 siusve
173 3454 306 3507 disseruit
329 3470 411 3520 quam
433 3455 604 3524 Comparetti
634 3457 662 3507 in
684 3455 883 3508 dissertatione
907 3455 1033 3506 editien'x
1063 3476 1066 3481 ·

53 3538 215 3588 praemissa.

869 3615 905 3674 5*
