2340 3916
276 231 408 288 ΚΑΤΑ
429 226 809 286 ΚΤΗΣΙΦΩΝΤΟΣ.
964 223 1025 289 193

70 418 151 477 χειν.
175 397 284 458 ἔπειτα
295 403 436 474 γυναῖκα
447 387 509 472 μὲν
520 383 696 466 ἀλλοτρίαν
708 395 905 455 πενθοῦσαν
917 390 1023 455 δόνα-

74 514 129 557 σαι
139 495 428 574 παραμυθεῖσθαι,
449 483 580 571 γράψας
596 482 632 552 δέ
649 491 776 568 μισθοῦ
794 488 947 573 ψήφισμα
959 486 1022 556 οὐκ

10 595 56 650 ῖλὸ
73 585 280 672 άπολοχήσεα
301 581 323 672 ή
333 585 483 662 τοιοῦτός
496 587 586 651 ἐστιν
604 578 646 648 δν
657 585 825 668 γέγραφας
836 595 1027 670 στεφανοῦ-

75 698 173 773 σθαι,
186 681 256 764 οἷος
266 685 309 771 μή
322 682 569 768 γιγνώσκεσθαι
582 677 648 747 ὑπό
660 688 728 748 τῶν
740 675 779 748 εὖ
790 683 1022 771 πεπονθότων,

74 782 118 852 άυ
132 785 177 872 μή
187 812 235 862 τις
247 804 300 850 σοι
311 787 466 868 συνείπη;
486 779 696 865 ἐπερώτησον
708 776 749 864 δή
766 779 845 859 τούς
857 781 1022 868 δικαστάς,

74 891 104 952 εί
112 889 314 968 ἐγίγνωσκον
324 887 475 967 Χαβρίαν
493 881 547 946 καί
568 876 756 964 Ἰφικράτην
772 881 828 946 καὶ
842 882 1020 968 Τιμόθεον,

74 985 129 1050 καὶ
141 989 257 1049 πυθοῦ
269 977 341 1063 παρ’
356 976 483 1063 αὐτοῖν,
507 973 560 1044 διὰ
573 984 607 1044 τί
617 975 675 1055 τάς
687 977 812 1061 δωρεάς
824 977 935 1058 αὐτοῖς
947 985 1023 1048 ἔδο-

73 1101 137 1147 σαν
158 1078 291 1157 καὶτὰς
312 1077 441 1156 εἰκόνας
463 1082 612 1162 ἔστησαν.
645 1075 789 1155 άπαντες
806 1080 870 1163 γάρ
887 1076 954 1165 ἅμα
972 1101 1024 1146 σοι

76 1179 353 1263 ἀποκρινοῦνται,
375 1174 427 1244 ότι
437 1182 567 1264 Χαβρίᾳ
590 1173 652 1261 μὲν
674 1173 728 1241 διά
746 1173 808 1260 τήν
825 1177 900 1260 περὶ
909 1177 1026 1256 Νάξου

74 1283 275 1363 ναυμαχίαν,
300 1273 475 1360 Ἰφικράτει
487 1273 539 1359 δὲ,
562 1271 614 1339 ότι
631 1273 740 1359 μόραν
751 1279 1025 1361 Λακεδαιμονίων
1103 1318 1111 1330 ·

73 1376 254 1460 ἀπέκτεινε,
266 1377 419 1462 Τιμοθέῳ
432 1373 469 1442 δὲ
481 1370 535 1441 διὰ
547 1370 608 1441 τόν
619 1379 803 1456 περίπλουν
814 1370 873 1441 τόν
885 1380 1026 1460 είςΚέρ-
1043 1391 1096 1449 636

77 1503 200 1561 αυραν,
224 1476 279 1542 καὶ
290 1473 420 1558 άλλοις,
445 1463 630 1561 άνὲκάστμ
649 1470 756 1539 πολλὰ
773 1474 828 1540 καὶ
845 1470 929 1541 καλά
941 1472 1024 1541 κατά

10 1585 56 1638 244
75 1576 222 1660 πόλεμον
232 1578 312 1658 ἔργα
325 1577 515 1659 πέπρακται.
541 1576 755 1658 Δημοσθένει
767 1568 799 1638 δ’
812 1572 873 1639 ἐάν
883 1599 932 1650 τις
942 1577 1026 1658 ἐρω-

74 1682 116 1763 τᾷ
127 1671 181 1740 διά
193 1681 226 1741 τί
230 1671 271 1740 οό
283 1673 422 1754 δόσεως
436 1669 485 1740 ότι
497 1672 696 1757 δωροδόκος,
709 1671 761 1738 ότι
773 1669 889 1756 δειλός,
904 1670 955 1738 ότι
966 1674 1026 1759 τήν

74 1773 165 1850 τάξιν
180 1778 279 1839 έλιπε.
301 1774 355 1839 καί
366 1773 511 1853 πότερον
521 1780 642 1839 τοῦτον
655 1769 820 1856 τιμήσετε,
832 1763 855 1854 ή
865 1767 951 1854 ὑμᾶς
962 1768 1025 1836 αὐ·
1128 1840 1131 1845 ,

74 1870 152 1947 τοὺς
163 1865 338 1953 άτιμάσετε
352 1868 497 1947 καὶτοὺς
509 1867 592 1953 ὑπὲρ
604 1866 749 1954 ὑμωνέν
760 1875 800 1957 τη
812 1869 898 1958 μάχη
909 1877 1023 1938 τελευ-

73 1967 254 2054 τήσαντας;
274 1964 333 2044 οὓς
343 1966 486 2054 νομίζεθ’
500 1965 585 2053 ὁρᾶν
601 1968 860 2053 σχετλιάζοντας,
885 1974 916 2036 εί
925 1960 1023 2047 οὗτος

78 2065 382 2152 στεφανωθήσεται.
405 2064 534 2152 καὶγὰρ
547 2062 589 2134 άυ
601 2077 650 2153 εῖη
662 2065 791 2151 δεινόν,
804 2058 831 2134 τό
846 2064 1025 2154 Ἀθηναῖοι,

77 2171 107 2232 εί
121 2164 161 2233 τὰ
178 2167 240 2250 μὲν
257 2165 340 2245 ξύλα
356 2168 411 2234 καὶ
428 2164 507 2245 τοδς
524 2171 642 2243 λίθους
658 2167 713 2233 καὶ
733 2163 792 2232 τὸν
810 2170 964 2251 σίδηρον,
984 2165 1025 2234 τά

76 2264 195 2349 άφωυα
206 2265 260 2331 καὶ
271 2264 311 2331 τά
323 2261 520 2351 άγνοίμονα,
543 2265 602 2333 ἐάν
613 2291 658 2354 τηε
676 2264 859 2350 ἐμπεσόντα
870 2263 1025 2333 άποκτεί-

75 2389 132 2450 νη,
146 2361 400 2449 ὑπεροριζομεν,
412 2366 467 2431 καὶ
478 2364 537 2431 ε’άυ
547 2390 596 2442 τις
606 2362 711 2430 αὑτὸν
723 2364 949 2449 διαχρήσηται,
963 2364 1024 2450 τήν

74 2476 164 2546 χεῖρα
175 2460 236 2546 τήν
246 2469 346 2528 τοῦτο
359 2460 532 2546 πράξασαν
543 2464 642 2548 χωρὶς
659 2468 720 2527 τοῦ
732 2463 883 2547 σώματος
893 2463 1024 2530 θάπτο-
1039 2473 1092 2531 637

10 2575 56 2629 λ45
74 2584 148 2642 μεν,
161 2561 387 2642 Δημοσθένην
399 2557 450 2642 δὲ,
465 2551 493 2623 τό
501 2556 687 2643 Ἀθηναῖοι,
706 2554 766 2624 τόν
776 2558 950 2643 γράψαντα
961 2560 1023 2645 μὲν

76 2653 138 2740 τήν
149 2657 362 2740 πανυστάτην
378 2658 510 2739 ἔξοδον,
531 2655 699 2740 προδόντα
716 2655 752 2724 δὲ
768 2653 847 2735 τούς
865 2660 1026 2740 στρατιά-

75 2780 148 2837 τας,
163 2758 284 2819 τοῦτον
295 2749 387 2837 ὑμεῖς
398 2754 558 2839 τιμήσετε.
581 2753 709 2822 οὐκοῦν
722 2751 910 2841 ὑβρίζονται
921 2760 983 2843 μὲν
993 2763 1032 2826 οί

74 2849 344 2936 τελευτήσαντες,
379 2848 583 2938 άθυμότεροι
606 2854 642 2923 δὲ
662 2858 697 2923 οί
715 2860 833 2934 ζῶντες
854 2862 1025 2942 γίγνονται

75 2950 219 3033 ὁρωντες
228 2957 285 3036 τῆς
297 2947 414 3037 άρετής
425 2945 536 3019 ἆθλον
546 2951 607 3022 τόν
617 2953 769 3021 θάνατον
779 2960 949 3040 κείμενον,
962 2955 1024 3042 τήν

76 3049 110 3116 δὲ
122 3049 256 3136 μνήμην
268 3052 511 3116 ἐπιλείπουσαν.
540 3049 577 3119 τό
591 3054 626 3119 δὲ
635 3054 806 3137 μέγιστον,
829 3051 889 3118 ἐὰν
899 3057 1024 3136 ἐπερω-

75 3156 178 3215 τῶσιν
193 3146 279 3234 ὑμᾶς
297 3151 329 3216 οί
345 3149 518 3236 νεώτεροι,
540 3150 622 3234 πρὸς
634 3165 731 3218 ποῖον
740 3147 801 3237 χρή
817 3150 1024 3238 παράδειγμα

10 3261 60 3316 246
76 3245 269 3326 αότοδςτόν
279 3253 355 3333 βίον
366 3258 550 3334 ποιεῖσθαι,
573 3256 607 3317 τί
620 3264 776 3335 κρινεῖτες
813 3243 851 3317 εὖ
869 3251 932 3337 γάρ
943 3263 1022 3337 ίστε,

75 3347 125 3415 ὅτι
137 3345 197 3434 οὐχ
209 3351 246 3414 αί
254 3355 450 3431 παλαῖστραι
460 3345 540 3418 οὐδὲ
550 3347 590 3417 τά
601 3354 811 3419 διδασκαλεῖα
824 3346 927 3436 οὐδ’ή
940 3376 1025 3436 μου-

76 3445 151 3532 σική
164 3447 271 3532 μόνον
283 3447 432 3514 παιδεύει
444 3445 523 3527 τοὺς
541 3452 733 3536 νεωτέρους,
747 3446 830 3516 άλλά
840 3445 928 3595 ηηλδ
942 3456 1029 3528 μῖλ-

118 3544 277 3596 Αῑεοεοαεε.
