2340 3916
353 183 445 235 Πεει
462 182 537 235 νοω
554 183 785 238 Μνετωειςεε.
1007 182 1050 246 49

77 332 176 411 οὗτοι
194 340 318 422 πάντες
344 346 381 410 οί
395 342 706 430 παρασυλλεγέντες
730 339 800 410 ύπό
825 342 888 428 τὴν
914 342 1051 431 λεύκην,

78 439 144 523 ούς
169 440 267 530 ύμεῖς
293 453 364 512 ῖστε
381 437 452 512 οἷοί
467 449 567 512 εἰσιν·
594 449 630 511 οδ
651 442 705 512 διά
729 446 831 511 τοῦτο
856 450 967 530 ἔμοιγε
990 448 1051 512 δο-

77 546 180 613 κούσι
194 547 395 631 συλλεγῆναι
411 547 535 634 ἐκεῖσε,
554 543 602 612 ἵν’
617 543 736 624 αὐτοῖς
750 543 924 634 ἀμφότερα
938 537 974 634 ᾖ,
991 548 1048 614 καλ

78 646 125 734 μὴ
144 643 383 737 ὑπερβάλλωσι
406 653 525 736 λαβεῖν
543 644 710 735 άργύριον
731 648 788 715 καί
815 645 935 733 ὀλίγου
960 671 1049 736 πρα-

80 754 202 835 θείσης
233 761 422 836 μετασχεῖν.
463 748 687 837 κερδάναντες
718 747 757 818 δὲ
780 755 859 834 τρία
889 748 1051 833 τάλαντα,
1071 766 1119 817 134

81 849 224 936 γνόντες
237 848 275 919 τό
291 854 430 940 πρᾶγμα
441 845 515 919 οἷον
530 861 601 938 εἴη,
620 849 666 930 ύς
680 853 808 919 πολλοῦ
824 848 930 937 άξιον,
949 851 1052 919 συνέ-

81 970 210 1040 στησαν
224 951 367 1039 πάντες,
381 953 438 1021 καὶ
453 952 653 1041 μεταδόντες
666 967 738 1032 τοῖς
753 950 866 1032 άλλοις
882 954 1052 1021 ἐωνοῦντο

83 1051 186 1122 πάλιν
209 1052 390 1143 τριάκοντα
416 1054 601 1123 ταλάντων.
639 1055 711 1124 ἐπεὶ
730 1052 764 1122 δ’
786 1052 850 1123 ούκ
869 1053 1053 1123 ἀντωνεῖτο

82 1154 217 1243 οὐδείς,
236 1155 418 1243 παρελθόν
438 1153 504 1242 ἐγώ
518 1162 567 1236 είς
581 1154 642 1244 την
660 1156 790 1243 βουλὴν
806 1154 1053 1245 ὑπερέβαλλον,

84 1258 149 1337 ἕως
169 1257 335 1346 ἐπριάμην
354 1258 388 1338 ἓξ
402 1258 459 1324 καὶ
474 1256 654 1347 τριάκοντα
668 1257 854 1327 ταλάντων.
883 1256 1054 1336 άπελάσας

82 1358 123 1427 δὲ
149 1358 293 1439 τούτους
317 1361 375 1427 καὶ
399 1359 610 1446 καταστήσας
628 1358 713 1447 ύμῖν
733 1357 900 1447 ἐγγυητάς
925 1359 1055 1440 ἐξέλεξα

84 1458 126 1529 τά
151 1460 303 1549 χρήματα
328 1462 386 1528 καὶ
405 1463 592 1549 κατέβαλον
617 1463 658 1549 τῇ
679 1459 774 1530 πόλει
790 1462 848 1530 καὶ
866 1458 972 1541 αύτός
991 1459 1055 1529 ούκ

86 1562 287 1650 ἐζημιώθην,
303 1560 389 1630 άλλά
399 1564 457 1630 καὶ
471 1564 599 1653 βραχέα
609 1561 896 1652 ἀπεκερδαίνομεν
906 1567 942 1630 οί
951 1588 1055 1649 μετοι-

86 1663 239 1749 σχόντες·
259 1664 404 1743 τούτους
419 1663 453 1731 δ’
477 1667 619 1752 ἐποίησα
635 1666 705 1733 τῶν
723 1663 899 1752 ύμετέρων
917 1665 962 1751 μὴ
980 1667 1055 1731 δια-

51 1764 55 1769 ’
83 1774 267 1853 νείμασθαι
294 1765 328 1844 ἓξ
352 1766 502 1834 τάλαντα
527 1765 708 1856 άργυρίου.
750 1762 771 1834 ά
797 1755 891 1834 οὗτοι
916 1764 1055 1851 γνόντες
1075 1782 1123 1837 135

87 1871 211 1937 ἔδοσαν
230 1875 347 1955 σφίσιν
366 1866 485 1947 αύτοῖς
504 1867 627 1955 λόγον,
646 1865 697 1935 ότι
712 1863 919 1955 ,,άνθρωπος
937 1864 1055 1934 ούτοσὶ

85 1967 165 2038 οὔτε
183 1967 287 2048 αύτός
302 1969 441 2057 λήψεται
455 1971 524 2038 τῶν
537 1972 662 2038 κοινῶν
678 1968 858 2058 χρημάτων
872 1965 952 2036 οὔθ’
967 1965 1056 2054 ἡμᾶς

88 2071 197 2158 ἐάσει,
221 2070 364 2157 φυλάξει
387 2070 426 2140 δὲ
443 2073 501 2139 καί
528 2071 687 2159 ε’μποδιδν
712 2077 803 2140 ἔσται
820 2075 1057 2157 διανείμασθαι

88 2173 131 2240 τά
148 2171 261 2242 κοινά·
291 2173 376 2262 πρὸς
399 2172 438 2241 δὲ
455 2173 606 2261 τούτοις,
631 2170 671 2242 ὃν
696 2168 739 2242 άυ
758 2171 856 2260 ἡμῶν
874 2169 1057 2240 άδικούντα

86 2275 194 2364 λάβη,
227 2274 350 2355 είσάξει
380 2281 429 2354 είς
460 2274 498 2344 τό
527 2278 656 2360 πλῆθος
686 2277 756 2342 τῶν
778 2273 973 2363 Ἀθηναίων
999 2272 1057 2340 καὶ

87 2374 218 2445 άπολεῖ.
264 2381 317 2446 δεῖ
346 2367 414 2444 ούν
444 2381 569 2445 τοῦτον
601 2377 755 2446 ἐκποδῶν
780 2373 863 2462 ἡμῖν
888 2373 974 2443 εἶναι
1000 2375 1057 2442 καὶ

89 2481 228 2557 δικαίως
252 2480 308 2546 καὶ
347 2476 508 2559 άδίκως.“
545 2477 739 2563 ταῦταμὲν
771 2467 854 2565 οὖν,
886 2466 1058 2564 ὦάνδρες
1077 2500 1127 2553 136

90 2585 264 2668 δικασταί,
282 2579 416 2659 τούτοις
430 2581 566 2668 ποιητέα
580 2569 641 2666 ἦν,
659 2576 744 2666 ύμῖν
762 2578 804 2646 δέ
817 2603 856 2663 γε
869 2574 939 2665 (τό)
957 2579 1059 2645 ἐναν-

90 2689 165 2751 τίον
184 2680 333 2750 τούτων·
360 2678 407 2761 ιδς
431 2683 497 2773 γάρ
516 2689 694 2760 πλείστους
721 2678 808 2749 εἶναι
831 2677 917 2766 ύμῖν
934 2675 1059 2765 ἤθελον

158 2888 236 2965 αύτῷ
256 2911 317 2947 cum
333 2897 366 2949 R.
385 2896 454 2949 Bk:
473 2886 619 2949 αότοὶμ-
637 2888 743 2975 λεύκην
761 2886 811 2975 οὓς
830 2910 889 2946 eum
907 2895 940 2945 R.
959 2893 1058 2948 Valck

90 2963 216 3042 m.gAld
218 2948 296 3015 Bk:
317 2957 424 3045 λεύκην
442 2959 474 3015 τό
491 2956 650 3025 πόσους-
621 2954 864 3029 -ύπερβάλλωσι
881 2961 953 3012 ABL
967 2961 1059 3017 Turr:

94 3024 276 3099 ὑπερβάλωσι
292 3033 350 3085 ΡΖ·
345 3022 576 3099 ,ύπερβάλλονοι
593 3032 687 3098 steph
700 3031 753 3082 Bk.
769 3047 842 3083 -π,
854 3028 996 3095 ραθείοης
1013 3028 1058 3081 ΑΨ.

159 3119 217 3168 134.
238 3114 312 3182 τρία]
341 3108 394 3169 δύο
420 3115 495 3178 Ald.;
521 3109 554 3179 ἐξ
581 3117 616 3167 εἰ
634 3116 664 3167 R.
692 3115 760 3196 (ΠΙ
767 3109 810 3181 ἓξ,
830 3119 879 3166 111
908 3113 1006 3178 τρεῖς).
1027 3139 1061 3148 -

93 3177 211 3265 γνόντες
229 3182 276 3233 ΑΒ
295 3185 347 3239 Bk.
368 3184 413 3249 (ci.
430 3153 554 3263 Val6k.):
574 3182 732 3263 mam.—
699 3132 1060 3249 -ύπερέβαλονρΔΒΙιΡΖ,

93 3245 167 3305 άλλά
187 3250 310 3338 βραγεῖα
327 3252 364 3303 Ad
382 3269 473 3317 pr—
492 3243 750 3331 άπεκερδάυαμενῖ

159 3322 217 3372 135.
238 3322 300 3374 ανθ
301 3335 395 3400 ρωπος
413 3322 525 3386 scripsi:
546 3310 709 3387 ἄνθρωπος

161 3390 218 3442 136.
238 3406 270 3458 γε
298 3381 330 3440 τό
358 3381 491 3440 ἐναντίον
513 3388 611 3439 Valek.
634 3387 672 3439 Sl.
682 3381 737 3466 (τό
762 3378 896 3438 ἐναντίον
923 3384 1000 3445 Bm:
1028 3400 1060 3450 γε

93 3449 227 3509 ἐναντίον
252 3459 294 3524 (γε
317 3448 435 3508 ἐναντία
458 3456 575 3522 PZ).-
542 3447 630 3515 -άις
653 3448 707 3522 γάρ
726 3454 837 3521 scripsi:
861 3446 928 3513 τούς
950 3446 1061 3520 γάρ.-

93 3517 164 3589 ύμῖν
184 3539 244 3575 eum
263 3527 295 3576 R
315 3526 407 3576 Turn:
424 3516 503 3591 ημῖν
518 3552 550 3561 -

146 3617 287 3659 Ααυοιωιιε.
841 3610 857 3655 4
