2340 3916
143 187 205 250 150
495 191 750 253 AIZXINOY

144 348 226 416 ἀλλά
238 356 366 439 Καλλίᾳ
378 350 515 417 διδόναι.
540 349 591 417 ὅτι
602 347 633 418 δ’
647 348 760 436 άληθή
771 353 872 437 λέγω,
890 348 1025 437 άφελών
1037 353 1096 421 τὸν

144 449 276 534 κόμπου
288 451 344 517 καὶ
354 447 413 529 τὰς
423 447 566 536 τριήρεις
577 450 631 515 καλ
643 446 705 534 τήν
716 446 909 528 ἀλαζονείαν
921 448 1095 536 άνάγνωθι

143 549 197 613 καὶ
210 554 270 613 τοῦ
282 551 464 632 κλέμματος
475 546 573 632 άψαι,
597 543 617 615 δ
628 544 781 632 ὑφείλετο
793 545 810 614 ὁ
822 547 939 634 μιαρὸς
950 552 1004 617 καὶ
1015 547 1097 617 άυό-

144 667 213 722 σιος
224 643 415 731 άνθρωπος,
429 643 470 712 ὅν
482 665 563 731 φησι
574 653 755 731 Κτησιφῶν
766 649 820 714 καλ
831 649 868 713 έν
877 651 962 735 τῷδε
973 655 1018 735 τῷ
1031 661 1096 732 ψη-

144 753 281 829 φίσματι
303 750 464 813 διατελεῖν
481 749 620 830 λέγοντα
638 748 693 813 καλ
711 745 899 832 πράττοντα
920 745 959 813 τά
980 743 1096 830 άριστα

144 851 191 932 τῷ
204 844 295 934 δήμφ
308 852 375 911 τῶν
384 843 579 931 Ἀθηναίων.

508 950 741 1012 ΨΗΦΙΣΜΑ.

231 1040 369 1109 Οὐκοῦν
383 1040 440 1121 τάς
456 1042 519 1128 μέν
535 1043 678 1130 τριήρεις
690 1047 744 1111 καὶ
755 1041 817 1129 τήν
827 1040 927 1130 πεζήν
940 1041 1097 1125 στρατιὰν
1115 1056 1165 1108 102

144 1143 198 1208 καὶ
215 1138 277 1227 τήν
293 1145 502 1228 πανσέληνον
520 1145 575 1209 καί
591 1142 670 1221 τούς
687 1145 870 1226 συνέδρους
886 1141 974 1231 λόγῳ
992 1140 1097 1228 ήκοά-

145 1261 239 1324 σατε,
261 1240 319 1319 τάς
337 1242 372 1308 δέ
389 1243 559 1320 συντάξεις
577 1250 645 1308 νῦν
666 1242 865 1327 συμμάχων,
887 1238 928 1307 τά
946 1243 1025 1308 δέκα
1036 1242 1095 1307 τά-

144 1347 264 1422 λαντα,
277 1342 362 1427 έργμ
375 1336 572 1406 άπωλέσατε.

223 1432 420 1503 ’Τπόλοιπον
445 1440 483 1504 δέ
501 1463 557 1522 μοι
575 1439 664 1505 ἐστὶν
682 1442 799 1523 είπείυ,
823 1435 874 1504 ὅτι
893 1434 1006 1523 λαβών
1022 1442 1096 1519 τρία
1114 1442 1165 1496 103

143 1537 287 1606 τάλαντα
305 1535 430 1623 μισθὸν
451 1537 513 1624 τήν
533 1540 672 1624 γνώμην
692 1538 819 1624 ταύτην
837 1541 959 1622 έγραψε
979 1545 1096 1622 Δημο-

144 1638 277 1723 σθένης,
290 1637 454 1704 τάλαντον
465 1638 525 1723 μὲν
536 1640 571 1705 ἐκ
583 1642 747 1716 Χαλκίδος
758 1635 847 1721 παρά
859 1641 1023 1723 Καλλίου,
1036 1635 1096 1702 τά-

143 1744 264 1803 λαντον
274 1733 306 1802 δ’
321 1738 353 1815 ἐξ
362 1733 523 1821 Ἐρετρίας
533 1735 621 1820 παρά
631 1734 835 1822 Κλειτάρχου
843 1742 906 1801 τοῦ
913 1733 1094 1820 τυράννου,

142 1833 305 1901 τάλαντον
323 1836 358 1900 δὲ
375 1835 408 1913 έξ
421 1831 554 1918 Ὠρεοῦ,
579 1832 622 1901 δι’
643 1832 663 1901 δ
679 1835 734 1902 καί
751 1830 943 1919 καταφανής
953 1835 1094 1918 ἐγένετο,

74 1951 126 2006 495
143 1937 465 2018 δημοκρατουμένων
482 1941 550 1999 τείν
566 1930 721 2015 Ὠρειτῶν
738 1933 793 1998 καὶ
810 1932 918 1998 πάντα
930 1929 1095 2014 πραττόν-

141 2061 209 2100 των
227 2030 308 2118 μετά
328 2039 548 2118 ψηφίσματος.
573 2035 814 2119 ἐξανηλωμένοι
829 2029 893 2116 γάρ
911 2033 949 2097 έν
968 2034 1013 2114 τῷ
1032 2052 1093 2092 πο-

141 2135 229 2220 λέμφ
259 2132 315 2198 καὶ
343 2138 512 2209 παντελοῦς
541 2129 674 2213 άπόρως
699 2135 899 2216 διακείμενοι
928 2129 1094 2213 πέμπουσι

141 2227 225 2312 πρὸς
236 2224 341 2295 αὐτὸν
352 2233 572 2315 Γνωσίδημον
585 2226 645 2296 τόυ
656 2231 862 2315 Χαριγένους
872 2227 948 2295 υίόυ
959 2233 1020 2294 τοῦ
1032 2230 1093 2292 δυ-

142 2325 387 2404 ναστεύσαντός
404 2349 483 2394 ποτε
502 2331 539 2395 έν
557 2325 678 2414 Ὠρεῷ,
703 2326 906 2412 δεησόμενον
927 2320 1031 2391 αὐτοῦ
1052 2320 1088 2388 τό

141 2428 201 2513 μὲν
210 2425 374 2492 τάλαντον
384 2423 565 2515 ιἰφεῖναιτῇ
575 2425 678 2510 πόλει,
691 2424 976 2510 ἐπαγγελλόμενον
986 2419 1013 2489 δ’
1027 2420 1090 2488 αὐ-

140 2534 187 2616 τῷ
199 2530 324 2610 χαλκῆν
335 2524 448 2591 είκόνα
459 2524 688 2610 σταθήσεσθαι
699 2520 858 2612 ένὨρεφλ.
878 2519 944 2591 ὁδδ
955 2519 1090 2606 άπεκρί-
1110 2535 1160 2587 104

139 2650 219 2691 νατο
248 2632 295 2712 τῷ
316 2623 538 2713 Γνωσιδήμῳ,
568 2622 619 2690 ὅτι
647 2626 818 2708 ἐλαχίστου
841 2627 967 2706 χαλκοῦ
989 2615 1091 2684 οὐδέν

69 2741 122 2797 496
139 2728 261 2809 δέοιτο,
283 2723 320 2791 τὸ
340 2723 376 2791 δὲ
391 2724 555 2791 τάλαντον
572 2723 626 2790 διά
642 2730 702 2790 τοῦ
714 2727 862 2790 Καλλίου
874 2720 1089 2805 εἰσπράττειν.

138 2821 399 2909 ἀναγκαζόμενοι
428 2823 463 2890 δέ
487 2826 521 2888 οί
542 2820 684 2908 ’Ὠρεῖται
705 2823 760 2890 καί
783 2819 845 2888 οὐκ
868 2817 1090 2902 εὐποροῦντες

137 2919 309 2989 ὑπέθεσαν
329 2919 419 3009 αὐτῷ
436 2928 499 2986 τοῦ
519 2920 685 2989 ταλάντου
705 2918 763 2999 τάς
785 2924 942 3005 δημοσίας
962 2915 1089 3000 προσά-

137 3026 232 3106 δους,
254 3022 308 3088 καλ
325 3020 426 3089 τόκον
443 3018 590 3105 ἤνεγκαν
600 3023 813 3107 Δημοσθένει
823 3025 884 3086 τοῦ
897 3015 1089 3103 δωροδοκή-

66 3138 117 3194 497
136 3145 237 3204 ματος
249 3116 399 3203 δραχμήν
416 3125 478 3184 τοῦ
488 3117 592 3204 μηνός
603 3126 659 3204 τῆς
670 3126 769 3204 μνᾶς,
782 3120 844 3196 ἕως
854 3116 890 3184 τὸ
903 3115 1088 3201 κεφάλαιον

136 3216 314 3286 άπέδοσαυ.
337 3218 392 3285 καὶ
415 3215 513 3284 πάντ’
531 3218 682 3303 ἐπράχθη
700 3215 780 3303 μετά
798 3221 1006 3302 ψηφίσματος
1025 3220 1087 3279 τοῦ
1107 3233 1155 3284 105

134 3318 251 3402 δήμου.
274 3316 325 3384 ὅτι
337 3315 373 3384 δέ
384 3315 514 3405 τάληθῆ
525 3320 626 3403 λέγω,
650 3322 731 3404 λαβέ
740 3343 795 3403 μοι
807 3315 843 3384 τό
855 3316 1009 3402 ψήφισμα
1021 3322 1088 3382 τῶν

133 3423 293 3498 Ὠρειτῶν.
