2340 3916
127 213 168 276 96
539 204 668 257 ιεωοα
953 272 955 280 A
990 207 1043 259 OB.
1062 209 1091 261 τ.

130 378 240 471 δώρου
267 381 329 449 τού
351 373 537 458 Εὐπόλιδος
563 379 652 459 υίέος
678 383 716 448 το
743 380 852 468 μέρος
866 387 997 467 είληφε·
1032 383 1090 450 καὶ

128 485 235 552 τοῖνδε
254 484 330 568 ἐξῆν
353 483 358 568 Ι
381 475 473 571 αύτῷ
483 475 565 550 κατὰ
580 477 706 568 ταύτην
719 477 783 568 τῆν
794 482 991 566 συγγένειαν
1008 489 1089 569 λαγ-

128 581 260 672 χάνειν,
283 578 355 652 ὄντι
377 581 524 672 προτέρφ
541 577 681 668 ταύτης,
706 590 798 670 εἴπερ
814 577 854 649 τά
871 583 1090 670 πεπραγμένα

25 669 29 674 ’
76 703 110 757 25
127 681 172 773 μῆ
189 689 313 774 κυρίως
332 688 419 771 ἔχειν
438 677 592 768 ἐνόμιζεν.
628 675 702 749 ἄλλ’
720 677 783 750 ούκ
801 687 890 751 ἔστιν
907 675 1089 770 ἀναίσχυν-

128 812 192 865 τος.
227 778 349 874 μητρὸς
373 776 405 850 δ’
430 776 543 860 οὐδείς
561 783 650 850 ἐστιν
668 784 854 870 ἐκποίητος,
873 776 945 859 ἀλλ’
966 777 1090 871 ὁμοίως

128 880 268 975 ὑπάρχει
289 879 350 972 τῆν
367 877 475 969 αύτῆν
493 879 579 955 εἶναι
595 883 731 972 μητέρα,
748 875 811 951 κάν
829 885 865 952 έν
881 884 928 974 τῷ
944 882 1091 978 πατρῴῳ

128 988 210 1074 μένη
228 1014 277 1064 τις
294 993 375 1076 οίκφ
392 976 455 1052 κάν
474 983 644 1071 ἕκποιηθῆ.
687 979 738 1051 διδ
754 985 822 1052 τών
836 978 1091 1076 Ἀπολλοδώρου

128 1083 302 1174 χρημάτων
328 1079 390 1153 ούκ
415 1078 625 1173 ’νἰπεστερῆθη
642 1085 704 1153 τού
718 1084 857 1174 μέρους,
880 1079 965 1152 άλλά
981 1110 1089 1172 μετει-

129 1183 229 1275 λῆφει
251 1182 288 1255 τό
311 1180 523 1275 ῆμικλῆριον,
544 1180 626 1273 πρὸς
647 1181 772 1272 ταύτην
794 1181 999 1273 νειμάμενος.
1032 1181 1091 1270 Ὡς

131 1283 163 1355 δ’
181 1282 294 1374 άληθῆ
310 1287 411 1373 λέγω,
430 1282 523 1353 κάλει
540 1311 595 1372 μοι
611 1282 739 1354 τούτων
756 1280 834 1366 τούς
852 1283 1029 1375 μάρτυρας.

507 1448 711 1502 ΜΑΡΤΤΡΕΣ.

54 1617 111 1670 ⁷26
207 1585 304 1659 Οὕτω
326 1590 388 1678 μὲν
410 1584 472 1678 ούχ
494 1592 530 1659 ολ
543 1590 701 1677 γεννῆται
722 1587 825 1678 μάνου
851 1593 907 1660 καὶ
924 1589 1090 1684 φράτορες

128 1688 284 1778 γεγόνασι
295 1688 462 1781 μάρτυρες
476 1693 534 1777 τῆς
548 1693 625 1778 ἐμῆς
642 1687 821 1779 ποιῆσεως,
839 1686 922 1760 ἄλλά
933 1695 988 1761 καὶ
1001 1703 1090 1784 (99oe-

104 1789 293 1879 7σύβουλος
319 1787 382 1861 ούκ
406 1787 625 1880 ἀμφισβητῶν
651 1797 737 1885 έργφ
764 1789 953 1879 δεδήλωκεν
977 1789 1029 1863 ὅτι
1046 1793 1090 1864 τά

127 1894 344 1982 πεπραγμένα
361 1888 599 1984 Ἀπολλοδώρῳ
619 1899 743 1982 κυρίως
768 1899 856 1982 ἔχειν
877 1901 1001 1981 νομίζει
1031 1898 1091 1964 καὶ

128 1989 211 2061 κατά
231 1989 310 2072 τούς
330 1990 470 2081 νόμους·
500 1988 541 2061 ού
563 1988 627 2083 γάρ
650 1987 693 2061 άν
715 2018 794 2062 ποτε
820 1990 988 2065 τοσούτων
1010 2023 1090 2084 χρη-

128 2090 241 2181 μάτων
252 2087 315 2160 ούκ
328 2090 494 2182 ἐλάγχανε.
518 2092 674 2180 γεγόνασι
688 2093 725 2162 δὲ
736 2089 824 2182 ὅμως
834 2096 889 2163 καλ
900 2091 994 2165 άλλοι
1005 2094 1090 2191 μάρ-

77 2221 110 2274 27
127 2220 226 2284 τυρες
248 2188 369 2262 αύτών.
402 2194 483 2282 πρὶν
499 2189 563 2283 γάρ
582 2193 637 2281 ἐμὲ
655 2189 751 2280 ῆκειν
769 2198 805 2263 έκ
820 2198 879 2283 τῆς
896 2193 1088 2287 Πυθιάδος,

129 2301 221 2382 ἔλεγε
243 2289 325 2384 πρὸς
347 2290 428 2374 τούς
451 2291 592 2382 δημότας
613 2289 860 2386 Ἀπολλόδωρος·
878 2291 929 2365 ὅτι
952 2303 1089 2386 πεποιη-

127 2396 225 2483 μένος
248 2403 299 2481 είη
322 2422 364 2482 με
384 2391 461 2465 υίόν
485 2396 542 2463 καὶ
569 2391 779 2484 ἐγγεγραφώς
806 2403 852 2475 είς
873 2393 951 2476 τούς
967 2417 1090 2486 συγγε-

127 2512 199 2577 νεῐς
216 2498 271 2565 καὶ
289 2493 472 2587 φράτορας,
492 2497 547 2564 καλ
564 2492 790 2585 παρεδεδώκει
801 2493 863 2584 τῆν
881 2492 1011 2587 ούσίαν,
1030 2501 1090 2568 καὶ

130 2593 337 2667 διεκελεύεθ’
361 2594 450 2677 ὅπως
473 2590 532 2685 άν,
558 2605 591 2664 ελ
603 2623 635 2665 τι
652 2591 756 2665 πάθοι
773 2595 950 2688 πρότερον,
970 2598 1090 2688 ἐγγρά-

128 2705 221 2785 φωσί
239 2726 281 2787 με
304 2705 351 2779 εἰς
367 2696 404 2768 τό
422 2693 631 2786 ληξιαρχικὸν
651 2714 873 2788 γραμματεῖον
890 2697 1090 2788 Θράσυλλον

78 2827 112 2879 28
126 2793 376 2888 ’Λπολλοδώρου
394 2800 451 2868 καὶ
467 2795 511 2888 μῆ
535 2792 580 2879 ώς
604 2794 711 2878 άλλως
733 2796 903 2886 ποιήσωσι.
939 2794 1091 2872 κάκεῖνοι

128 2901 232 2968 ταῦτα
255 2895 474 2987 ἀκούσαντες,
497 2896 625 2968 τούτων
649 2902 686 2969 έν
708 2893 932 2988 ἀρχαιρεσίαις
949 2928 1090 2990 κατηγο·

128 2997 281 3089 ρούντων
307 3001 362 3069 καὶ
380 2996 546 3088 λεγόντων
573 2993 617 3079 ώς
643 2995 706 3069 ούκ
732 2997 905 3087 έποιῆσατό
930 3027 971 3090 με
996 3000 1088 3092 υίύν,

129 3101 185 3170 καλ
212 3103 244 3182 ἐξ
271 3089 319 3169 ών
345 3096 492 3187 ῆκουσαν
518 3102 573 3170 καὶ
596 3103 633 3183 ἐξ
660 3089 708 3170 ών
732 3096 876 3190 ῆδεσαν,
906 3097 1090 3191 ὀμόσαντες

129 3195 211 3270 καθ’
231 3203 331 3291 ίερών
349 3198 536 3293 ἐνέγραιγάν
552 3228 608 3290 με,
627 3198 779 3290 καθάπερ
797 3204 921 3284 ἐκεῖνος
940 3205 1088 3276 ἐκέλευε·

127 3298 271 3388 τοσαύτη
295 3300 491 3392 περιφάνεια
507 3305 565 3390 τῆς
583 3304 660 3390 έμῆς
678 3298 840 3388 ποιῆσεως
858 3305 988 3390 ἐγένετο
1005 3300 1087 3396 παρ’

128 3398 250 3483 αὐτοῖς.
288 3398 344 3485 Ὡς
369 3400 400 3472 δ’
424 3399 535 3491 ἀληθῆ
557 3403 659 3491 λέγω,
683 3399 775 3470 κάλει
786 3401 846 3490 μοι
863 3401 993 3477 τούτων
1010 3402 1088 3489 τούς

128 3532 305 3594 μαρτυρας.
