2340 3916
337 187 461 243 RATA
486 188 749 246 νιοτιεκον.
908 172 913 180 ’
974 188 1014 250 19

61 344 94 415 δ’
111 343 224 425 αὐτοῖς
241 343 433 429 εὑρίσκουσι
448 353 569 438 τοῦτον
586 349 622 413 έν
639 354 792 437 συνοικίᾳ
808 350 888 436 μετά
906 352 1011 431 ξένων
1031 375 1067 429 ςς

16 504 24 514 .
61 452 430 530 τινῶνσυναριστιδντα.
442 447 850 532 διαπειλησαμένουδὲτοδ
858 452 1013 535 Μισγόλα

63 548 188 613 καὶτοῦ
207 550 356 629 Φαίδρου
374 561 442 624 τοῖς
453 549 557 626 ξένοις
572 550 627 614 καί
638 547 845 615 κελευόντων
860 547 920 635 ήδη
932 543 1013 615 ἀκο-

63 654 201 713 λουθεῖν
215 651 260 722 είς
277 670 313 711 το
304 642 608 732 δεσμωτήριον,’
587 673 638 714 οτι
648 646 820 731 μειράκιον
831 648 1021 730 ἐλεύθερον

64 747 275 829 διέφθειραν,
301 745 541 829 φοβηθέντεςο
544 743 704 823 ίξένοι”
677 770 801 871 φχοητο
821 746 1013 868 φεφγοντες,

10 864 44 915 44
64 846 299 922 καταλιπόντες
315 841 354 910 τά
374 846 676 929 παρεσκευασμένα
701 846 755 911 καὶ
768 836 876 912 ταῦθ’
889 842 938 911 ότι
950 843 1011 927 ἐγω

64 942 175 1029 ἀληθῆ
186 945 280 1026 λέγω,
293 939 443 1021 ἀπαντες,
456 939 530 1008 όσοι
540 968 601 1008 κατ
604 939 773 1021 ’ἐκείνους
784 940 862 1021 τούς
874 943 1014 1027 χρόνους

56 1044 267 1124 ’ἐγίγνωσκον
283 1039 463 1132 Μισγόλαν
473 1042 528 1106 καὶ
544 1047 727 1125 Τίμαρχον,
740 1049 859 1108 ίσασιν.
872 1068 893 1129 η
883 1033 947 1126 δή
960 1067 1010 1107 και

65 1140 155 1205 πάνυ
173 1145 290 1224 χαίρω,
314 1136 364 1206 ὅτι
381 1165 437 1224 μοι
454 1141 592 1223 γέγονεν
608 1135 628 1224 ἡ
646 1144 719 1223 δίκη
737 1137 821 1224 πρός
831 1139 1016 1224 ἄνθρωπον

65 1236 126 1304 οόκ
139 1236 348 1323 ἠγνοημένον
359 1234 419 1320 ὑφ’
433 1235 539 1323 ὑμεῖν,
552 1235 628 1304 οὐδ’
641 1233 699 1302 ἀπ’
712 1235 818 1304 ἀλλον
828 1236 1015 1322 γιγνωσκό-Ι

65 1363 168 1422 μενον
184 1335 321 1415 οάδενδς
337 1333 360 1423 ή
377 1335 436 1403 ἀπ’
456 1335 559 1404 αὐτοῦ
577 1345 637 1405 τοῦ
648 1336 918 1422 ἐπιτηδεύματος,
942 1338 1013 1420 περὶ

67 1428 107 1502 οὗ
124 1437 178 1503 καὶ
197 1434 259 1521 τήν
278 1445 392 1522 φηφον
409 1440 542 1523 μέλλετε
558 1440 682 1522 φέρειν.
705 1439 779 1518 περὶ
794 1439 856 1522 μὲν
873 1434 937 1520 γάρ
949 1442 1016 1502 τῶν

67 1535 303 1620 ἀγνοουμένων
331 1550 447 1621 σαφεῖς
477 1546 556 1614 ῖσως
576 1537 734 1621 προσήκει
757 1533 814 1613 τάς
836 1532 1015 1612 ἀποδείξεις

67 1643 233 1700 ποιεῖσθαι
247 1631 307 1699 τόν
318 1633 514 1718 κατήγορον,
526 1635 600 1719 περὶ
612 1633 647 1700 δὲ
659 1639 727 1699 τῶν
738 1629 1016 1718 ὁμολογουμένων

68 1730 108 1798 οὐ
120 1739 194 1799 λίαν
206 1738 308 1817 ἔγωγε
319 1733 401 1818 μέγα
419 1737 517 1816 ἔργον
530 1729 612 1798 εἶναι
625 1735 744 1816 νομίζω
755 1727 791 1796 τό
804 1739 1014 1812 κατηγορεῖν

12 1842 46 1893 45
68 1830 254 1916 ἀναμνῆσαι
271 1829 336 1915 γάρ
348 1831 453 1915 μόνον
471 1830 630 1916 προσήκει
646 1827 725 1907 τοὺς
739 1825 930 1904 ἀκούοντας.
952 1821 1015 1909 έγιό

70 1935 183 1995 τοίνυν
195 1936 312 2011 καίπερ
324 1927 594 2013 ὁμολογουμένου
608 1934 669 1994 τοῦ
680 1926 886 2012 πράγματος,
907 1922 1017 2008 ἐπειδὴ

69 2029 105 2091 ἐν
128 2030 325 2113 δικαστηρίῳ
343 2023 458 2109 ἐσμέν,
479 2026 630 2110 γέγραφα
652 2029 838 2109 μαρτυρίαν
858 2022 1016 2110 Μισγόλα
1036 2042 1071 2096 70

69 2121 180 2209 ἀληθῆ
191 2125 262 2208 μέν,
275 2120 336 2190 οόκ
348 2120 548 2191 ἀπαίδευτον
560 2122 605 2207 δέ,
619 2121 663 2201 ὡς
672 2120 735 2207 έγτδ
746 2121 890 2208 ἐμαυτόν
901 2130 1016 2189 πείθω.

71 2218 151 2287 αὐτὸ
165 2222 226 2306 μὲν
236 2221 300 2305 γὰρ
311 2220 460 2307 τοῦνομα
470 2228 531 2288 τοῦ
542 2225 652 2306 ἔργον,
665 2216 684 2287 δ’
695 2225 832 2304 ἔπραττε
843 2222 926 2303 πρὸς
938 2229 1017 2288 τοῦ·

69 2346 138 2402 τον,
153 2318 215 2386 οὐκ
227 2321 392 2405 ἐγγράφω,
408 2318 481 2387 οὐδ’
496 2320 576 2387 ἀλλο
588 2323 739 2416 γέγραφα
750 2318 865 2413 οὐδέν,
878 2319 898 2386 δ
909 2321 1018 2406 ἐπιζή-

70 2417 147 2502 μιόν
168 2419 257 2484 έστιν
274 2422 310 2485 ἐκ
328 2426 395 2485 τῶν
411 2419 574 2507 νόμων
544 2426 591 2485 τεδ
607 2417 735 2504 τάληθῆ
753 2418 1014 2504 μαρτυρήσαντι·

70 2512 90 2580 ἀ
85 2515 144 2582 δέ
160 2512 283 2583 ἐστιν’
266 2531 345 2601 υμῖν
364 2513 526 2583 ἀκούουσι
544 2515 712 2601 γνώριμα,
734 2515 896 2583 ἀκίνδυνα
918 2514 953 2582 δε
969 2524 1015 2602 τῷ
1035 2535 1066 2590 71
1132 2566 1139 2573 .

14 2631 48 2683 46
70 2622 293 2729 μαρτυροῦντι
313 2617 367 2682 καὶ
386 2642 430 2701 μη
419 2613 576 2700 αλσχρά,
589 2616 862 2701 ταῦταγέγραφα.
886 2613 990 2683 έάν
956 2642 1018 2701 μεν

46 2772 53 2779 .
72 2744 134 2782 ουν
157 2714 338 2805 έθελήσηῖ
323 2745 340 2784 ο
364 2717 538 2802 Μισγόλας
566 2721 665 2799 δεῦρο
688 2715 869 2800 παρελθων
890 2714 1019 2802 τάληθῆ

71 2825 291 2914 μαρτυρήσαι,
314 2815 354 2884 τά
377 2822 486 2885 δίκαιοι
509 2815 654 2902 ποιήσει·
684 2814 744 2883 έάν
766 2818 801 2884 δὲ
823 2824 1018 2903 προαιρῆται

72 2917 333 2999 ἐκκλητευθῆναι
345 2911 504 3000 μάλλον”
482 2942 502 3000 η
514 2913 646 3001 τάληθῆ
659 2930 853 3002 μαρτυρεῖν,
877 2914 969 3002 ὑμεῖς
980 2918 1017 2983 τὸ

71 3017 152 3084 ὅλον
164 3022 299 3099 πρᾶγμα
311 3015 480 3101 συνήσετε.
503 3014 579 3083 εί
541 3041 605 3101 γαρ
615 3042 633 3083 0
624 3014 706 3102 μέν
718 3017 841 3100 πράξας
852 3024 1019 3102 αἰσχυνεῖ-
1082 3025 1089 3037 “

70 3141 123 3178 ται
140 3115 194 3180 καὶ
213 3112 444 3199 προαιρήσεται
461 3121 562 3198 χιλίας
573 3121 700 3197 μᾶλλον
712 3113 856 3200 δραγμάς
868 3114 1019 3182 ἀποτῖσαι

28 3280 32 3286 ,
71 3218 118 3298 τῷ
135 3215 299 3297 δημοσίω,
323 3210 407 3278 ω’στε
421 3211 464 3296 μή
485 3214 585 3289 δεῖξαι
602 3209 637 3277 τό
658 3209 839 3293 πρόσωπον
849 3212 885 3279 τὸ
898 3215 1019 3278 ἑαυτοῦ

51 3365 53 3369 .
72 3306 162 3392 ὑμῖν,
176 3306 193 3376 ὁ
209 3309 244 3375 δέ
256 3340 270 3375 ι.
286 3309 434 3388 τπονθάς
447 3308 677 3395 δημηγορήσει,
690 3309 795 3395 σοφός
805 3307 1019 3396 ὀνομαθέτηεΊ
1039 3329 1073 3383 72

72 3405 89 3473 ὁ
110 3406 187 3485 τοὺς
206 3407 300 3474 οὕτω,
316 3405 500 3493 βδελυροὺς
520 3408 673 3493 ἐξείργων
699 3405 765 3475 ἀπὸ
785 3415 849 3473 τοῦ
875 3408 1042 3532 ἔδρακες.
