2340 3916
363 219 494 275 ΚΑΤΑ
520 219 785 278 TIMAPXOY.
1002 219 1044 282 55

96 400 165 442 των
181 373 316 461 αἰσχράς
333 372 478 455 ὑποψίας
492 376 700 463 παρεμβάλη,
722 384 966 463 καταγέλαστον
983 405 1043 464 την

23 483 80 541 168
96 471 195 539 πόλιν
212 488 307 541 ποιεῖ.
331 471 375 551 ὡς
390 473 454 558 γάρ
471 471 529 551 τάς
547 471 626 558 ε’μάς
641 469 789 554 εὐθύνας
806 476 979 562 βλάπτων,
1002 474 1043 556 ἀς

93 567 178 653 ὑπὲρ
190 578 248 656 τῆς
259 578 432 657 πρεσβείας
444 577 551 655 μέλλω
564 569 708 659 διδόναι,
721 581 805 658 φησί
812 598 869 658 με,
881 572 929 640 ὅτ’
943 573 1043 655 αὐτός

93 667 209 757 πρςόην
221 667 304 752 πρός
313 667 375 755 την
386 665 514 755 βουλὴν
524 665 609 752 ὑπὲρ
625 675 686 735 τοῦ
697 668 813 747 παιδός
826 666 1042 755 Ἀλεξάνδρου
1059 680 1109 735 166

93 767 226 854 διεξῄει,
249 764 292 845 ὦς
309 769 347 833 ἐν
364 773 408 851 τῷ
428 767 518 854 πότῳ
535 763 629 851 ημῶν
641 769 868 849 κιθαριζοικαὶ
879 772 968 854 λέγοι
980 769 1040 856 ῥή-

92 887 159 943 σεις
180 860 273 943 τινάς
295 866 349 931 καὶ
369 862 597 949 ἀντικρούσεις
616 859 699 948 πρός
715 864 829 950 ἕτερον
847 871 962 951 παῖδα,
986 871 1040 934 καὶ

92 964 167 1046 περὶ
189 960 317 1028 τούτων
341 958 362 1026 ἀ
384 961 425 1045 δη’
447 985 524 1027 ποτε
548 957 647 1038 αὐτὸς
668 960 823 1046 ἐτύγχανε
844 963 1040 1048 γιγνώσκων

92 1057 175 1141 πρός
185 1056 248 1144 την
259 1056 388 1145 βονλην
400 1055 609 1143 ἀπεφήνατο,
627 1055 688 1142 οὐχ
699 1054 742 1136 ὡς
753 1060 1036 1149 συμπρεσβευτήν,

91 1153 164 1224 ἀλλ’
185 1155 229 1236 ὠς
245 1165 390 1243 συγγενῆ
408 1171 475 1235 τοῖς
493 1163 537 1234 είς
555 1154 615 1224 τόν
632 1162 731 1224 παῖδα
748 1158 1039 1246 σκύμμασινάγα-

18 1271 74 1326 169
90 1262 259 1340 νακτῆσαι.
272 1253 336 1340 ἐγώ
349 1251 381 1322 δ’
396 1254 598 1342 Ἀλεξάνδρῳ
613 1256 674 1339 μὲν
685 1256 818 1334 είκότως
830 1255 883 1323 διά
894 1256 956 1345 την
965 1255 1039 1344 ἡλι-

90 1366 169 1424 κίαν
181 1353 223 1424 οὐ
242 1361 435 1442 διείλεγμαι,
461 1362 626 1423 Φίλιππον
638 1356 673 1423 δὲ
684 1363 749 1422 νῦν
761 1356 822 1441 μέν
834 1356 888 1425 διά
900 1357 961 1444 την
971 1367 1038 1424 τοῖν

89 1455 200 1539 λόγων
212 1452 381 1539 εὐφημίαν
391 1457 517 1521 ἐπαινοῖ
525 1481 530 1493 ·
554 1452 614 1521 ἐάν
625 1450 657 1520 δ’
676 1450 694 1519 6
712 1450 812 1531 αὐτὸς
828 1457 865 1521 έν
875 1469 943 1533 τοῖς
955 1451 1038 1538 πρός

91 1550 176 1640 ἡμᾶς
187 1556 294 1636 ἔργοις
304 1554 454 1637 γένηται,
477 1547 545 1630 οἶος
561 1560 627 1617 νῦν
643 1554 785 1618 ἐστινέν
801 1567 869 1630 τοῖς
879 1555 1038 1637 ἐπαγγέλ·

88 1670 205 1733 μασιν,
227 1645 361 1731 ἀσφαλη
377 1649 432 1714 καὶ
454 1647 572 1736 ρ’άδιον
592 1645 652 1714 τόν
675 1644 755 1713 καθ’
781 1644 887 1715 αὑτοῦ
909 1648 1037 1734 ποιησει

87 1750 234 1811 ἔπαινον.
248 1747 423 1830 ἐπετίμησα
434 1748 453 1810 δ
458 1743 466 1769 ’
484 1749 521 1812 ἐν
531 1752 578 1833 τῷ
588 1751 813 1832 βουλευτηρίῳ
823 1751 1036 1830 Δημοσθένει

87 1838 129 1906 οὐ
141 1839 201 1907 τόν
212 1845 312 1908 παῖδα
322 1812 562 1924 ε’κθεραπεύωύ
568 1893 577 1925 ,
599 1839 675 1909 ἀλλ’
687 1838 792 1907 ἐάν
756 1868 796 1907 τα
808 1851 942 1909 τοιαῦτα
954 1841 1038 1911 ἀπο-

87 1944 282 2025 δέχησθε,
268 1937 388 2027 ομοίαν
405 1947 547 2026 νομίζων
563 1968 626 2026 την
643 1940 741 2008 πόλιν
763 1942 974 2026 φανήσεσθαι
994 1968 1035 2028 τη

84 2064 145 2105 τον
132 2036 337 2121 λεγοντος
319 2046 469 2128 ακοσμια

14 2146 69 2203 170
162 2133 322 2220 ρῗΌλωςδ,
338 2163 362 2202 ω
354 2134 553 2222 ’Ἀθηναῖοί
566 2134 1035 2223 τάςέξωθεντοῦπράγματος

86 2229 265 2318 ἀπολογίας
282 2232 325 2318 μη
345 2237 584 2318 προσδέχεσθε,
608 2240 740 2317 πρῶτον
757 2235 818 2320 μὲν
832 2242 900 2302 τῶν
922 2233 1033 2320 ὅρκων

84 2331 198 2416 ἕνεκα,
221 2326 280 2408 οὓς
298 2326 461 2416 ὠμόσατε,
483 2332 641 2416 δεύτερον
652 2333 688 2400 δὲ
699 2330 783 2420 ὑπὲρ
796 2343 858 2401 τοῦ
868 2332 912 2419 μη
924 2359 1032 2420 παρα-

84 2436 295 2514 κρουσθῆναι
312 2427 377 2497 ὐπὸ
398 2429 587 2517 ἀνθρώπου
604 2443 752 2518 τεχνίτου
769 2436 888 2520 λόγων.
912 2435 1033 2520 μικρὸν
1051 2450 1099 2505 167

85 2523 116 2591 δ’
142 2525 279 2594 ἀνωθεν
306 2526 445 2614 ἀρξομαι
472 2527 641 2596 διδάσκειν
671 2528 764 2616 ὑμᾶς.
809 2535 1031 2616 Δημοσθένης

84 2620 163 2707 γάρ,
186 2623 297 2711 ἐπειδη
315 2624 378 2710 τὴν
397 2626 555 2716 πατρςόαν
572 2623 691 2694 οὐσίαν
714 2623 881 2714 ἀνήλωσε,
904 2628 1031 2716 περιῄει

83 2725 157 2809 περὶ
173 2721 235 2809 τὴν
254 2725 354 2791 πόλιν
369 2724 527 2811 θηρεύων
544 2729 640 2803 νέους
657 2733 837 2805 πλουσίους
849 2724 1028 2811 ὀρφανούς,

83 2815 132 2887 οἷν
143 2826 178 2889 oc
185 2821 246 2908 μέν
255 2828 391 2907 πατέρες
401 2825 690 2909 τετελευτήκεσαν,
713 2823 794 2890 αἰδὲ
805 2826 939 2910 μητέρες
950 2827 1028 2915 διχά-

80 2943 165 2984 κουν
175 2946 238 3004 την
250 2919 377 2988 οὐσίαν.
402 2921 546 3000 πολλούς
562 2918 594 2989 δ’
612 2918 788 3007 ὐπερβάς’
771 2918 845 3000 ενός
856 2930 924 2989 τῶν
936 2921 1024 2989 δειν
1000 2951 1027 2988 α

10 3033 62 3091 171
80 3017 337 3084 πεπονθότων
318 3015 383 3084 υπὸ
399 3018 521 3083 τούτου
538 3019 782 3104 μνησθησομαι.
807 3015 1025 3137 κατιδωνγάρ

80 3117 188 3179 οίκίαν
206 3122 369 3181 πλουσίαν
386 3114 441 3181 καὶ
461 3111 523 3181 οὐκ
548 3111 813 3201 εὐνομουμένην,
837 3141 877 3233 ης
895 3111 1027 3200 ηγεμων

79 3203 184 3294 μὲν
161 3238 205 3296 ην
226 3237 311 3297 γυνη
338 3215 419 3296 μέγα
441 3219 616 3297 φρονοῦσα
634 3215 690 3280 καλ
706 3220 792 3280 νοῦν
809 3210 870 3278 οὐκ
895 3217 1024 3296 ἔχουσα,

79 3316 252 3387 νεανίσκος
263 3306 328 3376 δι’
310 3308 457 3395 ορφανὸς
473 3335 639 3395 ημιμανης
650 3309 859 3394 διεχείριζε
824 3336 886 3394 την
897 3305 1025 3393 οὐσίαν,

77 3399 283 3491 Ἀρίσταρχος
298 3405 387 3475 ὁτού
404 3407 563 3492 Μόσχον,
585 3406 708 3472 τούτου
720 3406 1026 3494 προσποιησάμενος
