2316 3900
157 237 197 300 38
360 282 365 292 x
568 228 696 281 12A10T
1014 231 1064 282 οι.
1083 233 1107 284 3.

156 406 238 490 ήσαί
255 422 337 491 φησι
363 399 424 490 τήν
446 397 608 492 ἀδελφήν
646 407 681 472 οἱ
701 403 738 472 δε
760 415 848 473 θεῖοι
870 407 917 495 τῷ
939 399 1111 524 άδελριδῷ

157 500 316 593 άτροικον
342 498 404 590 τήν
429 501 585 590 τοιαύτην
620 497 815 596 ἐγγυωμένῳ
843 503 1109 594 μεμαρτυρήκασι

24 612 28 621 “
157 606 412 693 παραγενέσθαι.

107 721 140 773 3ο
231 706 298 775 Καὶ
321 710 357 774 οδ
377 701 470 775 αὐτοὶ
494 716 581 774 θελοι
603 693 694 774 οάτοι
718 707 755 772 ἐν
777 731 818 823 τή
808 703 1016 793 Ηδεκάτη
973 732 1031 792 της
1048 717 1109 773 θυ-

157 803 277 896 γατρός
300 802 599 893 άποφανθείσης
568 831 653 873 ειναι
669 799 735 873 ὑπὸ
751 808 813 873 τοῦ
835 801 1020 928 ἀδελφιδοῦ
1036 816 1109 892 κλη-

157 909 291 987 θέντες
287 901 564 994 μεμαρτυρήκασι
588 907 843 995 παραγενέσθαι.
848 893 963 997 Τφ
952 933 978 973 οι
967 895 1038 994 δή
1057 909 1111 974 καὶ

160 1002 313 1086 δεινως’
285 1032 478 1127 αγανακτρι,
496 999 547 1073 ὅτι
558 1033 577 1074 ο
565 1000 680 1092 μδν’
659 1002 745 1095 ανήρ
762 1003 944 1127 λαγχάνων
952 975 1095 1093 δπδρ
1054 1034 1111 1093 της

158 1102 314 1193 γυναικός
336 1107 394 1192 τῆς
412 1099 516 1174 αὐτου
531 1132 591 1174 τοο
579 1103 731 1194 κλήρου
754 1109 816 1174 τοῦ
831 1104 985 1199 πατρῴου
1003 1114 1111 1193 Φίλην

158 1203 262 1293 ὄνομα
279 1205 364 1275 εἶναι
382 1202 547 1295 ἐγράψατο
561 1209 605 1296 τή
618 1213 768 1294 γυναικί,
792 1211 827 1275 οί
842 1207 879 1275 δὲ
895 1209 957 1275 τοῦ
972 1205 1112 1296 Πύρρον

158 1317 246 1375 θελοι
270 1309 307 1374 ἐν
327 1307 370 1395 τή
391 1303 511 1394 δεκάτη
534 1305 717 1395 φάσκοντες
733 1309 980 1396 παραγενέσθαι
1002 1305 1039 1375 τδ
1056 1307 1112 1393 τής

159 1403 263 1493 τήθης
284 1401 390 1494 ὄνομα
411 1409 631 1496 Κλειταρέτην
658 1405 716 1477 τόν
738 1408 863 1497 πατέρα
884 1405 1111 1497 ἐμαρτύρησαν

32 1580 35 1588 ,
109 1527 140 1578 31
159 1507 282 1576 θέσθαι
305 1501 398 1595 αάτή.
442 1506 600 1595 θαυμάζω
624 1497 686 1577 οὖν
709 1500 777 1576 είό
800 1503 885 1596 άνήρ
907 1502 926 1576 ό
948 1511 1113 1576 συνοικοδν

159 1614 264 1676 πλείω
287 1601 410 1695 ήόκτοδ
429 1613 485 1694 ἔτη
507 1605 571 1695 ήδη
588 1605 634 1696 μή
654 1605 728 1697 ήδει
750 1605 895 1696 τοῦνομα
917 1609 974 1695 τής
993 1609 1114 1677 ἑαυτοῦ

159 1705 325 1795 γυναικός.
353 1706 424 1777 εἶτα
439 1703 520 1776 οὐδὲ
536 1706 625 1797 παρά
635 1711 702 1777 τῶν
719 1701 825 1776 αδτοά
841 1706 1017 1797 μαρτύρων
1035 1706 1112 1797 πρό-

160 1834 256 1898 τερον
268 1806 419 1896 ἐδυνήθη
436 1810 617 1895 πυθέσθαι,
634 1801 745 1893 οδδ’ή
761 1804 867 1898 μήτηρ
884 1810 941 1894 τής
958 1807 1113 1894 γυναικός

160 1905 196 1977 τό
212 1909 269 1995 τής
286 1905 453 1997 θυγατρός
469 1905 572 1996 ὄνομα
588 1911 645 1997 τής
663 1902 763 1995 αδτής
788 1910 824 1976 ἐν
843 1906 951 1999 χρόνῳ
967 1906 1113 1999 τοσούτῳ

111 2024 143 2076 32
162 2014 306 2097 ἔφρασεν
323 2004 429 2101 αὐτῷ,
447 2003 522 2078 οὐδ’
539 2002 558 2077 ό
573 2018 666 2087 θεῖος
683 2003 796 2095 αὐτός,
815 2006 1019 2101 Νικόδημος,
1038 2003 1112 2075 ἀλλ’

162 2104 236 2178 ἀντὶ
253 2112 313 2177 τοῦ
329 2113 386 2196 τῆς
403 2106 509 2196 τήθης
524 2103 699 2195 όνόματος,
723 2117 756 2175 εδ
768 2134 818 2187 τις
840 2104 914 2197 ήδει
931 2103 1030 2177 τοῦθ’
1048 2101 1114 2175 ὑπό

36 2224 39 2230 “
161 2211 223 2278 τοῦ
247 2206 368 2298 πατρὸς
391 2216 543 2296 κείμενον
568 2206 687 2296 ταύτῃ,
719 2215 826 2294 Φίλην
852 2202 870 2277 ὁ
899 2204 983 2297 άνήρ
1010 2205 1114 2295 ὄνομα

164 2307 369 2397 ἐπεγράψατο
392 2307 478 2377 εἶναι
500 2303 602 2396 αὐτή,
631 2309 813 2379 καὶταῦτα
835 2306 1007 2397 λαγχάνων
1030 2303 1116 2397 αὐτή

162 2411 223 2478 τοῦ
244 2407 368 2532 κλήροή
389 2411 450 2478 τοῦ
471 2405 634 2501 πατρῴου.
679 2415 767 2488 τίνος
791 2411 913 2493 ἕνεκα;’
935 2402 957 2495 ή
978 2412 1037 2477 ἵνα
1060 2412 1115 2477 καὶ

162 2537 221 2579 τον
243 2512 301 2596 τῆς
323 2507 428 2598 τήθης
444 2504 603 2630 ὀνόματος
624 2512 686 2578 τοῦ
706 2503 772 2577 ὑπό
788 2536 850 2578 τον
865 2505 985 2599 πατρὸς
1002 2512 1114 2579 τεθέν

163 2638 217 2690 τος
239 2607 384 2731 άκληρον
410 2604 428 2678 ὁ
455 2605 540 2698 άνήρ
568 2607 801 2696 καταστήσειεν
818 2605 962 2680 εἶναι
925 2636 987 2696 την
1012 2604 1117 2678 κότου

113 2729 146 2781 33
162 2726 323 2796 γυναῖκας
347 2699 412 2799 άρά
426 2736 467 2797 γε
482 2705 558 2797 οάχί
576 2712 695 2797 δῆλον
714 2736 740 2778 ω
728 2698 929 2800 άνδρες,”
911 2737 961 2779 οτι
978 2703 999 2776 ά
992 2705 1115 2778 πάλαι

164 2837 256 2878 ουτοι
272 2811 476 2899 μαρτυροῦσι
492 2811 661 2898 γενέσθαι,
679 2813 790 2903 πολλοι
805 2811 963 2880 πλέον
921 2837 979 2896 της
996 2807 1116 2897 λήξεως

164 2937 224 2979 του
252 2906 377 2997 κλήρου
405 2906 572 2996 σύγκειται
601 2906 730 2996 αδτοῐς;
766 2906 870 2980 οδ
830 2937 894 2997 γαρ
920 2906 962 2979 άν
985 2936 1064 2978 ποτε
1086 2914 1120 2977 οἱ

164 3010 226 3098 μδν
249 3016 296 3089 εἰς
317 3006 380 3096 τήν
401 3007 543 3098 δεκάτην
572 3007 632 3100 (ὥς
655 3010 752 3100 φασι)
779 3011 957 3131 κληθέντες
977 3013 1035 3096 τῆς
1057 3037 1117 3078 του

164 3107 304 3232 Πύρρου
320 3108 513 3232 θυγατρός,
527 3106 707 3201 άδελφιδής
725 3111 762 3179 δὲ
778 3105 914 3196 τούτου,
940 3112 972 3192 ἐξ
991 3112 1060 3178 ἐκεί
1045 3116 1118 3195 ίνης

164 3213 221 3297 τῆς
237 3204 376 3332 ἡμέρας,
399 3205 470 3299 ήτις
492 3201 535 3299 ήν
557 3239 652 3301 ποτε,
674 3207 818 3300 άκριβιις
841 3217 888 3290 εἰς
909 3204 946 3278 τό
965 3207 1116 3330 δικρστή-

164 3338 237 3400 ριον
258 3299 341 3398 ήκον
366 3309 610 3402 μεμνημένοι
591 3341 643 3384 οτι
666 3311 886 3400 Κλειναρέτην
910 3304 930 3378 ό
951 3306 1057 3399 πατήρ
1081 3312 1119 3378 ἐν

113 3435 148 3486 34
164 3439 204 3501 τη
193 3408 386 3501 δεκάτη’
361 3411 547 3533 οινόρηνεν,
564 3419 601 3483 ολ
615 3408 647 3482 δ’
660 3408 850 3482 οἰκειότατοι
866 3437 934 3479 των
949 3405 1116 3494 άπάντοιν

164 3506 182 3581 δ
208 3510 315 3601 πατήρ
341 3507 437 3582 κάλ’
421 3541 440 3581 ο
465 3524 558 3594 θεῖος
582 3507 681 3582 καθ’
664 3540 683 3600 η
707 3509 812 3600 μήτηρ
834 3505 896 3581 οάκ
918 3505 961 3579 άν
981 3507 1056 3598 ήδει
1080 3506 1117 3577 τό
