2340 3916
10 266 13 273 1
97 145 100 150 ’
136 176 176 238 νο
480 183 729 242 mmor

53 424 56 429 1
135 337 641 426 τὸνκαλοῖέπὶτήνμαρτυρίανς
656 339 703 409 ἵν’
716 339 912 429 ὑμίνέπιδεί
899 352 972 432 ί,ξω
992 352 1085 427 οἴους

135 436 348 543 ἀπεργάζεται
360 438 562 562 ἀνθρώπους
573 466 609 507 το
599 439 822 563 ἐπιτήδευμα
833 452 948 527 τοῦτο,
968 442 1012 524 ὡς
1022 472 1084 511 κα-

135 538 384 623 ταφρονοῦντας
402 541 463 624 μέν
479 547 547 606 τῶν
564 547 670 624 θεῶν,
694 539 929 660 ὑπερορῶντας
948 544 984 610 δέ
1004 541 1086 620 τοὺς
1139 611 1146 620 ,

135 635 275 723 νόμους,
296 635 463 722 ὀλιγώρως
481 638 515 704 δὲ
528 643 661 723 ἔχοντας
672 636 755 722 πρός
767 638 899 706 ἅπασαν
911 639 1082 725 αἰσχύνην.

134 733 227 802 καλει
238 756 294 820 μοι
304 762 364 802 τον
369 733 610 820 Ἡγήσανδρον.
756 749 759 759 “

496 873 719 931 MAPTYPIA.
809 877 812 886 '

83 973 118 1029 90
217 957 433 1068 [Ηγήσρινδρος
451 969 580 1063 Διφίλου
596 958 743 1047 Στειριεὺς
764 972 911 1065 μαρτυρεῖ.
933 959 995 1026 ὅτε
1001 965 1084 1026 κατέ·
1105 970 1140 1024 68

174 1053 285 1109 πλευσα
297 1039 340 1120 εξ
342 1042 564 1150 Ελλησπόντορ,
587 1050 748 1130 κατέλαβον
762 1072 845 1153 παρα
833 1041 1085 1155 Πιτταλάκριτῷ

176 1135 302 1216 κυβευτῇ
320 1131 403 1213 διατρ
405 1127 544 1236 ίβοντα
517 1156 568 1194 τον
582 1136 727 1233 Τίμαρχον
743 1128 794 1196 τὸν
802 1128 970 1238 Ἀριζήλου,
988 1157 1039 1194 και
1029 1114 1086 1233 έξ

84 1227 117 1281 91
176 1215 332 1291 ἐκείνης
297 1237 348 1290 της
361 1214 494 1324 γνάρεως
497 1214 675 1317 έχρηοάμην
694 1216 830 1317 Τιμάρχῳ
843 1213 998 1298 ὁμιλῶν
962 1241 998 1300 τη
1010 1209 1085 1302 αὑτή

175 1295 289 1381 χρήσει,
310 1292 329 1385 ᾗ
342 1301 392 1363 καὶ
404 1294 436 1363 τό
447 1297 589 1383 πρότερον
599 1281 819 1382 Λεωδάμαντι]
977 1326 982 1333 ·

218 1419 319 1489 οὐκ’
300 1420 460 1508 ηγνόονν,
474 1419 524 1488 ὅτι
536 1418 736 1506 ὑπερόψεται
747 1419 931 1507 τδνόρκον,
945 1423 969 1486 ἀ
959 1412 1084 1505 Ἀθη-
1100 1435 1133 1489 69

132 1533 235 1605 ναῖοι,
249 1517 331 1587 ἀλλά
346 1520 400 1587 καὶ
412 1533 571 1606 προεῖπον
585 1516 673 1604 ὑμῖν.
698 1518 830 1586 κάκεῖνο
843 1521 880 1586 δέ
889 1546 945 1605 μοι
957 1519 1084 1604 πρόδη-

132 1615 193 1685 λόν
204 1622 307 1701 ἐστιν,
326 1617 393 1702 ὅτι,
412 1614 522 1703 ἐπειδή
536 1624 602 1684 νῦν
614 1614 676 1684 οὐκ
688 1619 796 1685 ἐθέλει
806 1631 1001 1702 μαρτυρεῖν,
1020 1613 1083 1682 αό-

131 1722 205 1782 τίκα
217 1717 370 1801 πάρεισιν
381 1720 417 1783 ἐν
427 1723 469 1803 τή
489 1715 660 1804 ἀπολογία.
683 1717 738 1783 καὶ
749 1714 849 1784 οὐδέν
860 1713 905 1801 μά
916 1722 982 1783 Δία
993 1725 1083 1782 θαυ-

131 1813 270 1900 μαστόν·
284 1813 483 1902 ἀναβήσεται
491 1812 557 1931 γάρ
568 1813 647 1900 ὑμῖν
661 1819 760 1942 δεὺρρ
773 1813 992 1903 πιστεὺωντῷ
1004 1815 1083 1881 έαυ-

80 1930 117 1986 92
130 1939 195 1986 τον
179 1919 287 2000 βίῳ,
314 1910 400 1999 ἀνήρ
419 1910 520 1990 καλός
537 1911 687 1999 κάγαθός
707 1914 761 2009 καὶ
783 1912 1006 1998 μισοπόνηρος
1027 1917 1081 1979 καὶ

130 2009 190 2078 τόν
200 2008 459 2095 Λεωδαμαντα
439 2033 528 2090 οστις
540 2040 584 2098 ην
597 2039 638 2079 ου
649 2035 860 2101 γιγνωσκοιν
878 2004 976 2102 ἐφ’
947 2039 972 2078 ω
990 2010 1083 2098 ὑμεῖς

34 2112 38 2117 ’
131 2109 361 2194 ἐθορυβήσατε
379 2116 435 2193 τής
452 2119 633 2194 μαρτυρίας
655 2108 995 2199 ἀναγιγνωσκομένης.
1016 2105 1082 2227 ἀρά
1100 2131 1133 2185 70

130 2233 168 2292 γε
190 2206 448 2328 προαχθήσομαί
465 2235 496 2275 τι
518 2213 724 2328 σαφέστερον
745 2209 893 2279 είπεῐν“
870 2238 891 2296 η
913 2209 995 2279 κατά
1019 2209 1082 2294 τήν

130 2309 278 2390 ἐμαυτοῦ
287 2306 410 2390 φύσιν;
433 2313 546 2375 είπατέ
554 2335 610 2394 μοι
622 2306 704 2395 πρὸς
714 2335 774 2375 τον
763 2306 869 2388 Διὸς
879 2311 933 2377 και
944 2334 1012 2375 των
1021 2306 1083 2378 ἀλ,-

44 2429 49 2437 ·
79 2415 82 2421 ’
131 2415 320 2493 λωνθεοῖν,
347 2400 568 2494 τέἈθηναϊοι,
586 2407 726 2488 ὅστις
687 2436 792 2477 αυτον
804 2409 988 2498 κατῄσχυνε
999 2409 1083 2493 πρὸς

126 2503 373 2592 Ἡγήσανδρον,
396 2506 438 2575 ου’
456 2513 548 2576 δοκεῖ
562 2504 1081 2594 ὑμϊνπρόςτὸνίτόρνονπεπορ-

131 2612 289 2685 νεὺσθαι;
320 2601 342 2690 ή
368 2613 459 2686 τίνας
489 2603 614 2685 αὑτοὺς
643 2605 705 2674 οὑκ
734 2605 867 2692 οἰόμεθ’
894 2603 1081 2691 ὑπερβολὰς

129 2713 296 2771 ποιεῖσθαι
312 2708 488 2791 βδελυρίας
505 2714 748 2789 παροινοῦντας
764 2708 818 2772 καὶ
837 2711 1081 2791 μουουμένους;

129 2801 192 2869 οὑκ
204 2812 315 2869 οίεσθε
325 2803 385 2870 τὸν
400 2802 630 2891 Ἡγήσανδρον
647 2800 921 2888 ἀπολογούμενον
929 2799 987 2880 τάς
999 2802 1082 2886 πρὸς

57 2913 64 2925 “
80 2921 115 2976 93
131 2899 191 2967 τόν
206 2901 432 2987 Λεωδάμαντα
449 2901 581 2984 προέξεις
598 2903 657 2980 τάς
678 2904 911 2993 περιβοήτους,
933 2900 972 2982 ἀς
989 2896 1082 2989 ὑμεῖς
1138 2899 1141 2903 ’

128 2999 270 3081 ἅπαντες
286 3002 437 3095 σύνιστε,
459 2999 658 3088 ὑπερήφανα
674 2999 713 3069 τά
732 3003 932 3088 ἐπιτάγματα
949 3002 1078 3069 ἐπιτάτ-

128 3125 212 3186 τειν,
225 3095 269 3177 ἀς
279 3114 349 3178 ταῖς
359 3099 482 3166 τούτου
493 3096 690 3188 ὑπερβολαῖς
702 3098 806 3167 αὐτόν
817 3100 954 3180 δόξοντα
967 3102 1082 3186 μέτρια

128 3201 387 3283 διαπεπρᾶχθαιξ
410 3195 484 3265 ἀλλ’
504 3196 592 3284 ὅμως
609 3197 751 3285 ὄψεσθε,
775 3198 826 3267 ὅτι
842 3200 897 3265 καὶ
908 3198 996 3284 μάλα
1009 3200 1081 3265 ἐπι·
1098 3213 1128 3269 71

78 3313 113 3369 94
129 3304 279 3382 στρεφῶς
300 3298 354 3363 καὶ
376 3299 556 3383 ῥητορικῶς
577 3294 676 3376 αὑτός
693 3293 783 3365 καὶὸ
806 3293 950 3382 ἀδελφός
975 3294 1082 3363 αὑτοῦ

102 3431 106 3437 ·
127 3395 316 3480 Κρωβύλος
330 3390 447 3461 αὐτίκα
465 3395 554 3498 μάλα
572 3401 671 3477 δεῦρο
690 3393 962 3482 ἀναπηδήσαντες
978 3402 1081 3462 ταῦτα
