2340 3916
318 216 449 272 ΚΑΤΑ
470 215 849 275 ΚΤΗΣΙΦΩΝΤΟΣ.
988 212 1049 275 145

96 374 254 442 σπεύδων
266 371 297 440 δ’
317 379 422 441 είπεῑν
432 375 507 456 περὶ
518 378 576 457 της
586 381 783 459 θαυμαστῆς
794 381 979 460 συμμαχίας
991 381 1050 460 τῆς

96 482 164 541 τοῖν
186 479 358 559 Θηβαίων,
380 468 425 540 ἵν’
451 475 567 558 ἐφεξῆς
587 480 685 552 είπω,
708 473 871 557 περὶτῶν
890 471 1050 559 Εὐβοέων

97 573 486 658 πρῶτοιεμνησθήσομαι.

43 683 78 738 85
176 669 280 756 Ὑμεῖς
289 669 366 754 γάρ,
379 661 601 754 οἷἈθηναῑοι,
611 667 718 734 πολλοὶ
730 668 785 735 καὶ
796 668 921 753 μεγάλα
933 664 1050 753 ήδικη-

96 774 189 851 μένοι
208 766 273 834 ὑπὸ
293 766 503 852 Μνησάρχου
520 771 582 831 τοῦ
597 767 802 850 Χαλκιδέως,
824 771 885 831 τοῦ
902 771 1050 833 Καλλίου

97 868 151 933 καὶ
177 868 436 951 Ταυροσθένους
457 861 596 950 πατρὸς,
626 861 685 942 οὓς
706 856 804 942 οὗτος
825 867 903 932 νυνὶ
923 862 1048 950 μισθὸν

97 961 209 1049 λαβών
217 961 417 1049 Ἀθηναίους
432 961 515 1029 εἶναι
524 969 629 1051 τολμᾷ
640 961 793 1050 γράφειν,
805 966 860 1030 καί
871 963 972 1030 πάλιν
982 960 1047 1029 ὑπὸ
1065 980 1118 1038 479

98 1065 286 1143 Θεμίσωνος
308 1067 367 1128 τοῦ
387 1059 588 1146 Ἐρετριέως,
618 1057 654 1138 ὃς
674 1058 770 1147 ήμοδν
792 1064 924 1148 εἰρήνης
945 1059 1048 1145 οὔσης

94 1156 245 1241 ’έδρωπόν
272 1158 441 1245 ἀφείλετο,
476 1160 605 1228 τούτων
638 1161 768 1240 ἑκόντες
800 1160 1047 1247 ἐπιλαθόμενοι,

97 1256 207 1342 ἐπειδή
226 1260 384 1344 διέβησαν
402 1264 448 1337 είς
466 1257 617 1345 Εὔβοιαν
635 1266 774 1346 Θηβαῖοι
791 1260 1048 1328 καταδουλωσα-

95 1369 177 1424 σθαι
194 1357 251 1435 τάς
270 1359 382 1436 πόλεις
399 1359 614 1444 πειρώμενοι,
637 1362 673 1427 έν
690 1362 787 1426 πέντε
797 1357 932 1446 ἡμέραις
949 1363 1046 1447 ἐβοη-

96 1455 221 1540 θήσατε
233 1452 344 1534 αὐτοῖς
356 1457 411 1523 καί
422 1458 520 1524 ναυσί
532 1459 586 1524 καὶ
597 1462 711 1544 πεζικῇ
721 1456 876 1544 δυνάμει,
899 1461 954 1526 καὶ
966 1462 1046 1545 πρὶν

95 1552 271 1638 τριάκονθ’
301 1552 424 1642 ἡμέρας
452 1561 598 1624 διελθεῖν
620 1554 854 1636 ὑποσπόνδους
879 1566 1046 1645 Θηβαίους

96 1651 254 1739 άφήκατε,
268 1654 379 1739 κύριοι
389 1661 447 1739 τής
456 1650 600 1739 Εὐβοίας
608 1654 792 1741 γενόμενοι,
805 1657 860 1722 καὶ
870 1656 928 1734 τάς
936 1683 972 1724 τε
982 1658 1047 1724 πό-

96 1762 161 1831 λεις
177 1751 281 1832 αὐτάς
298 1756 352 1821 καί
370 1752 428 1831 τάς
445 1758 610 1830 πολιτείας
630 1750 768 1820 ἀπέδοτε
789 1750 902 1839 ὀρθῶς
923 1758 978 1822 καὶ
995 1762 1046 1823 δι-
1062 1773 1114 1831 489

96 1856 195 1930 καίως
214 1866 282 1929 τοις
293 1855 635 1970 παρακαταθεμένοις,
653 1848 714 1974 οὐχ
724 1848 905 1989 ήχοάμενοι
917 1857 1046 1921 δίκαιον

41 2073 77 2126 35
95 2052 149 2116 καὶ
166 2047 342 2136 τηλικαῦθ’
363 2046 423 2136 ὑφ’
443 2076 540 2136 υμων
556 2076 595 2117 ευ
584 2041 863 2130 πεπονθότεςοί
872 2055 1045 2129 Χαλκιδεῖς

95 2175 134 2215 ου
156 2146 213 2226 τάς
234 2146 392 2234 ὁμοίας
373 2164 452 2235 υμῖν
474 2147 643 2217 άπέδοσαν
663 2147 812 2236 χάριτας,
836 2148 909 2218 ἀλλ’
932 2148 1043 2236 ἐπειδη

94 2245 227 2364 τάχιστα
238 2250 366 2334 διέβητε
376 2254 421 2327 είς
431 2247 582 2369 Εὔβοιαν
590 2249 793 2337 Πλουτάρχῳ
805 2250 1042 2372 βοηθήσοντες,

94 2347 171 2424 τους
190 2346 250 2454 μὲν
267 2348 421 2431 πρώτους
436 2349 579 2433 χρόνους
596 2345 672 2416 άλλ’
690 2351 753 2415 σάν
776 2346 1041 2430 προσεποιοῦνθ’

93 2443 172 2530 ὑμῖν
185 2444 269 2512 εἶναι
288 2451 396 2532 φίλοι,
419 2445 530 2534 ἐπειδὴ
551 2451 586 2514 δὲ
598 2447 731 2532 τάχιστα
742 2452 788 2524 είς
805 2447 961 2566 Ταμύνας
976 2470 1042 2513 πα-

94 2545 264 2628 ρηλθομεν
274 2543 374 2610 καλ
339 2570 376 2610 το
389 2545 579 2611 Κοτύλαιον
590 2542 868 2629 ὀνομαζόμενον”
848 2569 926 2627 ορος
936 2542 1041 2627 ὑπερ-

92 2643 290 2727 εβάλλομεν,
309 2645 457 2710 ἐνταῦθα
468 2641 855 2729 ΚαλλίαςὸΧαλκιδεύς,
872 2639 914 2711 ὃν
923 2653 1042 2730 Δημο-

38 2764 73 2819 87
90 2743 214 2826 σθένης
228 2739 355 2826 μισθὸν
373 2743 485 2829 λαβὼν
496 2748 728 2829 ἐνεκωμίαζεν,
751 2739 888 2827 ὁρῶντὸ
903 2745 1042 2830 στρατό-

91 2848 194 2910 πεδον
204 2841 241 2910 τό
258 2850 316 2928 τῆς
332 2843 459 2922 πόλεως
477 2854 522 2922 είς
535 2869 626 2922 τινας
636 2848 818 2929 δυσχωρίας
829 2852 1039 2931 κατακεκλη-

91 2946 207 3026 μένον,
233 2942 317 3010 ὅθεν
332 2941 377 3028 μή
396 2944 550 3028 νικήσασι
567 2943 676 3029 μάχην
692 2939 754 3009 οὐκ
771 2934 815 3028 ήν
835 2940 1041 3028 άναχωρησις

91 3039 168 3108 οὐδὲ
175 3048 333 3128 βοηθείας
345 3045 434 3122 ἐλπίς
445 3040 511 3109 οὔτ’
525 3045 561 3110 ἐκ
570 3051 631 3127 μής
641 3039 708 3108 οὔτ’
719 3044 756 3109 ἐκ
767 3041 945 3127 θαλάττης,
957 3061 1041 3108 συν·
1056 3055 1108 3115 481

91 3148 223 3224 αχείρας
256 3145 289 3221 ἐξ
322 3140 450 3228 ἁπάσης
476 3149 533 3228 τῆς
559 3139 705 3228 Εὐβοίας
734 3140 958 3222 στρατόπεδον
985 3141 1041 3207 καὶ

91 3237 179 3325 παρά
200 3245 368 3307 Φιλίππου
386 3241 531 3326 δύναμιν
552 3237 948 3326 προσμεταπεμψάμενος,
971 3236 1039 3305 ὅτ’

90 3335 234 3422 άδελφὸς
257 3336 363 3406 αὐτοῦ
386 3340 641 3424 Ταυροσθένης,
670 3364 687 3404 ο
706 3338 784 3404 νυνι
808 3334 934 3414 πάντας
955 3340 1042 3415 δεξι-

89 3437 230 3522 ούμενος
247 3439 301 3505 καὶ
318 3447 530 3525 προσγελῶν,
553 3463 633 3516 τους
650 3433 824 3514 Φωκικους
841 3436 956 3513 ξένους
968 3437 1045 3498 διοι-

130 3533 290 3586 Αεειιιωιειι.
857 3522 906 3582 m
