2340 3916
314 241 446 298 RATA
467 240 849 317 αεσειωωκτοε.
1001 236 1062 300 195

107 398 319 490 ἀνθρώπων,
332 398 416 471 ἀλλά
428 423 518 485 παρα
536 405 606 466 τῶν
616 398 858 482 πρωτευόντων
869 403 906 467 ἐν
919 398 1059 489 τῇἈσίηι
1076 405 1129 463 642

110 504 164 569 καί
175 511 216 590 τῇ
228 501 391 589 Εὐρώπης
413 499 469 568 καὶ
481 496 531 584 ἐφ’
543 493 592 576 οἷς
605 499 693 564 ἐστιν
705 501 741 564 ἐκ
758 504 828 564 τῶν
837 496 952 583 νόμων
964 502 1059 584 ζημία

108 602 273 687 θάνατος,
285 601 391 670 ταῦτά
401 625 488 678 τινες
501 595 563 667 οὐκ
574 601 791 681 ἐξαρνοῦνται
802 599 975 690 πράττειν,
987 597 1056 668 ἀλλ’

109 695 329 785 ὁμολογοῦσιν
340 704 377 767 ἐν
387 706 435 788 τῶ
453 697 563 786 δήμῳ,
585 695 709 775 καὶτὰς
720 693 893 775 ἐπιστολὰς
904 694 1058 783 ἀλλήλοις

108 797 504 882 παραναγιγνώσκουσιν,
536 795 592 861 καὶ
621 793 903 879 παρακελεύονται
925 789 1006 879 ὑμῖν
1026 798 1061 862 οἱ

107 893 167 978 μὲν
184 896 319 979 βλέπειν
335 899 381 972 είς
397 891 438 961 τά
460 895 588 961 ἐαυτῶν
605 889 767 977 πρόσωπα
785 886 828 968 ῶς
844 889 989 976 φύλακες
1000 897 1057 978 τῆς

109 997 337 1079 δημοκρατίας,
350 995 455 1077 ἕτεροι
468 989 500 1059 δ’
512 996 640 1059 αἰτοῦσι
652 986 779 1075 δωρεὰς
789 987 833 1067 ῶς
845 997 989 1075 σωτῆρες
999 997 1057 1075 της

50 1105 88 1157 151
107 1091 233 1170 πόλεως
246 1090 349 1169 ὄντες.
383 1088 400 1159 ὁ
413 1091 448 1159 δὲ
460 1095 562 1176 δῆμος
579 1092 614 1156 ἐκ
625 1095 684 1175 τῆς
694 1084 841 1173 ἀθυμίας
850 1094 919 1154 τῶν
931 1093 1056 1173 συμβε-

105 1190 259 1280 βηκότων
277 1188 386 1277 ῶσπερ
404 1188 684 1274 παραγεγηρακώς
704 1181 727 1272 η’
747 1192 929 1272 παρανοίας
951 1189 1056 1254 ἑαλω-

107 1293 173 1371 κώς
185 1289 265 1358 αὐτὸ
284 1289 390 1376 μόνον
407 1285 555 1372 τοῦνομα
573 1293 632 1371 τῆς
643 1289 864 1370 δημοκρατίας
875 1297 1055 1370 περιποιεῖ-

105 1417 168 1476 ται,
181 1395 248 1456 τῶν
260 1387 290 1455 δ’
301 1394 408 1475 ἔργων
417 1391 537 1473 ἑτέροις
546 1385 831 1471 παρακεχώρηκεν.
851 1382 945 1452 ἔπειτ’
952 1382 1055 1468 ἀπέρ-

105 1496 206 1572 χεσθε
218 1482 566 1572 ἐκτῶνέκκλησιῶνού
574 1483 848 1570 βουλευσόμενοι,
860 1480 928 1549 ἀλλ’
942 1480 1053 1563 ώσπερ

50 1597 87 1648 σλ
106 1591 141 1653 ἐκ
152 1595 220 1654 τῶν
231 1587 377 1672 ἐράνων,
388 1583 428 1653 τά
438 1584 595 1672 περιόντα
606 1584 807 1669 νειμάμενοι.
832 1581 883 1650 ότι
894 1579 929 1648 δ’
942 1580 983 1648 οὐ
995 1590 1055 1668 λη-
1071 1585 1124 1642 643

106 1691 164 1769 ρῶ,
178 1689 306 1752 ἐκείθεν
317 1681 491 1768 τὸνλόγον
501 1683 702 1768 θεωρήσατε.
726 1680 855 1766 ἐγένετό
866 1706 929 1764 τις,
949 1678 1055 1764 ἀχθο-

105 1806 162 1863 μαι
177 1783 212 1847 δὲ
229 1782 386 1858 πολλάκις
403 1784 608 1865 μεμνημένος
625 1776 683 1856 τάς
702 1776 835 1863 ἀτυχίας
846 1786 903 1863 τῆς
914 1777 1052 1862 πόλεως,

105 1875 238 1943 ἐνταῦθ’
258 1875 343 1963 ἀνὴρ
363 1877 511 1963 ἰδιώτης,
534 1873 571 1955 ὃς
588 1880 721 1944 ἐκπλεῖν
739 1876 847 1961 μόνον
867 1882 913 1955 είς
933 1877 1054 1963 Σάμον

105 1973 312 2061 ἐπιχειρήσας
335 1972 379 2054 ῶς
406 1974 571 2061 προδότης
594 1982 653 2062 τῆς
680 1980 837 2057 πατρίδος
858 1972 1053 2061 αὐθημερὸν

105 2067 168 2138 ὑπὸ
188 2081 244 2158 της
261 2076 292 2152 ἐξ
309 2071 436 2156 Ἀρείου
453 2074 566 2159 πόγου
584 2081 707 2161 βουλῆς
724 2074 863 2162 θανότῳ
876 2075 1052 2161 ἐζημιώθη.

102 2173 212 2252 ἕτερος
224 2169 254 2236 δ’
269 2171 400 2258 ἰδιώτης
412 2170 595 2251 ἐκπλεύσας
606 2169 790 2257 είςῬόδον,
809 2172 861 2240 ὅτι
872 2171 933 2240 τὸν
942 2172 1053 2259 φόβον

105 2266 278 2358 ἀνανδρως
289 2270 425 2358 ἤνεγκε,
444 2271 561 2361 πρώην
573 2272 651 2340 ποτὲ
663 2275 860 2358 εἰσηγγέλθη
872 2273 926 2339 καὶ
940 2281 1008 2339 ίσαι
1019 2277 1055 2338 αί

103 2378 208 2455 υηφοι
216 2367 306 2459 αὐτῷ
312 2374 463 2454 ἐγένοντο
474 2396 481 2409 ·
494 2376 524 2438 εἰ
534 2371 569 2439 δέ
576 2377 633 2457 μία
641 2370 940 2456 μόνονμετέπεσεν,
948 2367 1052 2456 ὑπερ·
1070 2389 1122 2443 644

51 2485 85 2540 53
104 2465 212 2551 ώριστ’
226 2463 270 2534 ἀν
291 2463 312 2552 η’
335 2466 515 2535 ἀπέθανεν.
549 2468 742 2555 ἀντιθῶμεν
761 2467 848 2555 δητδ
861 2476 927 2536 νόν
936 2470 1053 2554 γιγνό-

100 2592 210 2651 μενον.
231 2563 317 2650 ἀνὴρ
330 2564 477 2651 ῥήτωρ,ὁ
491 2567 627 2633 πάντων
637 2573 706 2633 τῶν
717 2574 831 2633 κακῶν
842 2575 953 2652 αίτιος,
964 2572 1053 2635 ἔλιπε

101 2667 162 2746 μὲν
173 2663 234 2748 την
245 2661 309 2730 ἀπὸ
324 2665 548 2748 στρατοπέδου
560 2665 669 2749 τάξιν,
689 2661 815 2748 ἀπέδρα
828 2661 860 2731 δ’
872 2668 908 2731 ἐκ
919 2672 977 2750 τῆς
988 2664 1052 2732 πό-

102 2771 196 2839 λεως·
220 2753 317 2841 οὗτος
335 2771 585 2846 στεφανοῦσθαι
602 2761 753 2844 ἀξιοίκαὶ
764 2762 989 2849 κηρύττεσθαι
1001 2776 1051 2832 οῖ’-

101 2886 169 2926 εται
187 2865 265 2927 δεῖν.
297 2857 359 2927 οὐκ
376 2858 583 2946 ἀποπέμψετε
600 2859 660 2928 τόν
676 2861 860 2947 ἄνθρωπον
878 2859 921 2941 ῶς
932 2863 1050 2948 κοινὴν

100 2958 341 3047 τῶνἙλλήνων
357 2962 556 3046 συμφοράνς
588 2957 610 3048 ἢ
629 2962 853 3049 συλλαβόντες
871 2961 914 3042 ῶς
925 2963 1048 3052 ληστην

100 3066 168 3126 τῶν
180 3061 398 3146 πραγμάτων,
411 3057 458 3129 ἐπ’
471 3059 647 3146 όνομάτων
659 3058 711 3129 διά
724 3070 782 3148 της
794 3070 957 3142 πολιτείας
969 3067 1047 3130 πλέ-

50 3171 82 3227 54
100 3184 197 3241 οντα,
220 3159 467 3245 τιμωρήσεσθες
500 3161 554 3226 καλ
572 3157 632 3226 τὸν
649 3160 767 3246 καιρὸν
784 3159 851 3246 μην
864 3160 1046 3247 μνήσθητε,
1064 3179 1115 3234 645

100 3259 137 3322 ἐν
150 3246 248 3344 ώτην
259 3263 374 3340 ψῆφον
388 3261 512 3343 φέρετε.
535 3255 668 3343 ἡμερῶν
680 3256 740 3342 μὲν
756 3255 878 3342 ὀλίγων
888 3261 997 3343 μέλλει
1008 3253 1047 3324 τά

97 3356 214 3422 Πύθια
237 3359 484 3439 γίγνεσθαικαὶ
503 3354 538 3425 τὸ
558 3360 734 3439 συνέδριον
745 3354 781 3423 τό
800 3355 1048 3443 τῶνἙλλήνων

98 3461 334 3536 συλλέγεσθαι·
369 3457 580 3541 διαβέβληται
602 3451 633 3522 δ’
651 3451 747 3538 ἡμῶν
769 3450 790 3539 ἡ
813 3452 912 3599 πόΧλἋιςι
929 3457 967 3518 ἐκ
983 3463 1053 3517 τῶν
