2340 3916
144 173 289 234 XXXIV
332 183 463 233 secun.
480 181 686 232 onnrrouun
702 180 878 229 nnuvrrun
892 179 1015 229 nescu.

230 344 362 423 Quintil.
385 343 463 404 Inst.
487 363 531 402 or.
553 342 594 416 X,
620 343 647 416 1,
672 342 727 402 77:

230 447 338 507 Dulcis
360 446 393 505 in
415 447 520 525 primis
544 452 575 505 et
596 452 702 505 acutus
724 441 912 524 Hyperides,
935 443 990 503 sod
1013 443 1114 505 mino·

145 532 228 594 ribus
246 534 355 606 causis,
378 540 497 591 utnon
521 529 649 590 dixerim
670 529 784 604 utilior,
808 531 905 608 magis
927 549 993 608 par.

526 750 728 759 —n--n—

187 921 488 998 ARGUMENTA
521 919 799 994 ORATIONUM
830 919 1074 994 BREVITER

491 1055 764 1132 nnsonlpnt.

578 1211 684 1224 Μυννν

231 1300 284 1362 Or.
313 1302 339 1361 I.
389 1298 615 1360 Demosthenes
643 1319 736 1378 quum
763 1299 856 1378 vulgo
884 1319 1044 1359 munerum
1075 1301 1115 1360 ab

145 1387 283 1466 Harpalo
312 1393 506 1465 acceptorum
534 1393 729 1464 argueretur,
759 1386 950 1464 rogationem
978 1385 1050 1445 tulit
1081 1396 1117 1446 ut

145 1472 336 1551 Areopagus,
357 1472 406 1532 cui
427 1471 529 1550 priore
551 1471 647 1549 ipsius
670 1472 830 1549 rogatione
853 1469 892 1530 de
915 1472 998 1531 omni
1019 1490 1114 1549 pecu·

145 1559 198 1618 nia
219 1558 360 1638 Harpali,
383 1575 463 1636 quae
487 1556 525 1616 de
547 1576 663 1616 summa
680 1554 800 1630 deerat,
824 1557 962 1635 quaestio
987 1556 1114 1616 deman-

147 1644 219 1704 data
241 1651 316 1717 erat,
341 1642 380 1702 de
402 1662 436 1702 se
458 1641 639 1701 nominatim
654 1649 825 1721 quaereret,
850 1643 957 1721 capitis
980 1661 1116 1721 poenam

146 1727 205 1789 sibi
218 1730 367 1808 irrogans,
383 1729 410 1787 si
424 1727 606 1806 Areopagus
622 1747 722 1787 noxae
737 1747 771 1787 se
786 1728 984 1806 coarguisset.
1014 1726 1114 1788 Areo·

145 1816 269 1894 pagitae
293 1814 346 1874 diu
369 1813 505 1874 cunctati
525 1812 652 1872 tandem
676 1813 714 1873 de
736 1813 780 1873 eis
803 1812 857 1893 qui
877 1833 1005 1873 munera
1027 1834 1115 1874 acce-

146 1901 264 1979 pissent
287 1899 327 1960 ad
349 1898 498 1979 populum
519 1897 703 1972 retulerunt,
730 1900 908 1977 intorques
930 1899 1114 1960 Demosthe·

146 2005 201 2045 nes
224 1984 289 2044 XX
311 1985 462 2044 talentum
484 1983 608 2043 nomine
623 1985 754 2063 scriptus
772 1991 846 2044 erat.
883 1984 993 2063 Itaque
1016 1984 1055 2043 de
1078 2006 1115 2044 eo

146 2071 317 2150 ceterisque
339 2090 377 2130 ex
397 2069 581 2149 populiscito
598 2069 744 2129 iudicium
762 2070 929 2130 exereitum
947 2077 1005 2144 est,
1029 2070 1116 2130 mille

145 2157 324 2235 quingentis
350 2154 567 2228 iudicantibus,
591 2153 818 2215 accusatoribus
842 2155 947 2216 decem
969 2175 1007 2215 ex
1029 2176 1116 2216 more

146 2241 329 2301 constitutis.
365 2240 453 2300 Inter
467 2258 544 2319 quos
568 2240 675 2299 cumis
692 2240 759 2314 fuit,
783 2241 833 2300 cui
846 2240 1023 2301 Dinarchus
1046 2262 1114 2301 ora·

144 2327 261 2386 tionem
295 2325 396 2386 adhuc
429 2333 581 2386 servatam
609 2326 799 2402 conscripsit,
833 2333 898 2385 tum
923 2325 1114 2407 Hyperiden

145 2412 240 2471 iratus
265 2411 468 2472 Demostheni
495 2410 579 2490 quod
604 2411 794 2490 praeclaram
821 2412 1012 2472 occasionem
1039 2409 1117 2472 belli

146 2518 209 2557 una
223 2517 292 2558 cum
306 2497 444 2576 Harpalo
468 2504 573 2556 contra
587 2495 802 2558 Alexandrum
816 2496 1006 2578 suscipiendi
1028 2499 1117 2576 regia

145 2583 278 2662 pecunia
293 2591 486 2662 corruptuse
507 2581 648 2641 manibus
671 2582 828 2642 omisisset.
872 2582 1027 2644 Damnate
1049 2582 1115 2644 De·

214 2768 291 2818 Inter
313 2767 448 2819 Romanos
473 2767 570 2818 Cicero
594 2765 764 2834 Hyperidem
791 2782 890 2833 saepe,
918 2766 966 2819 sed
992 2768 1117 2820 breviter

146 2851 275 2980 pempppgt
282 2840 488 2970 prpmmempryrrt5
518 2835 720 2954 decdxdnlg’
713 2838 787 2898 ,.28
780 2831 984 2955 :dswalwem
1003 2833 1117 2955 fineis·

159 2917 226 2966 eas
263 2905 394 2957 55555555
458 2917 560 2965 siano
745 2917 878 2967 eneas
915 2917 986 2955 rnrn
1032 2917 1106 2956 esce

146 2984 205 3036 nes,
216 2970 272 3023 eirn
285 2968 398 3025 Demos
399 2969 481 3023 henes
492 2940 598 3023 hdhnit.
615 2915 743 3022 —Brpp
756 2972 818 3024 2855
839 2969 1009 3038 (Demetrius
1021 2972 1117 3049 Phal)

148 3042 187 3092 est
204 3037 345 3105 floridior,
367 3035 689 3104 attractionem
705 3036 879 3106 Hyperides,
869 3053 984 3170 ,prora
1002 3037 1116 3106 Lysias.

149 3135 180 3145 -
206 3107 284 3161 Orat.
303 3111 349 3161 00.
374 3104 478 3173 Iaysioa
495 3105 564 3158 satio
581 3106 712 3172 (facetus
737 3109 763 3160 et
775 3105 890 3184 Hyperi
975 3104 1118 3163 Demades

144 3180 257 3242 praeter
279 3179 379 3230 ceteros
401 3172 504 3238 fertur,
528 3106 724 3228 Derhosthendo
741 3172 834 3229 minna
850 3173 1028 3228 5555555555.-
1052 3179 1116 3233 11ος

148 3245 312 3308 (Demosthh
334 3240 408 3295 nihil
429 3241 535 3321 Lysim
560 3241 714 3296 subtilitate
736 3240 822 3307 cedit,
848 3242 922 3296 nihil
945 3258 979 3296 ur
997 3242 1066 3296 otiis
1090 3250 1117 3298 et

147 3311 275 3366 oramine
292 3307 443 3380 Hyperidi,
460 3309 534 3364 nihil
551 3309 679 3365 laevitate
696 3280 830 3365 Aeschini
847 3315 872 3364 55
888 3309 968 3378 splen
990 3325 1035 3364 ore
1056 3327 1116 3365 oer-

146 3379 304 3432 0055555.-
329 3380 398 3431 Cum
415 3381 501 3446 Lysia
519 3381 592 3448 Hyp.
610 3381 782 3447 componitur
801 3381 886 3432 etiam
903 3383 982 3433 Brut.
1001 3383 1046 3444 673
1066 3383 1114 3444 683

145 3465 204 3499 cum
221 3448 407 3500 Demosthene
426 3449 484 3503 ibd.
501 3451 564 3511 2903
587 3449 623 3500 ab
645 3453 761 3512 utroque
782 3447 864 3502 valde
889 3447 993 3501 distare
1012 3447 1116 3503 dicitur

139 3517 253 3570 285.-
222 3517 442 3586 -Quintilieni
460 3523 607 3590 praetereo
624 3517 754 3572 conferes
773 3517 862 3570 locum
879 3517 1068 3584 X11,1o‚2e.
