2340 3916
235 187 326 239 ΠΕΡΙ
345 185 420 238 ΤΗΣ
438 184 540 237 ΠΡΟΣ
558 185 694 237 ΛΑΚΕΔ.
712 186 889 241 ΕΙΡΗΝΗΣ,
1005 186 1044 249 77

80 335 227 417 δαίμονα
259 328 313 395 διά
338 326 457 414 ταῦθ’,
489 331 547 396 ἵνα
572 327 617 444 μή
643 326 744 396 πόλιν
770 328 1044 454 ἐπαναφέρωμεν.

81 431 144 517 τήν
162 455 197 498 τε
223 426 454 517 ἀσφάλειαν’
434 430 532 554 ημῶν
548 430 607 516 τής
627 431 846 518 ἐπαναφορᾶς
869 429 982 511 δέος’
966 443 1047 500 ονο-

80 533 239 620 μάζουσι,
258 530 458 661 λέγοντες
432 558 478 611 ως
497 528 612 611 ούδείς
627 531 761 601 πώποτε
774 531 836 601 τόν
853 534 960 620 δήμου
978 535 1047 601 τῶν

78 634 309 721 Ἀθηναίων’
292 660 328 702 εκ
345 636 406 702 τού
422 659 573 723 φανερου
560 636 708 729 πείσας
728 640 872 722 ἔσωσεν,
890 633 977 702 ἀλλά
995 639 1050 703 δεῖ

82 735 253 814 λαθόντας
281 729 301 822 ή
321 733 654 861 ἐξαπατήσαντας’
611 735 718 805 αυτόν
742 726 781 805 εὖ
808 738 950 822 ποιήσαι.
986 735 1048 804 τόν

82 838 184 924 λόγον
202 828 267 905 ούν
284 839 408 905 τούτου
426 835 490 906 ούκ
516 839 651 906 ἐπαινῶ.
688 836 833 926 φημὶ
793 864 876 965 γαρ,
902 827 928 905 ἀ
944 836 1047 926 Ἀθη-
1065 856 1099 904 34

81 953 172 1007 ναῖοι
181 940 356 1026 ,πολέμου
372 937 467 1026 μέν”
449 966 546 1020 οντος
563 937 673 1064 ἀνδρα
687 939 876 1030 στρατηγὸν
893 940 935 1029 τῇ
955 939 1055 1008 πόλει

82 1068 118 1110 τε
136 1038 261 1110 έύνουν
279 1040 393 1110 εἰδότα
410 1066 445 1112 τε
464 1039 482 1110 6
500 1070 531 1111 τι
548 1041 705 1131 πράττοι,
731 1042 949 1111 λανθάνοντα
973 1045 1048 1111 δεῖν

81 1143 163 1223 τούς
181 1143 329 1223 πολλούς
346 1146 415 1212 τών
433 1142 630 1232 ἀνθρώπων
646 1142 976 1226 καίέξαπατώντῌ
954 1171 1048 1230 αγειν

84 1246 139 1313 ἐπὶ
157 1245 239 1324 τούς
256 1244 458 1334 κινδύνους,
484 1244 620 1337 εἰρήνης
644 1245 683 1315 δὲ
705 1246 781 1336 πέρι
798 1245 1048 1335 πρεσβεύοντας

82 1348 196 1433 κοινῆς
214 1361 285 1426 τοῖς
294 1345 470 1436 Ἕλλησιν,
490 1347 546 1436 ἐφ’
567 1343 618 1428 οἷς
637 1345 730 1439 ὅρκοι
747 1375 783 1418 τε
800 1346 1049 1436 ὀμοσθήσονται

84 1449 207 1535 στήλαί
221 1475 257 1518 τε
275 1449 501 1536 σταθήσονται
518 1452 764 1540 γεγραμμέναι,
788 1451 895 1518 ταῦτα
915 1448 954 1518 δέ
971 1447 1049 1518 ούτε

84 1558 205 1619 λαθεῖν
229 1548 306 1620 οὔτε
338 1553 539 1640 ἐξαπατήσαι
565 1558 657 1640 δεῖν,
688 1550 774 1619 ἀλλὰ
799 1550 887 1619 πολύ
919 1553 1050 1639 μᾶλλον

85 1655 237 1721 ἐπαινεῖν
255 1646 276 1737 ή
296 1653 430 1742 ψέγειν,
454 1663 487 1725 εἰ
504 1654 715 1742 πεμφθέντες
737 1650 983 1741 αύτοκράτορες
1004 1658 1050 1721 έτι

84 1752 307 1840 ἀπεδώκαμεν
337 1754 448 1841 ύμῖνλ
479 1758 556 1842 περὶ
580 1753 697 1823 αύτάν
721 1754 919 1833 σκέψασθαι.
963 1761 1049 1841 βου·
1063 1781 1088 1821 εε

86 1855 276 1924 λεύσασθαι
293 1854 356 1942 μέν
375 1846 438 1923 οὖν
456 1850 618 1944 ἀσφαλῶς
636 1857 698 1946 χρή
716 1856 801 1923 κατά
820 1854 980 1942 δύναμιν,
999 1849 1051 1934 οἷς

86 1954 119 2024 δ’
147 1952 189 2025 ἀν
207 1955 385 2044 ὀμόσωμεν
402 1959 459 2026 καί
479 1956 707 2046 συνθώμεθα,
731 1957 862 2038 τούτοις
887 1958 1048 2045 έμμένειν.

86 2057 127 2137 ού
159 2059 225 2146 γάρ
255 2058 362 2146 μόνον
369 2112 379 2146 ,
411 2049 654 2149 ώἈθηυαῖοι,
686 2059 770 2149 πρὸς
800 2059 979 2148 γράμματα
1009 2057 1050 2127 τά
1068 2073 1101 2125 35

86 2163 302 2248 γεγραμμένα
325 2166 380 2229 δεῖ
400 2161 588 2248 βλέποντας
613 2160 810 2251 πρεσβεύειν
834 2160 939 2249 ήμάς,
965 2159 1051 2228 ἀλλά

86 2264 144 2329 καί
162 2263 248 2350 πρὸς
266 2261 347 2341 τούς
366 2263 514 2352 τρόπους
531 2263 613 2343 τούς
630 2262 825 2353 ύμετέρους.
862 2261 960 2349 ύμεῖς
985 2263 1051 2353 γάρ

87 2365 163 2451 περὶ
187 2365 250 2450 μὲν
273 2367 343 2432 τῶν
369 2364 512 2454 ἑτοίμων
535 2362 621 2454 ύμῖν
643 2362 808 2434 ἀπονοεῖν
834 2363 977 2434 εἰώθατε
994 2368 1051 2432 καί

86 2467 405 2555 δυσχεραίνειν,τά
429 2466 463 2536 δ’
484 2467 548 2537 ούκ
572 2465 654 2536 ὄντα
679 2474 870 2553 λογοποιεῖν
889 2463 934 2544 ώς
963 2471 1052 2533 ἔστιν

87 2566 173 2654 ύμῖν
199 2570 326 2657 ἕτοιμα·
359 2565 424 2636 κάν
448 2568 510 2657 μὲν
534 2577 693 2656 πολεμεῖν
720 2568 799 2657 δέη,
830 2570 889 2653 τής
917 2566 1053 2654 εἰρήνης

89 2671 303 2757 ἐπιθυμεῖτε,
329 2670 388 2739 έάν
413 2672 454 2739 δέ
474 2697 523 2752 τις
546 2669 631 2758 ύμῖν
654 2670 717 2758 τήν
742 2666 881 2758 εἰρήνην
909 2667 1053 2757 πράτνη,

89 2778 262 2858 λογίζεσθε
285 2770 346 2840 τόν
372 2771 527 2865 πόλεμον,
543 2770 606 2841 ὅσα
633 2770 747 2859 ἀγαθά
771 2769 857 2857 ύμῖν
874 2769 1052 2859 κατειργά-

87 2893 179 2941 σατο,
217 2871 304 2943 ὅπου
324 2874 381 2941 καί
405 2877 473 2942 νύν
490 2872 553 2962 ήδη
571 2874 659 2953 τινὲς
686 2873 845 2959 λέγουσιν
864 2869 905 2939 ού
925 2871 1053 2959 γιγνώ-
1071 2892 1104 2942 36

89 2993 181 3042 σκειν
199 2975 257 3055 τάς
276 2976 459 3062 διαλλαγὰς
478 2976 602 3056 αἵτινές
621 2983 707 3046 εἰσιν
715 2980 834 3063 ,τείχη
853 2975 910 3042 καὶ
928 2976 1005 3062 νῆες
1024 2981 1056 3044 εἰ

158 3165 208 3222 διά
236 3166 327 3224 ταῦθ’
347 3173 457 3228 eumR
481 3173 572 3226 Turn:
601 3166 652 3225 διά
674 3165 849 3240 ταύτην.-
816 3168 918 3224 -τὸν
932 3167 991 3223 Ἀθ.
1008 3172 1053 3222 W.

89 3266 123 3276 -
142 3229 215 3290 ἀλλά
238 3239 468 3294 δεῖνλῖελοῖεμ-
486 3241 554 3294 λαθ.
575 3239 624 3293 καλ
643 3233 761 3323 έξαπατ
780 3241 826 3320 Ηί,
846 3240 907 3292 coll.
927 3242 968 3290 34.

158 3311 199 3358 34.
218 3306 268 3360 δεῖ
282 3326 321 3374 pr
339 3310 423 3361 A.-
442 3304 482 3361 έτι
502 3310 536 3359 oi.
555 3309 598 3360 Rs
618 3326 707 3362 τι.-
724 3299 918 3374 ἀπεδώκαμεν
940 3307 1054 3370 scripsi.

87 3326 337 3457 ἀποδώσομενρ-
356 3394 426 3442 ηιν
443 3377 489 3427 Ad.

116 3437 279 3545 35ῧημῑν
289 3437 341 3510 τήν
352 3369 510 3512 εέήήνηυΑ.
523 3471 556 3480 -
567 3443 733 3509 λογίζεσθαι
746 3444 791 3496 Α(1
806 3471 837 3482 -
850 3435 920 3512 ήμῑν
930 3452 1054 3507 κατειργ.
