2340 3916
145 219 186 285 28
390 274 395 287 ,
521 219 738 272 ΑαΔοΚτΔον

94 377 126 426 73
144 364 245 451 με’νος
266 369 388 451 ἔσομαι.
417 359 503 430 ἀλλά
521 360 587 449 γάρ
605 359 735 449 τάληθῆ
750 359 924 448 εἰρήσεται.
954 361 1026 430 ἐπεὶ
1044 361 1113 450 γάρ

145 469 184 532 αι’
198 469 276 551 νῆες
295 464 529 553 διεφθάρησαν
542 463 599 531 καὶ
617 460 638 550 ἡ
652 469 830 551 πολιορκία
845 463 990 550 ἐγένετο,
1009 465 1112 551 ἐβου-

145 565 314 635 λεύσασθε
331 566 409 655 περὶ
427 563 606 654 ὁμονοίας,
625 564 681 632 καὶ
702 566 814 646 ἔδοξεν
832 561 918 651 ύμίν
936 562 1017 644 τούς
1034 562 1112 633 ἀτί-

145 692 231 755 μους
252 669 425 756 ἐπιτίμους
442 671 596 753 ποιησαι,
622 667 680 734 καὶ
699 663 771 735 εἷπε
794 664 855 754 τὴν
875 665 1014 755 γνύμην
1034 676 1114 736 Πα-·

144 774 347 857 τροκλείδης.
384 774 420 837 οί
441 768 479 838 δὲ
498 766 606 854 ἀτιμοι
623 774 713 846 τίνες
731 757 837 855 ἦσαν,
860 768 917 836 καὶ
935 775 1013 836 τίνοι
1030 766 1110 856 τρό-

145 895 210 939 πον
236 873 386 953 ἕκαστοις
416 869 481 957 ἐγώ
505 866 596 955 ἀμάς
621 868 753 948 διδάξω.
797 873 833 937 οί
853 868 917 956 μὲν
946 867 1114 958 ἀργύριον

145 969 341 1057 ὀφείλοντες
375 973 422 1063 τῷ
455 977 627 1061 δημοσίῳ,
663 968 782 1039 ὁπόσοι
813 968 962 1051 εὐθύνας
995 960 1114 1057 ὦφλον

144 1071 306 1161 ἀρξαντες
329 1071 455 1161 ἀρχάς,
485 1068 506 1158 ἢ
532 1070 672 1153 ἐξούλας
703 1067 724 1158 ἢ
748 1072 883 1160 γραφάς
908 1068 929 1160 ἣ
954 1073 1114 1160 ἐπιβολάς

146 1164 282 1261 ὦφλον,
300 1169 321 1261 ἢ
339 1171 429 1253 ἀνάς
447 1172 623 1263 πριάμενοι
638 1175 674 1242 ἐκ
687 1175 748 1241 τού
764 1177 929 1261 δημοσίου
947 1173 993 1262 μὴ
1010 1176 1114 1242 κατέ-

144 1282 251 1362 βαλον
274 1274 316 1343 τά
340 1276 512 1365 χρήματα,
536 1270 557 1361 ἣ
582 1275 706 1362 ἐγγύας
722 1272 939 1361 ἠγγυήσαντο
964 1276 1051 1363 πρὸς
1074 1275 1114 1343 τὸ

146 1375 322 1463 δημόσιον·
354 1377 484 1457 τούτοις
502 1374 523 1464 ἡ
546 1374 609 1463 μὲν
628 1382 748 1455 ἔκτισις
771 1366 813 1463 ἦν
832 1377 887 1444 ἐπὶ
912 1379 971 1464 τῆς
991 1377 1114 1464 ἐνάτης

145 1485 372 1566 πρυτανείας,
399 1486 431 1548 εί
454 1477 492 1547 δὲ
515 1477 579 1565 μή,
605 1477 783 1546 διπλάσιον
809 1474 960 1564 ὀφείλειν
985 1479 1043 1547 καὶ
1070 1479 1113 1545 τά

95 1592 128 1640 74
144 1578 295 1666 κτήματα
320 1577 436 1648 αύτάν
460 1582 662 1668 πεπρᾶσθαι.
699 1573 747 1658 εἷς
773 1577 838 1666 μὲν
860 1578 985 1668 τρόπος
1010 1569 1112 1659 οὗτος

145 1679 282 1768 ἀτιμίας
298 1671 359 1770 ἦν,
384 1684 496 1770 ἕτερος
514 1679 553 1750 δὲ
572 1669 620 1748 ὧν
638 1679 679 1771 ηά
696 1680 760 1768 μὲν
783 1680 922 1768 στύματα
940 1678 1040 1769 άτιμα
1057 1671 1114 1768 ἦν,

67 1774 69 1778 ’
146 1782 208 1870 τὴν
239 1781 273 1853 δ’
301 1781 425 1852 ούσίαν
449 1781 541 1869 εἶχον
564 1782 622 1850 καὶ
655 1784 848 1869 ἐκέκτηντο·
876 1771 971 1851 οὗτοι
1002 1780 1033 1850 δ’
1067 1774 1113 1851 αὖ

145 1873 232 1969 ἦσαν
249 1883 370 1954 ὁπόσοι
386 1888 514 1973 κλοπῆς
532 1880 552 1972 ἢ
570 1883 691 1973 δάρων
710 1881 862 1971 ὄφλοιεν·
880 1884 1026 1964 τούτους
1046 1888 1115 1953 ἔδει

146 1986 203 2052 καὶ
223 1984 351 2065 αύτούς
375 1987 433 2055 καὶ
451 1986 534 2065 τούς
555 1988 591 2055 ἐκ
609 1986 741 2056 τούτων
766 1983 909 2073 ἀτίμους
927 1984 1030 2054 εἶναι·
1054 1987 1114 2054 καί

147 2083 264 2154 ὁπόσοι
289 2093 419 2157 λίποιεν
442 2087 504 2175 τὴν
527 2086 620 2166 τάξιν
644 2083 664 2174 ἢ
688 2085 887 2175 ἀστρατείας
910 2082 1114 2174 ἣδειλίαςῆ

96 2242 102 2251 ,
147 2184 363 2275 ἀναυμαχίου
388 2183 566 2276 ὅφλοιεν”
549 2215 570 2274 η
592 2187 654 2276 τὴν
685 2187 813 2257 ἀσπίδα
837 2184 1106 2276 ἀποβάλοιεν,’
1093 2217 1115 2276 η

146 2289 220 2376 τρὶς
238 2284 571 2379 ψευδομαρτυριῶν
560 2316 580 2376 η
572 2286 668 2378 τρίς
682 2295 946 2377 ψευδοκλητείας
962 2286 1114 2378 ὄφλοιεν,

146 2384 266 2477 ητούς
290 2392 413 2479 γονέας
436 2391 550 2471 κακῶς
569 2406 713 2461 ποιοῖεν
747 2380 840 2460 οὗτοι
864 2389 987 2470 πάντες
1005 2389 1116 2478 ἀτιμοι

96 2504 128 2554 75
146 2481 232 2578 ησαν
256 2493 297 2560 τά
322 2492 477 2581 σώματα,
501 2492 542 2560 τά
567 2492 605 2561 δὲ
628 2519 780 2582 χρηματα
804 2490 905 2579 εἶχον.
947 2490 1054 2561 ἀλλοι
1067 2484 1114 2561 αὖ

146 2593 231 2662 κατά
246 2594 455 2681 προστάξεις,
474 2599 594 2674 οἵτινες
609 2592 650 2663 ού
665 2593 879 2663 παντάπασιν
892 2584 1032 2682 ἀτιμοι
1014 2615 1116 2682 ησαν,

146 2693 233 2763 ἀλλά
251 2696 352 2783 μέρος
371 2722 402 2763 τι
421 2691 639 2784 [affixam
638 2722 678 2764 ov
691 2700 728 2764 οί
738 2697 955 2784 στρατιῶται,
974 2691 1045 2783 οἷς,
1063 2692 1117 2765 ὅτι

214 2859 254 2909 73.
275 2846 405 2915 εύθύνας
424 2842 521 2976 ὦφλον
540 2858 652 2912 eumR.
670 2857 707 2911 sl.
726 2858 817 2908 Turn·
842 2848 948 2910 οὐδ’
926 2876 971 2923 ωφ
975 2858 1062 2913 ειλον.
1080 2884 1116 2894 -

144 2914 289 2988 ἀρξαντας
306 2924 464 2975 ΔΒΙιΖ.-·
486 2916 607 2991 ἐπιβολαὶ
640 2926 749 3003 Stephs
773 2918 987 2991 ἐπιβουλάς-
954 2917 1115 2992 -ήγγυή-

146 3006 233 3110 Ξαντο
257 2991 310 3042 Sta
334 2983 576 3060 ἕγγνήσαντομ-
599 2942 702 3060 ἀνάτης
724 2994 794 3044 BLZ
817 2999 846 3045 et
873 3008 943 3049 corr.
966 2995 991 3045 A
1013 2991 1115 3060 (Bk.):

160 3074 314 3178 νναξάςῶν
323 3120 449 3207 μὲν
416 3145 451 3179 τα
474 3128 539 3178 libri
563 3126 727 3192 (Turrffl)
751 3121 831 3193 εἶχον
855 3128 889 3181 οἱ.
915 3127 968 3178 Bk.
1009 3126 1115 3192 Turr):

146 3189 283 3260 ἔσχον-
296 3180 335 3247 αύ
352 3196 398 3245 ΑΒ
416 3196 484 3247 Bk:
495 3184 585 3246 ἀν.-
599 3211 643 3250 vv
663 3188 782 3275 τούτους
799 3189 904 3247 ἔδει-
923 3188 967 3247 εἶν
969 3211 1000 3245 αι
1033 3194 1117 3246 affert

146 3259 222 3312 Suid.
245 3277 266 3313 s
283 3278 309 3317 v.
330 3255 525 3343 ἀναυμαχίου,
551 3263 597 3327 qui
619 3262 706 3313 habet
726 3252 801 3314 ούτω
820 3256 854 3314 δὲ
874 3260 935 3327 δει,
954 3277 992 3312 un
1014 3253 1115 3314 τιτού-

146 3344 212 3389 τους
231 3320 262 3381 δ’
281 3324 341 3382 ἔδει
360 3331 485 3383 Turr.-
453 3321 685 3415 -άνανμαγίου
701 3328 774 3380 Suid
788 3330 808 3382 1
821 3346 844 3383 ο.
855 3334 883 3383 et
895 3301 1008 3393 ΤάγΙοε.
1021 3328 1116 3395 (Bk.)

145 3397 358 3464 νανμαχίονΑ,
377 3396 629 3479 ναυμαχίαςν.-
641 3395 912 3482 φευδοκλητείαςὸ.
927 3397 1020 3449 Turr..
1040 3406 1116 3463 ψευ-

127 3461 343 3587 ἅδίημΐλητῗὲω
326 3463 448 3529 addere
467 3467 558 3532 potmt
576 3483 594 3531 η
617 3462 679 3532 τρὶς
697 3458 872 3531 παρανόμων
897 3469 924 3516 et
947 3465 1042 3516 forsan
1066 3465 1116 3514 ad·
