2340 3916
27 196 33 201 -
124 169 165 235 32
486 167 704 221 εειΔοΚτΔυυ

74 341 108 392 84
168 329 219 366 και
209 302 467 406 παραδιδόντων
487 309 552 376 ταῖς
573 299 677 385 ἀρχαῖς
700 301 733 364 έν
754 303 826 386 τῷδε
847 311 887 388 τῷ
906 304 989 384 μηνί.
1025 305 1096 379 τοὺς

168 387 201 450 δὲ
215 385 471 469 παραδιδομένους
487 387 596 466 νόμους
609 364 798 468 δοκιμασάτω
809 365 984 469 πρότερονῖγ
999 389 1095 469 βουλὴ

169 472 399 536 ολπευτακόσιοι
413 470 464 534 καὶ
478 495 506 533 οι
499 470 700 551 νομοθέται,
715 469 801 545 οδςυ
786 472 817 533 οῖ
828 472 954 552 δημόται
969 473 1094 551 εῖλυυτυ,

169 554 300 637 ἕπειδη’
287 557 498 704 ομριμόηασιν.
508 555 617 631 ἐξεῖναι
632 554 731 618 δὲκαὶ
746 555 890 663 ίδιάτη
863 581 901 617 τω
889 555 1042 656 βουλομέ
1043 581 1095 665 υιμ,

169 641 336 705 ίσιουτι
310 665 351 716 ε
336 640 428 721 ςτὴυ
448 635 562 722 βουλὴν
582 640 840 747 συμβρυλεάειυ’
824 665 840 703 ο
867 665 895 702 τι
913 639 954 703 ἀν
978 621 1098 724 ἀγαθδν

168 727 219 811 ἔχη
245 726 312 808 περὶ
338 736 401 832 τυῖη
425 725 535 805 νόμων.
579 723 701 788 έπειδάν
726 723 760 787 δὲ
789 733 921 789 τεθεῖσιν
946 728 978 789 οῖ
1000 727 1097 830 ηόμοι,

170 790 299 891 ἐπιμελεῖ
298 807 401 872 σθω’
356 835 404 918 η
424 806 562 917 60666‘
545 809 600 890 66
601 806 749 889 ξἈρείου
771 811 870 893 πάγον
896 821 956 873 τοῖν
986 810 1098 911 νόμοιη,

169 895 250 971 ὅπως
272 893 313 956 ἀν
332 897 367 959 αῖ
385 895 473 974 αρχαὶ
487 901 548 968 τοῖς
563 892 759 974 κειμένοις’
722 917 826 1000 νομυις
846 905 984 993 χρῶντμι.
1028 890 1099 971 τοδς

169 979 202 1042 δὲ
222 978 425 1083 κυρουμένους
446 988 506 1041 τοῖν
527 979 628 1079 νάμιυν
649 979 900 1061 ἀναγράφειυς
858 982 900 1054 είς
921 974 973 1041 τδυ
988 986 1099 1060 τοῖχον,

170 1067 222 1126 ῖνα
242 1086 297 1143 περ
312 1063 455 1144 πρότερον
468 1058 698 1145 ἀνεγράφησαν,
719 1071 842 1126 σκοπεῖν
860 1075 900 1150 τρῖ
915 1064 1044 1145 βουλομέ
1045 1089 1099 1148 νφ.

80 1217 113 1268 85
205 1183 557 1277 Ἐδοκιμάσθησανέ
516 1218 539 1276 μ
559 1217 580 1257 ν
603 1179 667 1258 οὖν
699 1193 735 1256 oc
758 1188 874 1276 νόμοι,
906 1179 932 1256 ὦ
964 1186 1100 1279 ἀνδρες,

128 1291 213 1359 κατά
238 1289 276 1357 τὸ
303 1288 459 1379 ψήφισμα
481 1297 596 1379 τουτί,
619 1291 699 1371 τούς
724 1289 762 1358 δὲ
779 1290 998 1380 κυρωθέντας
1017 1288 1101 1359 ἀνέ-

129 1404 266 1479 γραψαν
284 1397 332 1470 είς
346 1392 407 1477 τὴν
418 1391 530 1460 στοάν.
561 1392 673 1478 ἐπειδὴ
690 1389 723 1458 δ’
740 1389 999 1481 ἀνεγράφησαν,
1019 1393 1102 1463 ἑθέ-

130 1504 218 1581 μεθα
236 1492 362 1617 ηάμον,
388 1520 414 1586 ρι
400 1484 556 1573 πάντες
575 1496 709 1583 χρῆσθε.
748 1499 819 1562 Καί
841 1519 896 1580 μοι
920 1491 1101 1580 ἀνάγνωθι

133 1596 195 1663 τδν
212 1592 328 1680 νόμου.

151 1691 317 1835 ΝΟΜὲῖΣ.
343 1686 482 1772 Ἀγράφφ
498 1687 581 1750 δὲ’
546 1711 627 1772 νιμιγ
642 1689 694 1763 τάς
710 1681 801 1770 ἀρχάς
817 1688 857 1769 μὴ
872 1695 1003 1770 χρῆσθαι
1022 1690 1100 1770 μηδὲ

172 1797 238 1854 περι
271 1797 331 1848 νος.

200 1858 284 1955 Αρά
310 1892 348 1952 γε
373 1871 463 1934 ἔστιν
488 1867 652 1935 ἐνταυθοῖ
674 1862 692 1932 6
715 1891 747 1932 τι
771 1871 996 1952 περιελείπετο
1022 1869 1102 1955 περὶ

80 1967 113 2019 86
131 1965 212 2036 ὅτου
233 1961 308 2034 οἶόν
327 1992 362 2034 τε
385 1962 406 2053 6
424 1965 531 2053 ἀρχὴν
550 1966 697 2053 εἰσάγειν
720 1960 741 2050 6
764 1963 864 2053 ὑμῶν
881 1965 1009 2054 πρᾶξαί
1024 1993 1103 2057 τιυι,

44 2084 47 2089 “
132 2067 208 2136 ἀλλ’
239 2063 259 2154 6
284 2066 368 2135 κατά
393 2060 474 2146 τοδς
498 2066 820 2155 ἀναγεγραμμένους
844 2066 988 2155 νόμουςς
1013 2065 1103 2138 ὅπου

133 2161 196 2238 οὗν
228 2166 375 2260 ἀγράφῳ
398 2168 494 2261 νόμῳ
521 2167 584 2238 οάκ
611 2170 715 2250 ἔξεστι
743 2169 951 2257 χρήσασθαι,
981 2159 1002 2255 6
1033 2194 1103 2240 που

132 2268 280 2360 ἀγράφῳ
305 2295 343 2355 γε
367 2279 557 2358 ψηφίσματι
574 2267 848 2339 παντάπασιν.οά
874 2275 928 2339 δεῖ
949 2268 1000 2359 [γε
1017 2271 1103 2360 χρή-

133 2369 280 2458 σασθαι].
325 2372 438 2460 ἐπειδὴ
462 2381 583 2443 τοίνυν
608 2373 765 2460 ἑωρῶμεν
789 2369 839 2439 ὅτι
862 2379 1002 2452 πολλοῖς
1032 2375 1104 2441 τῶν

133 2475 280 2542 πολιτῶν
301 2470 369 2542 εἶεν
387 2481 582 2564 συμφοραί,
600 2488 672 2553 τοῖς
689 2472 752 2560 μὲν
766 2472 851 2541 κατὰ
864 2473 1012 2561 νόμους,
1030 2489 1104 2554 τοῖς

133 2575 172 2644 δέ
188 2574 272 2642 κατά
289 2583 490 2663 ψηφίσματα
503 2575 544 2643 τδι
559 2574 725 2665 πρότερον
738 2574 922 2663 γευόμενα,
939 2578 1104 2645 τουτουσὶ

133 2677 215 2757 τοδς
250 2675 379 2762 νόμους
416 2678 583 2765 ἐθέμεθα,
620 2674 737 2745 αάτάυ
764 2681 883 2746 εῖνειια
917 2678 987 2745 τῶν
1020 2679 1105 2745 νυνὶ

201 2805 243 2856 84.
264 2796 294 2854 οἷ
310 2820 430 2858 πεντακ,
448 2800 546 2857 καῖ’
516 2822 544 2857 οι
562 2821 625 2870 νομ.
643 2805 756 2871 scripsi:
774 2802 824 2857 καί
843 2798 874 2856 οῖ
890 2820 953 2870 νομ.
977 2799 1007 2857 οῖ
1021 2821 1104 2858 πεντ.

135 2874 169 2926 V.
188 2871 307 2923 Bakium
326 2869 417 2922 Schol.
443 2871 516 2938 Hy.p
534 2874 603 2937 Vp.
620 2874 725 2923 246.-
691 2870 966 2938 -δημῶταιΔ.-
932 2866 1105 2925 -ένιειδάν

135 2932 785 3084 ‘³⁹⁰⁰61‘66606666⁶⁰?6666
788 2930 1058 3065 ¹³66⁰²6⁶6²⁹
1077 3025 1104 3061 v

134 3073 188 3126 καί
202 3089 304 3140 μοι-
323 3090 357 3140 γρ
364 3072 451 3126 σθαι
470 3090 522 3127 om.
541 3074 602 3125 Ald

203 3142 245 3193 86.
265 3137 343 3195 ἔστιν
358 3090 539 3195 ένταυθοῖ
521 3133 568 3194 ὅτι
586 3142 685 3208 scripsi
699 3157 759 3193 eum
772 3142 858 3193 Dobr.
873 3141 934 3194 coll.
952 3144 1025 3205 689·
1044 3135 1106 3195 ἔστι

134 3207 220 3261 τοῦτο
238 3197 336 3262 δτι-
342 3209 545 3294 περιελείπετο
564 3211 670 3261 eumR.
683 3200 749 3261 1316:
760 3208 992 3276 περιελεῖπτοΜ,
1009 3207 1106 3277 περιέ-

137 3279 319 3334 λειπτον-
288 3268 606 3360 -ἀναγεγραμρένους
625 3278 672 3330 AB
690 3277 742 3329 Bk.
761 3274 806 3341 (οἱ.
820 3277 876 3341 Β.);
900 3268 960 3330 ἀνω
979 3293 1106 3360 γεγραμ-

134 3339 314 3408 μένους-
296 3337 462 3427 ἀγράφῳ
477 3334 667 3428 6666666’
630 3337 773 3463 ἀγράφῳ
795 3344 923 3408 661312,
943 3335 1105 3415 ἀναγράφῳ

135 3428 160 3465 ν
185 3413 265 3462 Ζ.-
288 3400 365 3480 ἦπου
383 3413 450 3466 Bk.=
469 3401 546 3481 ἦπου
564 3430 609 3464 αν.

137 3506 168 3514 -
189 3479 289 3532 εἵνεκα
308 3482 354 3532 ΑΒ
377 3482 445 3535 1316:
464 3478 559 3535 ἕνεκα,
580 3506 610 3516 -
703 3415 733 3464 εἴ
746 3429 778 3479 γε
796 3381 961 3479 χρήσασθαι
984 3413 1038 3465 del
1056 3397 1105 3465 H¹
