2340 3916
161 227 224 288 114
394 160 396 164 Β
574 177 704 268 ιεειου
1023 215 1075 266 οε.
1095 213 1122 266 ε.

161 387 441 480 κατοικοδομήσας
458 391 514 457 καλ
533 386 771 474 ἐπιβουλεύσας
788 382 949 476 ἠτίμωσε,
968 388 1023 454 καί
1042 416 1123 476 γρα-

161 488 231 581 φήν
248 488 378 582 ύβρεως
401 492 539 579 γραφεὶς
564 485 698 558 ούδέπα
721 486 849 558 τούτων
868 491 965 574 δίκην
984 490 1122 577 δέδωκε,

160 597 218 681 τῆς
237 593 274 661 δὲ
291 587 363 681 μετ’
384 593 516 677 ἐκείνην
532 592 712 694 γενομένης
729 584 788 657 τόν
805 583 950 677 ἀνδρα’
931 604 1123 657 αποκτεῐναι

160 690 320 772 κελεύσας
343 693 475 778 οἰκέτην
502 690 630 760 ἐκεῖνον
652 689 714 778 μὲν
733 690 909 777 ἐξέπεμψε,
933 685 1060 775 τήνδ’
1074 696 1122 758 αἰ-

58 807 142 864 42
159 803 235 916 τίριν
259 801 306 873 εἰς
327 791 389 879 τήν
412 787 562 878 ἀδελφήν
591 796 722 880 ἔτρεψε,
750 786 976 912 καταπλήξας
987 783 1024 857 δὲ
1051 806 1124 871 ταῖς

16 912 17 916 ’
161 890 266 964 αύτον
256 897 479 983 βδελυρίαις
496 889 749 1014 προσαφήρητρα
766 886 824 960 τόν
841 882 976 959 υίδν’
935 892 1042 1012 αυτού
1062 888 1124 977 τήν

160 992 282 1064 ούσίαν
300 989 553 1081 ἐπιτροπεύσας,
572 994 628 1060 καί
646 993 773 1081 κατέχει
787 987 845 1059 τόν
862 985 982 1079 ἀγρόν,
1001 992 1125 1078 φελλέα

162 1096 199 1163 δὲ
219 1097 334 1186 ἐκείνῳ
357 1094 490 1161 δέδωκε.
533 1095 589 1161 καί
611 1095 718 1162 ταῦτα
739 1088 789 1160 ότι
812 1086 924 1178 ἀληθή
940 1095 1042 1179 λέγω,
1072 1096 1124 1160 δε·

162 1200 253 1264 δίασι
270 1195 332 1283 μὲν
350 1190 470 1282 αύτόν,
489 1202 568 1274 ἰσως
588 1189 620 1261 δ’
639 1188 681 1262 ἀν
693 1220 749 1281 μοι
761 1192 817 1260 καὶ
828 1193 1036 1282 μαρτυρήσαι
1049 1195 1124 1262 662-

160 1294 313 1383 λήσειαν·
333 1300 365 1364 εἰ
382 1295 419 1363 δὲ
436 1292 492 1382 μή,
511 1289 589 1375 τούς
608 1291 738 1372 εἰδότας
749 1290 930 1383 παρέξομαι
943 1289 1123 1383 μάρτυρας.

161 1405 230 1465 Καί
245 1425 300 1485 μοι
317 1393 410 1464 κάλει
429 1397 529 1485 δεύρο
548 1390 670 1474 αύτούς
687 1395 827 1495 πρῶτον.
1128 1400 1131 1407 “

535 1569 746 1657 mmm.

41 1794 46 1817 ¹
109 1815 143 1868 43
238 1795 336 1867 Οὕτω
352 1805 469 1867 τοίνυν
486 1792 627 1884 ἀσελγής
646 1789 694 1865 66
705 1798 886 1882 καί·βίαιος
904 1798 960 1865 καί
977 1794 1040 1886 τήν
1056 1801 1125 1868 τοῖν

161 1894 319 1987 ἀδελφοῖν
335 1894 455 1968 ούσίαν
471 1891 702 1986 ἀπεστερηκιδς
719 1893 781 1966 ούκ
798 1893 912 1989 ἀγαπᾷ
927 1893 968 1966 τά
986 1901 1125 1969 ἐκείνων

161 2004 263 2086 ἔχων,
281 1994 356 2066 ἀλλ’
376 1993 426 2066 ότι
445 2003 543 2085 δίκην
560 1993 723 2085 οὐδεμίαν
742 1993 854 2067 αύτοῖυ
872 2000 1031 2088 δέδυκεν,
1049 1995 1125 2088 ἥκει

160 2099 216 2166 καὶ
233 2095 274 2166 τά
290 2100 353 2167 τοῦ
368 2095 506 2166 πάππον
524 2095 674 2187 χρήματα
691 2093 775 2185 ήμάς
792 2094 1048 2189 ἀποστερήσων,
1068 2103 1125 2169 καὶ

159 2195 267 2290 τούτῳ
287 2195 349 2266 δύο
366 2199 449 2285 μνᾶς
467 2192 527 2318 (63
551 2194 730 2287 ἀκούομεν)
755 2201 758 2286 6
782 2194 885 2287 μόνας
910 2197 1065 2280 δεδωκοδς
1083 2197 1124 2270 ού

161 2295 265 2385 μόνον
288 2299 364 2388 περὶ
387 2295 564 2388 χρημάτων
586 2292 672 2387 ήμοῖς
695 2295 778 2367 ἀλλά
802 2301 857 2369 καί
880 2302 1022 2390 περὶ
979 2328 1037 2389 της
1062 2326 1123 2369 πα-

160 2404 274 2488 τρίδος
298 2404 346 2477 εἰς
362 2396 543 2478 κινδύνους
565 2406 649 2468 καδί
647 2419 771 2488 στησιν.
809 2396 923 2468 έάν
883 2428 948 2488 γαρ
966 2402 1123 2488 ἐξαπατη-

160 2502 244 2586 δὴτε
261 2494 357 2587 ὑμεῖς
374 2494 608 2578 πεισθέντες“
585 2527 628 2579 ως
645 2494 667 2587 6
684 2498 791 2590 μήτηρ
814 2495 908 2588 ήμῶν
925 2496 988 2569 ούκ
1005 2490 1049 2588 66
1064 2527 1122 2570 πο-

161 2609 260 2688 λῖτις,
279 2594 393 2668 066'
374 2615 468 2720 ημείς
482 2603 595 2688 έ·σμεν
613 2627 672 2688 μετ
676 2596 1124 2722 Ἐύκλείδηννάράρχοντα

160 2698 354 2787 γεγόναμεν.
389 2689 454 2789 ἀρα
471 2702 547 2790 περὶ
568 2704 696 2790 μικριόν
712 2703 816 2770 τινοῖν
832 2695 913 2822 ἡμῖν
930 2696 989 2770 τόν
1008 2696 1124 2788 ἀγῶνα

109 2811 144 2862 44
162 2797 399 2884 κατεσκεύακε,
431 2800 486 2868 καί
516 2802 634 2882 ζῶντος
656 2801 718 2890 μέν
739 2804 801 2870 τού
820 2798 959 2871 πάππου
983 2803 1040 2871 καί
1063 2806 1125 2872 τού

160 2896 283 2988 πατρός
300 2854 462 2988 ούδεμίαν
480 2906 590 2970 αἰτίαν
608 2910 757 2991 εἰχομεν,
776 2896 852 2986 ἀλλ’
871 2896 1123 2993 ἀναμφισβήτη-

159 3027 210 3069 τοι
226 2995 285 3069 τόν
301 2995 432 3070 ἅπαντα
448 2998 569 3090 χρόνον
587 3004 831 3090 διετελέσαμεν·
851 2998 965 3091 ἐπειδή
984 2999 1018 3071 δ’
1039 3007 1123 3072 ἐκεῖ·

159 3128 212 3169 νοι
229 3099 495 3190 τετελευτήκασι,
513 3096 577 3172 κάν
593 3104 659 3172 νύν
675 3100 879 3191 νικήσωμεν,
904 3098 1034 3184 όνειδος
1053 3107 1122 3186 ἕξο-

160 3228 237 3289 μεν,
257 3199 341 3270 διότι
351 3197 666 3325 ήμφισβητήθημεν,
687 3200 742 3270 διδ
758 3200 817 3273 τόν
830 3198 985 3293 Ὀρέστην
1001 3208 1123 3274 τούτου

159 3299 219 3371 τόν
235 3304 344 3381 κακοῖς
361 3298 647 3391 ἀπολούμενον,
628 3298 664 3383 ὃς
681 3299 791 3391 μοιχός
814 3305 957 3391 ληφθεὶς
980 3306 1037 3373 καὶ
1059 3330 1120 3374 πα-

159 3400 234 3472 δύο
256 3398 323 3471 ότι
346 3400 504 3493 προσήκει
526 3400 603 3481 τούς
619 3399 660 3472 τά
681 3406 817 3472 τοιαῦτα
839 3407 1018 3486 ποιοῦντας
1040 3401 1119 3475 οὐδ’

159 3492 204 3582 οἷς
226 3499 464 3571 ἀπαλλάττεται
486 3504 548 3571 τού
568 3501 772 3594 πράγματος,
802 3498 847 3584 οἷς
869 3509 902 3574 οί
929 3503 1121 3586 συνειδότες
