2340 3916
162 180 223 244 188
504 179 762 236 AIZXINOY

157 349 407 427 στεφανοῦσθαι
418 337 469 408 ἐπ’
485 336 600 426 ἀρετῇ,
626 333 759 421 ἀγαθὸν
778 337 839 421 μέν
851 332 1036 421 πεποιηκώς
1047 362 1110 421 μη-

158 444 223 530 δὲν,
237 440 372 508 πάντων
386 440 421 507 δὲ
434 447 500 507 τῶν
512 444 627 506 κακῶν
639 446 741 515 αίτιος
754 432 916 521 γεγονώς,
936 434 1110 523 ἐπερωτῴη

157 544 192 608 δὲ
208 539 288 618 τοῦς
305 540 624 624 συκοφαντηθέντας
641 538 678 604 έκ
696 543 753 621 τῆς
769 542 933 614 πολιτείας
950 533 1003 603 ἐπ’
1027 539 1111 602 έκεί-
1132 538 1134 543 ’

156 666 226 706 νων
234 646 303 705 νῦν
314 645 456 725 καιρῶν,
475 634 526 704 ὅτ’
538 639 619 722 ἕνην
629 636 810 721 σώζεσθαι,
824 633 877 703 διά
889 643 923 702 τί
931 634 1036 704 αῦτόν
1047 632 1109 702 οὐκ

85 747 137 802 619
157 738 329 806 ἐκώλυσαν
345 735 597 823 ἐξαμαρτάνειν,
620 732 866 817 ἀποκρύπτοιτο
878 737 913 802 δὲ
924 733 961 802 τὸ
974 734 1109 801 πάντων
1129 740 1162 791 22

154 847 358 922 τελευταῖον,
382 837 433 905 ὅτι
449 845 506 922 τῆς
523 836 628 921 μάχης
645 837 878 921 ἐπιγενομένης
896 831 958 902 οῦκ
974 834 1110 918 ε’σχολά-

157 943 253 1023 ζομεν
265 939 340 1021 περὶ
350 934 412 1023 την
423 933 488 1023 σὴν
500 934 584 1003 εἶναι
595 941 772 1020 τιμωρίαν,
791 932 864 1003 ἀλλ’
877 932 960 1019 ὑπὲρ
973 941 1030 1020 της
1042 953 1110 1000 σω-

156 1043 268 1123 τηρίας
279 1045 336 1122 τῆς
347 1036 475 1114 πόλεως
485 1034 747 1122 ἐπρεσβεύομεν·
771 1032 881 1121 ἐπειδη
900 1037 935 1102 δὲ
954 1031 1016 1101 οῦκ
1028 1032 1110 1100 ἀπέ-

156 1162 216 1221 χρη
234 1155 286 1203 σοι
306 1138 402 1221 δίκην
418 1134 462 1221 μη
483 1137 678 1219 δεδωκέναι,
704 1131 788 1202 ἀλλά
807 1138 861 1203 καί
873 1133 1000 1217 δωρεὰς
1013 1141 1111 1211 αἰτεῖς

155 1238 400 1320 καταγέλαστον
417 1237 455 1303 ἐν
473 1249 541 1313 τοῖς
550 1232 684 1320 Ἕλλησι
701 1233 763 1320 τὴν
785 1236 885 1302 πόλιν
906 1242 1031 1317 ποιεῖν,
1055 1237 1110 1301 έν-

154 1331 255 1400 ταῦθ’
268 1334 403 1417 ἐνέστην
414 1331 541 1419 κοίτην
554 1331 689 1419 γραφὴν
701 1332 881 1420 ἀπήνεγκα.

241 1433 307 1499 Καὶ
320 1430 360 1518 νη
375 1431 454 1510 τοῦς
465 1429 569 1511 θεοῦς
580 1429 659 1510 τοῦς
667 1429 875 1518 Ὀλυμπίους,
889 1423 936 1498 οἶν
947 1430 1011 1517 ἐγώ
1022 1456 1109 1498 πυν-
1129 1441 1161 1492 22

154 1529 303 1615 θάνομαι
314 1533 539 1617 Δημοσθένην
549 1532 671 1615 λέξειν,
692 1527 745 1616 ἐφ’
759 1523 787 1620 ᾦ
796 1535 873 1598 νυνί
884 1536 991 1616 μέλλω
1003 1533 1109 1617 λέγειν

86 1646 138 1701 620
156 1628 332 1716 ἀγανακτῦ
349 1630 496 1716 μάλιστα.
521 1627 682 1716 ἀφομοιοῖ
696 1630 761 1715 γάρ
777 1657 842 1717 μου
853 1632 915 1717 την
925 1632 1030 1717 φῦσιν
1042 1645 1111 1708 ταῖς

153 1737 329 1816 Σειρῆσιν,
354 1727 399 1808 οδς
419 1735 513 1797 ἔοικε.
537 1731 592 1796 καὶ
608 1726 673 1814 γάρ
690 1726 750 1795 ὑπ’
774 1731 911 1797 ἐκείνων
933 1728 974 1797 οῦ
999 1738 1111 1829 ηηλεί-

156 1835 240 1895 σθαί
249 1849 331 1914 φησι
342 1827 420 1907 τοῦς
431 1826 683 1914 ἀκροωμένους,
702 1825 775 1894 ἀλλ’
791 1825 1018 1912 ἀπόλλυσθαι,
1039 1827 1110 1894 διό-

86 1947 136 2002 621
157 1953 217 2013 περ
231 1926 294 1995 οῦκ
308 1926 497 2014 εὐδοκιμεῖν
507 1926 648 2014 τηντῦν
659 1927 835 2012 Σειρήνων
852 1926 1031 2013 μουσικήν·
1054 1930 1111 1993 καὶ

156 2026 195 2112 δὴ
216 2029 270 2093 καὶ
287 2024 350 2113 τὴν
367 2035 436 2094 τῦν
452 2027 565 2111 λόγων
581 2031 753 2112 ἐμπειρίαν
769 2027 825 2094 καὶ
844 2025 905 2112 την
926 2026 1031 2112 φῦσιν
1045 2052 1111 2111 μου

155 2131 356 2209 γεγενῆσθαι
367 2127 418 2190 ἐπὶ
435 2126 545 2212 βλάβη
556 2131 624 2190 τῶν
635 2121 840 2192 ἀκουόντων.
861 2131 969 2193 καίτοι
981 2123 1040 2193 τὸν
1051 2125 1111 2193 λό-

87 2246 137 2300 622
155 2251 216 2310 γον
232 2232 353 2291 τοῦτον
371 2221 455 2301 ὅλως
474 2223 535 2309 μὲν
557 2229 660 2308 ἔγωγε
679 2220 791 2290 οῦδενλ
814 2229 951 2308 πρέπειν
966 2221 1112 2310 ἡγοῦμαι

154 2327 229 2408 περὶ
242 2326 324 2410 έμοῦ
334 2327 459 2409 λέγειν·
481 2330 539 2410 τῆς
549 2321 613 2409 γὰρ
624 2327 728 2402 αἰτίας
739 2322 876 2408 αίσχρδν
886 2317 946 2391 τδν
958 2325 1111 2409 αἰτιώμε-

155 2424 217 2491 νόν
236 2427 304 2491 ἐστι
320 2421 357 2491 τό
377 2426 476 2510 ἔργον
490 2421 534 2509 μη
555 2428 640 2507 ἔχειν
658 2425 829 2502 ἐπιδείξαι·
853 2427 883 2489 εἰ
899 2420 931 2488 δ’
949 2415 992 2508 ἦν
1003 2420 1109 2506 ἀναγ-
1129 2436 1162 2489 22

154 2537 251 2591 καῖον
262 2525 423 2608 ῥηθῆναι,
442 2518 484 2589 οῦ
494 2524 739 2608 Λημοσθένους
751 2515 795 2608 ἦν
807 2519 824 2589 ὁ
837 2520 950 2607 λόγος,
962 2519 1033 2589 ἀλλ’
1049 2521 1111 2588 ἀν-

155 2620 233 2705 δρὸς
258 2628 446 2706 στρατηγοῦ
463 2620 590 2707 μεγάλα
612 2621 674 2708 μέν
696 2630 738 2710 τῇ
759 2621 854 2688 πόλει
873 2628 1111 2708 κατειργασμέ-

155 2746 234 2804 νου,
257 2723 365 2804 λέγειν
384 2721 419 2786 δέ
436 2718 608 2788 ἀδυνάτου
624 2723 680 2789 καὶ
696 2719 759 2806 τὴν
775 2728 843 2787 τῦν
860 2718 1038 2788 ἀντιδίκων
1055 2720 1110 2789 διὰ

155 2825 252 2885 τοῦτο
272 2818 470 2904 ἐζηλωκότος
482 2819 602 2904 φῦσιν,
626 2818 678 2887 ὅτι
688 2819 846 2887 σύνοιδεν
857 2821 963 2909 ἑαυτῷ
976 2820 1037 2906 μὲν
1050 2819 1112 2886 οῦ-

155 2919 212 2984 δὲν
225 2907 274 2984 οἷν
289 2920 528 3003 διαπέπρακται
542 2924 717 3010 δυναμένῳ
728 2918 871 3005 φράσαι,
890 2916 950 2986 τὸν
961 2918 997 2986 δέ
1008 2921 1109 3006 κατη-

154 3041 257 3101 γορον
274 3011 339 3104 ὁρηῖ
356 3015 547 3101 δυνάμενον
559 3021 614 3085 καὶ
631 3018 671 3086 τά
684 3019 727 3104 μὴ
741 3021 955 3105 πεπραγμένα
967 3015 1028 3104 ὑφ’
1046 3017 1112 3086 αῦ-

153 3123 214 3181 τοῦ
236 3114 435 3198 παριστάναι
458 3130 525 3194 τοῖς
548 3114 733 3185 ἀκούουσιν
755 3116 800 3196 ῦς
822 3119 994 3208 διῴκηκεν.
1028 3116 1111 3184 ὅταν

155 3213 187 3280 δ’
208 3217 238 3293 ἐξ
257 3212 433 3299 ὀνομάτων
451 3222 666 3302 συγκείμενος
685 3214 883 3301 ἅνθρωπος,
908 3217 963 3283 καὶ
981 3216 1112 3284 τούτων

86 3331 138 3384 623
156 3323 285 3398 πικρῶν
303 3316 357 3381 καὶ
375 3320 576 3401 περιέργων,
602 3322 711 3383 ἔπειτα
728 3319 780 3384 έπδ
797 3315 858 3402 τὴν
876 3313 1044 3401 ἁπλότητα
1056 3318 1112 3383 καὶ

155 3411 194 3478 τὰ
213 3418 292 3497 ἔργα
309 3415 521 3501 καταφεύγη,
536 3424 584 3493 τίς
601 3411 645 3481 ἀν
662 3414 857 3501 ἀνάσχοιτο;
880 3407 921 3483 οὗ
932 3413 1113 3501 τηυγλοῦτ-
