2340 3916
58 198 84 283 ρζ
103 213 146 266 οο.
276 215 367 266 ΠΕΡΙ
384 212 461 266 νου
477 215 616 268 Amor
633 216 797 269 ωερε.
951 223 1013 286 149
1129 260 1132 268 .

57 398 139 457 σθαι
155 389 233 477 περὶ
244 383 321 467 τούς
331 390 578 477 Στρατοκλέους
595 392 725 468 παῖδας.
756 384 819 458 ούκ
835 386 927 472 ἄξιον
943 407 1013 473 τοῖς

56 485 176 558 τούτου
193 484 301 576 λόγοις
318 484 499 575 πιστεύειν,
516 483 553 569 ὃς
569 484 729 576 τοσαύτης
745 483 861 570 οὐσίας
879 501 1013 562 καταλε-

56 590 232 678 λειμμένης
264 585 440 678 ἐτόλμησεν
472 590 525 658 ἐπὶ
558 592 699 678 διαβολή
722 587 913 668 ψεύσασθαι
938 589 1011 662 κατ’

56 691 139 777 ἐμοῦ
152 691 331 778 τηλικαῦτα
345 685 548 779 τόψμέγεθος.
577 697 819 778 καταλογίζεται
835 697 951 762 τοίνυν
968 688 1013 775 ὥς

55 786 119 877 ἐγω
145 802 233 882 τρεῖς
263 787 405 881 κλήρους
431 787 575 879 είληφύς
600 791 656 860 καὶ
681 794 812 870 πολλῶν
838 789 1013 881 χρημάτων

55 887 212 1016 εύποραῖν
225 886 315 981 ύφαν
317 899 373 975 ίζω
390 887 451 978 τήν
468 886 603 980 ούσίαν,
621 886 668 960 ἵν’
688 887 732 973 τός
750 888 898 982 ἐλύχισθ’
917 887 1013 982 ύμεϊς

55 987 166 1061 αύτων
192 987 387 1081 ἄπολαύητε.
432 1008 501 1073 τοῖς
521 989 589 1083 γὰρ
614 992 719 1114 μηδὲν
746 998 875 1062 δίκαιον
901 1000 1013 1083 ἔχουσι

54 1094 195 1182 περὶ
147 1120 215 1162 των
232 1091 436 1215 πραγμάτων
454 1088 604 1188 λέγειν’
585 1090 721 1182 αυύγκη
735 1101 927 1186 πορίζεσθαι
948 1123 1013 1166 τοι·

54 1190 174 1274 αύτους
191 1190 326 1282 λόγους,
351 1182 436 1276 ἐξ
408 1222 456 1263 ων
475 1190 708 1281 διαβάλλοντες
731 1197 832 1264 πλέον
850 1201 936 1285 ἔχειν
955 1201 1013 1265 6v·

53 1291 211 1382 νήσουται
227 1322 295 1365 των
312 1290 500 1364 ἀντιδίκων.
531 1297 601 1382 ἐμοὶ
620 1295 657 1363 66
673 1291 836 1386 μάρτυρές
849 1296 978 1367 ἐστε’
932 1323 1013 1368 παν·
1030 1323 1065 1377 48

54 1422 109 1475 τες
133 1390 184 1464 ὅτι
209 1400 244 1465 oc
266 1397 323 1483 τῆς
350 1399 428 1484 ἐμῆς
453 1392 609 1482 γυναικός
631 1390 783 1484 ἀδελφοί,
831 1400 1014 1518 Χαιρέλεως

55 1498 111 1577 ηαὶ
128 1493 362 1587 Μακάρτατος,
387 1491 427 1566 ού
444 1524 511 1566 των
528 1495 809 1584 λειτουργούντων
829 1486 915 1585 ήσαυ
931 1494 1015 1620 ύλλά

54 1625 123 1666 των
139 1604 299 1687 βραχεῖαν
315 1600 523 1718 κεκτημένων
545 1592 671 1671 ούσίαν.
707 1594 929 1688 Μακάρτατον
950 1597 1014 1690 γὰρ

55 1708 125 1767 ἴστε
142 1693 192 1767 ὅτι
208 1726 247 1767 το·
234 1695 384 1788 χωρίου
402 1692 606 1787 ἀποδόμενος
627 1698 682 1766 καὶ
701 1695 819 1789 τριήρη
835 1696 1014 1789 πριάμενος

54 1801 110 1867 καὶ
136 1796 260 1886 ταύτην
285 1795 541 1889 πληρωσάμενος
560 1804 619 1877 ἐἰς
644 1795 779 1887 Κρήτην
805 1800 1012 1880 ἐξέπλευσεν·

54 1895 95 1968 ού
112 1896 176 1990 γὰρ
194 1895 229 1969 τό
249 1905 346 1989 ἔργον
363 1895 488 1988 ἀφανὲς
513 1899 658 1986 ἐγένετο,
683 1893 766 1966 ἆλλιὶ
783 1899 838 1967 καὶ
855 1898 955 1987 λόγον
980 1902 1015 1969 ἐν

54 2002 102 2092 τῷ
128 1997 220 2092 ἂήμμ
246 2002 403 2091 παρέσχε,
435 1995 480 2087 μή
506 1995 649 2087 πόλεμον
675 1993 755 2087 ἡμῖν
779 1994 853 2070 ἄντ’
882 1998 1015 2090 είρήνης

55 2103 181 2180 ἐκεῖνος
198 2098 288 2191 ’πρός
319 2105 603 2188 Λακεδαιμονίους
629 2097 784 2188 ποιήσειε.
828 2102 1015 2191 Χαιρέλεως
1032 2132 1066 2186 49

56 2202 94 2270 66
110 2198 148 2270 τό
165 2210 380 2292 Προσπαλτοί
393 2206 515 2291 χωρίον
533 2203 722 2289 κατέλιπεν,
741 2196 760 2271 6
776 2204 878 2273 πλέον
894 2198 957 2272 υύκ
973 2196 1021 2271 όν

56 2298 148 2391 εύροι
165 2300 341 2393 τριάκοντα
357 2304 459 2392 μνων.
496 2304 621 2390 συνέβη
636 2302 674 2371 66
690 2299 749 2372 τόν
765 2302 827 2391 μὲν
838 2307 942 2372 ταῦτα
958 2331 1015 2372 κα·

54 2400 233 2473 ταλιπόντα
249 2406 442 2491 τελευτῆσαι
459 2399 619 2494 πρότερον
636 2396 914 2493 ήιΜακύρτατον,
935 2406 1016 2473 ἐκεῖ·

53 2532 116 2574 νον
135 2504 172 2572 66
188 2500 269 2592 μετὰ
286 2502 407 2590 ταύτης
424 2505 482 2591 τῆς
499 2499 626 2592 ούσίας,
644 2497 687 2589 6v
705 2509 790 2592 ἔχων
808 2504 1015 2586 ἐξέπλευσεν·

54 2601 184 2674 ἅπαντα
201 2601 264 2694 γὰρ
282 2606 337 2673 καὶ
354 2601 416 2692 τήν
433 2600 550 2694 τριήρη
559 2605 615 2672 καὶ
634 2596 736 2672 α’ύτόν
754 2599 836 2672 κατὰ
852 2599 910 2673 τόν
922 2601 1016 2671 πόλε-

54 2733 118 2794 μον
144 2700 302 2774 ύποόλεσε.
346 2705 625 2793 καταλειφθέντος
652 2702 689 2771 δὲ
720 2704 781 2772 τού
804 2711 1021 2794 Προσπαλτοί
1083 2731 1084 2734 ’

53 2813 179 2897 χωρίου
205 2808 260 2875 καὶ
285 2807 484 2894 γιγνομένου
509 2806 566 2892 τής
584 2807 722 2874 ἐκείνων
747 2798 911 2893 ἄδελφής,
940 2807 1019 2893 ἐμῆς

56 2907 95 2976 66
111 2903 285 2994 γυναικός,
313 2909 476 2992 ἐπείσθην
497 2898 557 2975 ὑπ’
586 2908 714 2992 ἐκείνης
740 2907 925 2995 είσποιήσαι
942 2915 1018 2975 Μα-

55 3004 206 3101 καρτύτω
234 3003 307 3077 τόν.
316 3010 428 3097 ἕτερον
451 3008 519 3076 τοῖν
542 3011 687 3076 παίδων·
712 3000 773 3095 ούχ
803 3010 863 3077 ἰ’να
885 3002 930 3095 μή
953 3014 1018 3074 λει-

55 3115 246 3230 τουργρίηυ,
266 3115 296 3177 εί
312 3104 526 3198 προσγένοιτό
543 3134 597 3194 μοι
608 3133 707 3175 τουτο
716 3134 752 3175 το
770 3114 900 3197 χωρίον.
929 3101 1018 3195 ὁμοί·
1035 3133 1070 3187 50

57 3237 101 3290 ως
127 3206 191 3300 γὰρ
217 3210 331 3278 καὶί
300 3206 548 3295 είσποιήσαντος
573 3234 669 3276 τουτο
677 3235 716 3328 γ
747 3202 909 3298 ύπήρχεν
937 3203 1018 3275 ούδε

56 3308 120 3399 γὰρ
148 3307 377 3399 ἐλειτούργουν
404 3306 459 3387 διὰ
484 3304 581 3378 τούτό
606 3303 639 3396 γ’
667 3295 766 3395 ήττον
790 3304 907 3394 οὐδέν,
934 3303 1018 3375 ύλλά

57 3414 177 3481 καὶ
129 3439 198 3480 των
216 3437 231 3478 ε
233 3408 439 3500 ίσφερόντων
464 3399 507 3497 ήυ
533 3411 589 3478 καὶ
613 3411 680 3479 ταῖν
697 3404 737 3476 τὰ
753 3404 1018 3530 προσταττόμενα

56 3508 139 3603 ύμῖν
157 3507 288 3581 ἅπαντα
305 3509 500 3582 ποιούντων.
527 3538 545 3580 ο
534 3504 643 3579 ‘6‘6
620 3536 664 3590 ως
680 3504 793 3602 περὶ’
774 3506 939 3601 αγρήστου
955 3506 1018 3596 μὲν
