2340 3916
259 219 381 275 ΠΕΡΙ
401 218 839 276 ΠΑΡΑΠΡΕΣΒΕΙΑΣ.
989 215 1031 279 83

76 404 153 465 μην,
178 372 244 445 οὔτ’
258 377 457 463 αἰσχύνομαι
467 373 516 443 ἐπ’
528 374 654 458 αὐτοῖς,
677 373 760 444 ἀλλά
772 380 826 444 καί
837 384 1032 463 φιλοτιμοῦ-

27 490 63 548 70
77 501 144 560 μαι.
176 472 341 561 βούλομαι
359 472 390 541 δ’
404 471 491 559 ὑμᾶς
509 472 658 553 καὶτοὺς
675 472 813 560 καιροός
829 472 1030 563 ὑπομνῆσαι,

78 575 115 639 έν
129 567 178 650 οἷς
190 571 420 659 ἐβουλεύεσθε.
452 568 516 657 τήν
527 571 589 656 μὲν
605 569 668 656 γὰρ
687 569 794 658 ἀρχήν
804 574 1031 659 ἐποιησάμεθα

77 680 138 739 τοῦ
158 672 304 756 πολέμου
326 666 408 755 ὑπὲρ
429 666 670 755 Ἀμφιπόλεως,
693 677 869 758 συνέβαινε
891 669 924 738 δ’
936 669 1032 757 ήμών

78 767 137 837 τόν
160 767 344 854 στρατηγὸν
366 770 404 835 έν
424 775 472 856 τῷ
492 770 623 856 πολέμῳ
647 769 874 856 ἑβδομήκοντα
896 769 956 857 μὲν
977 773 1032 839 καὶ

80 871 176 935 πέντε
185 865 297 944 πόλεις
308 871 513 952 συμμαχίδας
524 863 802 955 ἀποβεβληκέναι,
822 867 861 948 ἀς
873 870 1031 956 ἐκτήσατο

81 965 244 1051 Τιμόθεος
254 961 271 1030 ὁ
282 964 443 1045 Κόνωνος
453 968 508 1032 καί
517 968 717 1053 κατέστησεν
729 973 775 1046 είς
786 967 822 1034 τό
835 973 1029 1056 συνέδριον·

78 1061 266 1151 προῄρημαι
285 1060 349 1148 γάρ
367 1064 661 1150 παρρησιάσασθαι
681 1068 736 1133 καί
758 1069 942 1153 ἐλευθέρως
964 1066 1031 1153 ἅμα

80 1164 134 1229 καὶ
151 1159 281 1248 τάληθή
299 1160 402 1230 εἰπών
419 1164 599 1243 σώζεσθαι·
632 1163 691 1231 ἐάν
715 1168 751 1232 δὲ
769 1164 876 1244 άλλως
894 1191 962 1244 πως
979 1193 1033 1251 γι-

79 1260 259 1346 γνώσκητε,
271 1261 527 1347 καταχρήσασθέ
534 1289 605 1348 μοι·
628 1262 669 1329 οὐ
685 1261 750 1349 γάρ
768 1259 811 1331 ἀν
823 1262 1033 1332 ὑποστειλαί-

28 1368 58 1422 71
78 1387 159 1447 μην·
190 1359 308 1428 ἑκατὸν
324 1362 429 1429 δὲκαὶ
446 1363 652 1448 πεντήκοντα
671 1363 815 1448 τριήρεις
832 1364 978 1451 λαβόντα
995 1365 1031 1430 ἐκ

78 1467 145 1527 τών
156 1465 305 1545 νεωρίων
321 1459 365 1546 μή
387 1463 693 1549 κατακεκομικέναι,
716 1465 885 1530 καὶταῦτα
902 1459 983 1547 ὑμῖν
994 1465 1032 1530 έν
1049 1490 1102 1544 243

78 1571 146 1636 τοῖς
156 1555 282 1642 ἀγῶσιν
292 1555 341 1625 ἀεὶ
351 1572 419 1636 τοῖς
430 1559 581 1644 Χάρητος
594 1564 628 1627 oc
636 1560 814 1646 κατήγοροι
826 1561 1029 1646 δεικνύουσι,

80 1663 165 1743 χίλια
177 1659 213 1723 δὲ
230 1658 284 1723 καὶ
301 1657 499 1725 πεντακόσια
516 1657 660 1724 τάλαντα
678 1655 740 1725 οὐκ
758 1663 803 1736 είς
821 1658 1031 1743 στρατιώτας,
1049 1681 1101 1735 249

81 1752 149 1822 ἀλλ’
168 1759 214 1832 εἰς
230 1751 406 1839 ἡγεμόνων
424 1752 612 1834 ἀλαζονείας
634 1753 856 1841 ἀνηλωκέναι,
878 1757 1032 1840 Δηιάρην

79 1880 114 1921 τε
126 1856 181 1921 καί
191 1862 369 1940 Δηίπυρον
386 1855 691 1940 καίιΠολυφόντην,
715 1856 877 1936 δραπέτας
894 1852 1032 1936 ἀνθρώ·
1049 1868 1102 1920 250

78 1979 179 2038 πους,
202 1955 237 2019 ἐκ
255 1961 311 2038 τῆς
321 1950 475 2030 Ἑλλάδος
490 1954 779 2037 συνειλεγμένους,
801 1953 856 2018 καί
872 1954 971 2038 χωρίς
987 1955 1033 2029 είς

78 2052 157 2132 τούς
167 2055 240 2138 περὶ
252 2050 288 2119 τό
301 2059 391 2139 βήμα
402 2054 456 2120 καὶ
467 2050 528 2138 τήν
540 2054 716 2137 ἐκκλησίαν
736 2051 982 2137 μισθοφόρους,
1000 2056 1035 2117 οἳ

79 2151 157 2231 τούς
168 2153 229 2236 μὲν
245 2149 474 2236 ταλαιπώρους
491 2149 653 2236 νησιώτας
671 2146 746 2218 καθ’
761 2150 900 2217 ἕκαστον
918 2152 1032 2217 ἐνιαυ-

78 2250 138 2319 τόν
156 2252 311 2331 ἑξήκοντα
330 2250 473 2318 τάλαντα
497 2251 709 2333 εἰσέπραττον
732 2248 906 2334 σύνταξιν,
929 2254 1031 2334 κατή-

80 2377 143 2436 γου
160 2353 196 2416 δὲ
212 2348 252 2417 τά
271 2359 368 2417 πλοῖα
385 2351 440 2417 καὶ
456 2349 535 2426 τούς
549 2346 709 2433 Ἕλληνας
725 2350 762 2415 ἐκ
773 2356 830 2433 τῆς
842 2355 955 2433 κοινῆς
965 2358 1032 2414 θα-

28 2457 63 2512 ‘12
82 2450 208 2535 λάττης.
238 2446 310 2515 ἀντὶ
322 2452 357 2515 δὲ
375 2446 557 2533 ἀξιώματος
567 2449 620 2514 καὶ
630 2455 687 2530 της
697 2453 765 2512 τῶν
778 2443 945 2530 Ἑλλήνων
953 2442 1032 2530 ήγε-

78 2558 194 2635 μονίας
210 2546 230 2633 A
251 2549 346 2626 πόλις
362 2545 456 2633 ήμών
467 2544 678 2631 Μυοννήσου
688 2545 743 2611 καὶ
755 2551 812 2628 τῆς
823 2550 889 2609 τών
900 2551 1032 2630 ληστών
1046 2559 1095 2612 251

79 2647 176 2732 δόξης
188 2644 429 2731 ἀνεπίμπλατο·
452 2652 615 2723 Φίλιππος
632 2644 667 2712 δέ
685 2640 843 2729 ὁρμηθείς
866 2647 901 2711 έκ
913 2651 1032 2710 Μακε-

78 2751 191 2822 δονίας
203 2742 314 2812 οὐκέθ’
326 2743 409 2828 ὑπὲρ
420 2743 645 2829 Ἀμφιπόλεως
655 2739 739 2825 πρός
750 2738 835 2871 ήμᾶς
846 2738 1031 2827 ήγωνίζετο,

77 2841 146 2912 ἀλλ’
164 2843 227 2966 ήδη
244 2869 319 2926 περι
308 2843 475 2929 Λημνου
486 2845 540 2910 και
554 2842 693 2929 Ἴμβρου
716 2869 768 2909 και
760 2842 941 2927 Σκύρου,
965 2848 1033 2907 τών

77 2940 246 3028 ήμετέρων
263 2943 452 3028 κτημάτων·
489 2942 637 3020 ἐξέλιπον
654 2945 689 3009 δὲ
707 2936 955 3026 Χερρόνησον“
938 2945 1033 3024 ημῶν

77 3071 109 3111 οι
102 3041 329 3128 ’πολῖταιπήν
341 3035 447 3108 οὖσαν
459 3037 718 3126 ώμολογημένως
728 3039 929 3124 Ἀθηναίων·
941 3044 1034 3104 πλεί-

78 3170 138 3221 ους
151 3143 185 3211 A
196 3146 369 3228 ἐκκλησίας
387 3140 595 3226 συγκλήτους
612 3139 847 3262 ἠναγκάζεσθε
857 3137 1030 3222 ἐκκλησιά-

77 3246 144 3320 ζειν
156 3268 236 3328 μετα
226 3241 359 3327 φοβον
374 3243 428 3307 καὶ
439 3233 627 3325 θορόβουή
638 3238 696 3318 τάς
707 3240 903 3323 τεταγμένας
915 3241 951 3304 ἐκ
962 3261 1030 3302 των

24 3348 62 3404 ⁷3
78 3339 209 3424 νόμων·
230 3337 319 3406 οὕτω
331 3335 363 3406 δ’
376 3332 419 3422 ήν
430 3335 581 3423 σφαλεροὶ
594 3339 648 3402 καὶ
663 3340 859 3404 ἐπικίνδυνα
871 3332 909 3402 τά
924 3331 1032 3417 πράγ-

76 3465 180 3525 ματα,
214 3436 297 3505 ώστε
331 3435 530 3523 ήναγκάσθη
555 3436 681 3522 γράψαι
702 3435 1041 3580 ψήφισμαῇἓζηιρισο-
