2340 3916
142 174 184 237 86
495 177 750 235 ΑΙΣΧΙΝΟΤ

143 363 201 416 νος
217 335 411 423 αύτόμολος.
449 334 513 421 ἐγω
532 331 564 402 δ’
583 338 619 403 έν
636 334 697 421 μὲν
715 344 762 426 τῷ
778 340 909 426 πολέμῳ
927 341 1100 422 συνίστην,

142 432 217 501 καθ’
231 432 312 502 ὅσον
322 425 365 520 ἦν
377 430 533 520 δυνατός,
551 430 711 517 Ἀρκάδας
728 436 782 501 καί
799 433 877 513 τούς
888 431 1100 512 ἀλλουςἝλ·

142 542 243 619 ληνας
260 536 312 602 ἐπὶ
330 539 511 600 Φίλιππον·
541 529 680 610 οὐδενός
699 528 730 597 δ’
749 528 945 615 ἀνθρώπων
962 534 1101 599 ἐπικου-

73 644 127 698 258
143 639 284 716 ρούντος
300 639 340 720 τή
356 631 467 713 πόλει,
490 627 573 696 ἀλλά
590 636 659 695 των
676 628 737 715 μὲν
754 629 1006 717 περιορώντων,
1033 628 1055 698 ό
1069 655 1102 697 τι

143 732 362 818 συμβήσεται,
385 737 453 795 τῶν
471 729 507 796 δὲ
524 728 911 813 συνεπιστρατευόντων,
934 737 1003 795 τοῖν
1015 725 1048 796 δ’
1063 731 1100 796 ἐν

142 839 183 916 τῇ
194 829 286 897 πόλει
300 827 451 914 ῥητόρων
460 825 605 913 χορηγόν
621 841 691 904 ταῖς
708 823 783 893 καθ’
794 823 923 913 ήμέραν
935 827 1100 905 δαπάναις

142 927 202 995 τόν
212 929 360 1013 πόλεμον
371 929 598 1013 ποιουμένων,
622 923 773 1012 ὁμολογῶ
791 934 1043 1014 συμβουλεῦσαι
1053 935 1101 1018 τῷ

143 1027 234 1116 δήμω
259 1027 481 1094 διαλύσασθαι
503 1028 587 1112 πρὸς
611 1032 777 1093 Φίλιππον
801 1027 856 1093 καί
877 1025 939 1113 τήν
961 1028 1099 1114 εἰρήνην

142 1128 347 1210 συνθέσθαι,
370 1122 413 1210 ἣν
429 1123 471 1191 σύ
486 1129 625 1210 νομίζεις
636 1133 701 1191 νῦν
717 1123 856 1209 αἰσχρόν
874 1122 1096 1193 οὐδεπώποθ’

142 1223 310 1309 ἁψόμενος
330 1223 460 1309 ὅπλων,
481 1226 545 1308 ἐγω
568 1225 603 1292 δὲ
624 1224 749 1310 ταύτην
771 1223 857 1291 εἰναί
875 1251 961 1310 φημι
983 1232 1099 1312 πολλῷ

141 1332 264 1394 καλλίω
274 1333 335 1391 τοῦ
346 1327 500 1409 πολέμου.
531 1324 592 1410 χρή
614 1325 665 1410 δὲ,
690 1317 915 1411 ἀἈθηναίοι,
939 1323 1018 1403 τούς
1035 1329 1097 1411 μὲν
1113 1346 1147 1399 80

141 1429 293 1512 πρέσβεις
303 1433 446 1505 θεωρεῖν
456 1421 539 1508 πρὸς
552 1420 611 1490 τόν
621 1421 754 1508 καιρόν,
773 1421 849 1490 καθ’
862 1420 903 1492 δν
916 1427 1101 1511 ἐπρέσβευ-

140 1548 190 1607 ον,
204 1520 283 1600 τούς
295 1523 329 1589 δὲ
347 1520 550 1605 στρατηγούς
562 1518 646 1607 πρὸς
656 1519 714 1599 τάς
726 1522 893 1607 δυνάμεις,
908 1513 957 1588 σόν
968 1519 1100 1607 ἡγοῦν-

138 1647 185 1689 το.
220 1622 274 1687 καὶ
290 1618 354 1706 γάρ
373 1616 431 1697 τοίς
449 1619 579 1696 εἰκόνας
595 1623 705 1687 ἵστατε
715 1622 770 1687 καὶ
786 1618 844 1698 τάς
853 1623 1032 1705 προεδρίας
1042 1622 1100 1687 καὶ

138 1719 217 1797 τους
234 1718 422 1804 στεφάνους
440 1721 494 1784 καὶ
512 1716 569 1796 τάς
581 1721 618 1785 ἐν
634 1726 821 1808 πρυτανείῳ
832 1719 976 1805 σιτήσεις
987 1722 1099 1786 δίδοτε

138 1815 181 1884 ού
192 1831 259 1896 τοῖς
270 1814 332 1902 τήν
344 1817 482 1903 εἰρήνην
493 1814 747 1902 ἀπαγγείλασιν,
770 1815 855 1885 ἀλλά
866 1831 934 1896 τοῖς
952 1815 1016 1902 τήν
1028 1819 1097 1903 μά-

139 1941 201 2000 χην
213 1915 396 1999 νικήσασιν.
431 1919 461 1981 εἰ
470 1912 499 1980 δ’
514 1919 646 1982 ἔσονται
662 1922 731 1982 τῶν
747 1917 901 2001 πολέμων
918 1919 954 1982 αί
963 1914 1025 2001 μὲν
1037 1915 1099 1983 εὔ.-

139 2030 244 2087 θνναι
261 2025 328 2085 τῶν
344 2021 530 2104 πρέσβεων,
553 2022 589 2085 αί
603 2018 639 2086 δὲ
664 2021 784 2102 δωρεαὶ
801 2026 870 2084 των
887 2024 1097 2104 στρατηγῶν,

139 2113 329 2190 ἀσπόνδους
346 2115 400 2178 καὶ
418 2109 626 2197 ἀκηρύκτους
643 2112 721 2193 τούς
737 2118 901 2201 πολέμους
923 2116 1097 2202 ποιήσετε·

140 2211 248 2289 οὐδεὶς
259 2211 322 2296 γὰρ
334 2210 484 2296 ἐθελήσει
496 2211 699 2300 πρεσβεύειν.

222 2312 306 2396 Περὶ
323 2309 359 2375 δί
375 2312 630 2396 Κερσοβλέπτου
647 2314 701 2378 καὶ
718 2315 864 2381 Φωκέων
881 2315 937 2381 καὶ
953 2321 1023 2380 των
1034 2311 1098 2381 ἀλ·
1113 2331 1145 2386 81

68 2425 120 2482 259
137 2420 222 2495 λων,
247 2406 269 2476 ἀ
285 2407 369 2492 πρός
380 2407 509 2486 τούτοις
526 2411 755 2497 διαβέβλημαι,
778 2409 965 2480 ὑπόλοιπον
976 2417 1095 2478 εἰπεῖν.

136 2509 202 2596 ἐγω
219 2509 301 2594 γὰρ,
326 2501 353 2576 ἀ
372 2507 557 2594 Ἀθηναῖοι,
579 2510 633 2576 καὶ
651 2513 687 2577 ἐν
701 2518 742 2597 τῇ
763 2513 908 2598 προτέρᾳ
926 2512 981 2580 καί
1001 2513 1039 2577 ἐν
1056 2519 1099 2598 τῇ

136 2609 259 2696 ύστέρηι
271 2615 444 2695 πρεσβείᾳ,
467 2605 490 2674 όί
498 2607 558 2693 μὲν
570 2605 675 2692 εἰδον,
699 2607 743 2686 ως
754 2607 861 2693 εἶδον,
889 2608 969 2694 ὑμίν
986 2607 1099 2696 ἀπήγ-

134 2715 265 2792 γελλον,
277 2704 297 2774 ἀ
309 2707 341 2772 δ’
353 2705 495 2792 ήκουον,
519 2708 563 2784 τός
576 2706 710 2792 ἤκουσα.
738 2713 812 2774 τίνα
823 2700 887 2775 οὖν
897 2701 942 2794 ήν
954 2709 1096 2792 ἑκάτερα

135 2805 280 2889 τούτων,
303 2801 326 2871 δι’
336 2828 370 2868 τε
384 2801 473 2869 εἰδον
492 2802 514 2868 ἀ
530 2829 564 2870 τε
581 2803 709 2889 ήκουσα
728 2805 801 2887 περί
818 2810 1096 2893 Κερσοβλέπτου;

136 2901 228 2968 εἶδον
238 2901 299 2986 μὲν
312 2899 376 2985 ἐγώ
389 2903 443 2967 καί
455 2906 489 2967 οί
497 2905 715 2988 συμπρέσβεις
726 2900 870 2982 ἀπαντες
882 2901 1096 2991 ὁμηρεύοντα

135 2996 196 3066 τόν
212 2997 290 3066 υἰὸν
308 2996 368 3065 τόν
384 3003 639 3084 Κερσοβλέπτου
659 2997 747 3083 παρά
767 3006 937 3090 Φιλίππω·
968 3006 1024 3071 καὶ
1046 3009 1096 3072 ἔτι

134 3099 190 3165 καὶ
201 3105 267 3164 νύν
278 3093 372 3164 τοῦθ’
384 3093 489 3175 οὕτως
501 3103 571 3181 ἔχει.
605 3102 779 3184 συνέβαινε
791 3098 836 3182 δ’,
860 3100 915 3167 ὅτε
926 3101 988 3188 τήν
1006 3128 1096 3186 προ·
1111 3119 1148 3171 82

135 3197 235 3279 τέραν
256 3197 502 3281 ἐπρεσβεύομεν
523 3203 718 3282 πρεσβείαν,
741 3199 814 3282 ἰμοί
835 3199 896 3284 μὲν
918 3200 1000 3285 μετά
1023 3211 1096 3270 των

135 3296 376 3380 συμπρέσβεων
389 3291 519 3360 ἀπιέναι
531 3297 647 3378 δεῦρο,
669 3299 822 3385 Φιλίππῳ
836 3293 866 3361 δ’
880 3299 932 3364 ἐπὶ
951 3299 1095 3389 Θρηίκην

135 3390 269 3475 ἐξιέναι,
282 3390 366 3476 πρός
378 3387 409 3457 δ’
421 3386 506 3475 ἡμᾶς
518 3387 775 3476 ὦμολογηκέυαι,
783 3393 843 3470 ἕως
854 3387 899 3460 ἀν
910 3393 1005 3482 ύμείς
1017 3399 1095 3482 περὶ
