2340 3916
61 215 85 265 p.
102 198 143 249 οι.
201 197 291 247 Ποει
307 194 383 247 που
400 195 685 248 εποοοοιιιοοε
701 195 865 248 mmor.
974 201 1013 264 91

130 365 278 446 Εὔπολις
290 364 365 455 γάρ,
385 393 410 434 ω
398 356 559 457 ἄνδρες,
572 369 627 434 καί
642 365 833 489 Θράσυλλος
844 371 900 438 καί
918 367 1016 491 M55-
1032 391 1049 442 5

58 489 123 539 σων
147 456 334 554 άδελφοὶ
311 487 397 554 ησαν
420 461 609 558 ὁμομήτριοι
631 460 719 536 καί
703 465 902 558 ομοπάτριοι.
940 468 1014 539 505-

58 597 120 650 τοις
139 564 261 638 οάσίαν
278 561 296 636 5
313 565 420 689 πατήρ
438 569 591 638 κατέλιπε
607 564 750 655 πολλήν,
777 563 932 638 ὥστεκαὶ
950 579 1014 639 λει

57 684 213 761 ιουργεῖν
231 671 370 738 ἕκαστον
387 664 563 751 άξιοῦσθαι
580 664 659 759 παρ’
679 663 768 757 ὑμῖν.
793 665 918 756 ταύτην
933 673 1014 740 ἐκεῖ·

57 799 103 841 νοι
120 785 213 860 τρεῖς
230 765 323 849 ὄντες
338 772 510 857 ἐνείμαντο
521 767 601 860 πρὸς
612 765 782 857 άλλήλους.
807 766 934 839 τούτων
953 769 1015 840 δάο

58 869 272 958 ἐτελεύτησαν
294 872 370 960 περὶ
392 866 451 939 τδν
469 865 571 940 αὐτὸν
587 867 722 961 χρόνον,
746 865 764 939 5
782 871 844 960 μὲν
861 868 1015 958 Μνήσωυ

58 971 181 1042 ἐνθάδε
205 968 328 1059 άγαμος
350 973 406 1040 καί
431 968 546 1058 άπαις,
570 966 587 1040 5
613 971 651 1039 δὲ
673 969 865 1058 Θράσυλλος
886 974 955 1041 τῶν
979 975 1015 1043 ἐν

57 1079 195 1163 Σικελίᾳ
229 1073 419 1159 καταλεγεὶς
453 1069 676 1162 τριηράρχων,
712 1068 902 1142 καταλιπων
937 1070 1015 1143 υίδν

56 1167 303 1263 Ἀπολλάδωρον
335 1169 394 1242 τὸν
430 1173 485 1260 ἐμὲ
512 1175 577 1242 νυν
610 1169 839 1261 ποιησάμενον.
869 1169 1049 1254 Εάπολιςς

56 1263 115 1343 οὖν
150 1271 251 1363 μόνος
279 1269 391 1343 αὐτῶν
419 1276 570 1361 λειφθείς
597 1268 638 1340 05
666 1268 765 1363 μικρά
794 1274 798 1361 Ι
828 1269 1015 1343 άπολοιῦσαι

58 1376 120 1444 τῶν
152 1370 328 1463 χρημάτων
358 1369 514 1462 ήξίωσεν,
546 1369 628 1442 άλλά
659 1369 718 1442 τδν
748 1374 809 1461 μὲν
835 1372 1014 1462 Μνήσονος

59 1476 196 1565 κλήρου,
215 1463 257 1542 05
273 1476 328 1543 καί
344 1470 579 1567 Ἀπολλοδώρῳ
592 1477 736 1563 προσήκε
753 1471 789 1543 τδ
807 1469 1013 1565 ήμικλήριον,

60 1573 163 1695 πάντα
189 1581 235 1654 είς
259 1569 360 1644 αὑτὸν
378 1582 603 1664 περιεποίησε,
630 1571 769 1663 φάσκων
787 1569 878 1667 αὐτῷ
896 1578 1015 1644 δοῦναι

60 1671 112 1744 τδν
137 1671 302 1796 ἀδελφόν,
331 1703 432 1744 αυτον
451 1671 484 1743 δ
510 1679 636 1744 ἐκεῖνον
659 1671 746 1744 οὕτω
766 1646 928 1767 διῴκήσεν
947 1678 1014 1743 ἐπι-

60 1773 228 1863 τροπεάων
251 1771 334 1844 ὥστε
357 1777 458 1897 τριῶφ
475 1771 564 1868 αὐτφ
553 1772 752 1845 ταλάντων
772 1781 869 1897 δίκην
886 1771 1012 1862 ὀφλεῖν.

58 1867 248 1999 Ἀρχέδριμος
270 1871 333 1966 γάρ
354 1870 372 1944 5
396 1873 527 1955 πάππος
550 1869 670 1963 οὑμός,
695 1878 726 1957 ἐξ
750 1864 793 1944 05
813 1872 875 1962 τήν
891 1878 1048 1997 μητέραῖ

60 1972 183 2064 ἔσχε
145 2004 208 2063 την
222 1972 487 2066 Ἀπολλοδώρου,
506 1974 670 2063 τήδηνδδ
688 1971 821 2097 ἐμήν,
805 1978 894 2066 0555
911 1972 1007 2046 αάτδι

60 2074 189 2145 πάντων
218 2072 503 2164 άποστεροάμευον
526 2079 594 2146 των
615 2072 806 2165 χρημάτων,
839 2079 959 2166 ἔτρεφέ
978 2104 1014 2146 τε

61 2171 158 2246 αδτδν
182 2181 287 2262 παῖδα
308 2172 386 2246 355³
406 2171 450 2257 ὦς
469 2179 605 2304 ἑαυτοῦ,
632 2173 741 2245 καὶ
705 2205 766 2264 την
783 2178 906 2267 μητέρα
923 2205 1014 2265 κομι-

60 2274 212 2398 σάμενος,
231 2273 273 2346 άν
276 2283 333 2366 δρί
347 2304 383 2346 τε
399 2280 566 2398 γενομένῳ
591 2284 839 2364 συνηγωνίσατο
857 2280 912 2346 καὶ
932 2284 962 2346 ε
949 2279 1013 2346 σέ

59 2373 212 2463 πραξε
177 2404 215 2446 το
237 2371 432 2466 ήμικλήριον
455 2366 503 2447 55
526 2375 678 2464 Μνήσων
701 2374 918 2447 κατέλιπεν”
898 2398 961 2447 οσα
978 2405 1014 2446 τε

60 2478 155 2544 ἐκ
113 2505 172 2563 της
198 2479 371 2566 ἐπιτροπής
394 2474 613 2567 ἀπεστέρησε,
639 2482 733 2556 δίκας
758 2476 819 2546 δύο
839 2475 939 2548 ἑλάν.
958 2480 1014 2546 καὶ

58 2573 113 2662 τήν
140 2572 260 2645 οὐσίαν
292 2580 425 2664 ἐποίησε
450 2584 649 2666 κομίσασθαι
676 2573 737 2663 τήν
763 2573 868 2646 αὑτοῦ
893 2579 1012 2646 πάσαν.

58 2678 108 2744 καὶ
128 2673 184 2745 διδ
200 2680 305 2745 ταυτα
317 2674 463 2757 Εὔπολις
480 2677 542 2765 μὲν
559 2679 615 2746 καὶ
630 2672 875 2767 Ἀπολλόδωρος
888 2679 1014 2766 ἐχθροῖς
1032 2702 1049 2754 ⁸

58 2781 184 2864 ἔχοντες
201 2774 259 2846 τὸν
277 2775 383 2846 πάντα
400 2775 520 2867 χρόνον
539 2779 726 2846 διετέλεσαν
742 2772 823 2868 πρδς
840 2773 1013 2866 άλλήλους,

56 2870 71 2943 5
88 2878 126 2946 δὲ
144 2875 276 2956 πάππος
287 2872 389 2966 οὖμδς
401 2880 457 2946 καὶ
472 2874 716 2967 Ἀπολλόδωρος
727 2881 883 2966 φιλικῶς,
903 2875 1014 3000 φ’σπερ

55 2981 207 3065 προσῆκε.
248 2994 316 3058 τοις
341 2973 374 3046 δ’
400 2975 553 3069 ἔργοις”
532 3006 574 3048 αν
596 3006 645 3059 τις
661 2977 856 3067 τεκμήραιτο
873 2976 1015 3067 μάλιστα

55 3072 101 3146 ὅτι
116 3073 364 3164 Ἀπολλόδωρος
381 3073 588 3182 πέπονθεν“
569 3107 587 3148 ο
604 3075 814 3149 άντευποιεῖν
825 3075 919 3167 ἠξίου
937 3075 1015 3158 τοδς

56 3174 175 3248 εαυτδν
199 3173 487 3268 εὖεργετήσαντας.
529 3182 683 3271 συμφορᾷ
710 3176 773 3268 γάρ
795 3181 857 3248 τοῦ
878 3177 1014 3248 πάππου

53 3281 262 3401 χρησαμένου
288 3282 344 3348 καὶ
371 3280 556 3368 ληφθέντος
584 3287 630 3360 είς
655 3276 732 3360 τούς
758 3285 935 3396 πολεμίους
958 3280 1014 3347 καί

53 3378 204 3469 χρήματα
230 3386 431 3467 εἰσενεγκεῖν
453 3387 499 3460 είς
523 3377 627 3469 λάτρα
648 3375 744 3449 καὶ“
728 3381 910 3470 ομηρεῦσαι
927 3372 1013 3467 ὑπὲρ

52 3476 161 3549 αὐτοῦ
177 3476 360 3570 ήδίλησεν,
380 3484 441 3561 ἕως
458 3470 501 3550 05
519 3476 735 3571 εὐπορήσειεν
754 3483 878 3558 ἐκεῖνος
893 3473 1015 3567 τάργά-
