2340 3916
117 160 188 214 VIII
510 158 726 213 PRAEFATIO.

120 316 204 378 νην,
237 290 312 378 οὓς]
341 291 468 376 λεύκην
495 289 533 357 τδ
566 290 695 367 πόσους
721 291 754 356 h.
783 314 810 357 e.
839 294 868 356 λ.
902 291 1004 368 τόπος
1031 291 1094 370 οὓς

122 396 212 463 οοδδ.
242 416 363 460 omnes.
407 395 444 479 4,
476 394 498 458 2
527 385 576 458 ὦν
605 383 667 476 εἷς]
697 381 747 458 ὦν
775 392 844 457 τῶν
871 391 1013 476 ἀγαθοῖν
1044 385 1094 469 εἷς

122 498 213 564 οοδδ.
237 518 362 581 omnes,
386 518 403 560 e
424 495 642 581 superioribus
657 495 798 559 πολίτου
821 494 858 560 δὲ
873 491 1008 577 ἀγαθοῦ
1027 517 1093 559 νο-

122 601 212 684 μίζω.
241 637 284 648 —-
315 602 347 683 1,
378 601 415 663 17
447 596 617 682 ἐγράψατο
645 593 705 661 τὸν
727 592 952 660 Σπεύσιππον
980 617 1091 681 παρα-

123 698 250 787 νόμων]
275 699 413 783 γραφήν
435 699 506 764 edd.
529 698 619 782 Am,
642 698 791 764 lacunam
812 698 935 763 habend
955 696 1093 782 BLZM;

123 824 199 889 ergo
227 824 296 867 non
323 803 360 866 in
380 800 502 865 Aldine
523 800 651 865 demum
677 801 711 865 id
732 799 925 864 vocabulum
946 799 1093 864 nddidum

47 918 57 931 “
123 909 180 969 est.
202 942 245 954 —-
268 905 297 988 1,
321 903 382 968 142
403 906 464 985 τῆς
487 899 685 984 ἐλευθερίας
706 897 874 986 ὑπῆρξαν]
898 901 968 966 αδδ.
990 905 1093 965 αἴτιοι

124 1004 149 1071 Ζ
176 1010 209 1070 οῖ
235 1025 299 1090 mg.
328 1003 373 1069 M.
396 1041 438 1051 -
459 1004 495 1087 3,
523 1003 563 1066 21
587 1000 650 1085 την
672 1000 773 1067 πόλιν
798 999 896 1086 ἡμῶν
917 1000 1094 1085 ἄνδραπο-

123 1109 276 1185 δίζεσθαι
304 1101 359 1170 καὶ
387 1102 449 1188 την
475 1106 591 1187 χώραν
620 1103 784 1189 ἐρημοῦν]
809 1103 866 1169 καί
889 1105 997 1190 δηούν
1017 1110 1096 1188 post.

124 1201 312 1290 ἆνδραποδ,
342 1206 412 1271 αδδ.
441 1205 512 1272 ΖΜ.
540 1243 583 1257 -
611 1207 648 1290 3,
670 1206 712 1270 26
733 1205 901 1289 μάχεσθαι
923 1206 1094 1270 Λακεδαι-

124 1311 254 1394 μονίοις
264 1307 340 1373 AB:
363 1305 439 1392 μύχ.
456 1305 541 1391 πρὸς
555 1307 846 1392 Λακεδαιμονίους
859 1312 932 1373 σοῖο.
948 1345 990 1356 -
1004 1308 1035 1391 2,
1053 1308 1095 1372 16

125 1407 188 1475 οὐκ
211 1413 303 1475 ἔστιν
331 1407 381 1474 ὅτι
408 1410 536 1493 ἕτερον]
565 1406 628 1473 οὐκ
657 1411 749 1474 ἔστιν
778 1404 829 1474 ὅτι
856 1410 958 1493 ἔργον
978 1412 1009 1473 Α
1031 1431 1095 1492 pn,

125 1510 237 1578 ούαέτι
257 1511 375 1598 ἕτερον
388 1511 473 1595 Ald,
497 1507 559 1575 οὐκ
582 1512 675 1575 ἔστιν
697 1507 747 1575 ὅτι
762 1510 880 1592 ἕτερον
900 1513 1002 1595 ἔργον
1017 1515 1093 1576 cett.

20 1598 40 1611 η’
56 1606 69 1613 ”
124 1655 167 1666 -
190 1618 224 1700 1,
246 1616 289 1681 30
312 1612 351 1679 ἐν
373 1603 423 1688 οἷς
443 1607 539 1694 ὑμῶν
561 1610 664 1677 οὐδέν
685 1635 726 1695 με
753 1615 808 1677 δεῖ
826 1612 990 1693 δεόμενον
1013 1609 1094 1676 οὐδὲ

126 1716 398 1801 παραιτούμενον
431 1716 600 1797 σωθῆναι]
635 1709 733 1798 ὑμῶν
765 1714 936 1779 delendum
966 1714 1097 1779 videtur

126 1825 183 1885 aut
208 1816 484 1902 transponendum
511 1820 606 1880 certe.
630 1820 728 1899 -1,
756 1817 799 1880 59
820 1820 889 1880 τοῖν
912 1813 944 1880 δ’
969 1813 1094 1898 ἄλλην,

126 1923 161 1987 οἳ
181 1919 348 2003 πρότερον
368 1914 436 1984 ὑπὸ
464 1917 616 2001 Τεύκρου
639 1917 875 2002 ἐμηνύθησαν]
897 1922 973 2001 post
995 1919 1031 1980 οἳ
1052 1917 1100 1999 (οῖ

127 2023 230 2104 codd.)
253 2045 283 2086 v.
306 2020 434 2085 additur
460 2021 586 2105 λοιποί,
616 2021 702 2104 quod
729 2041 802 2085 eum
823 2019 924 2084 Dobr.
948 2018 1097 2083 delerunt

126 2124 218 2190 Tun.
240 2160 283 2172 -
306 2124 341 2207 1,
363 2123 404 2186 61
428 2120 627 2204 εἰσηγήσατο
648 2121 711 2207 μὲν
726 2120 852 2205 ταύτην
872 2117 934 2203 την
949 2116 1095 2203 βουλὴν]

126 2225 288 2310 γενέσθαι
315 2223 385 2288 αδδ.
414 2246 445 2288 v.
473 2227 549 2287 ande
575 2223 768 2288 Bekkerum.
792 2260 832 2272 ·-
858 2225 892 2305 1,
920 2223 961 2286 86
982 2209 1004 2303 ἦ
1027 2241 1097 2285 που

127 2321 272 2412 ἆγροίφςο
298 2348 337 2407 γε
358 2326 548 2408 ψηφίσματι
570 2324 786 2390 παντάπασιν
808 2319 849 2388 οὐ
871 2324 925 2387 δεῖ
949 2344 989 2405 γε
1010 2321 1099 2406 γρη-

129 2428 271 2511 σασδαι]
302 2427 357 2491 δεῖ
379 2448 418 2509 γε
439 2450 491 2510 χρ.
516 2427 614 2493 deleri
636 2428 707 2492 vult
727 2426 799 2511 Hi.;
826 2449 866 2509 γε
893 2422 989 2510 χρησ.
1012 2425 1096 2489 mihi

128 2551 257 2616 quoque
279 2529 414 2594 delenda
435 2529 593 2594 videntur.
609 2566 651 2578 -
669 2531 701 2614 1,
724 2529 767 2593 92
782 2528 956 2605 σκέψασθε
978 2529 1098 2591 τοίνυν

129 2623 159 2698 οῗ
186 2630 310 2713 ἄνδρες
337 2631 394 2694 καὶ
421 2628 501 2705 τοὺς
527 2631 654 2713 νόμους
681 2631 738 2694 καί
765 2627 843 2704 τούς
870 2631 1096 2713 κατηγόρους]

128 2734 186 2798 καί
213 2729 291 2807 τοὺς
317 2733 445 2815 νόμους
472 2732 571 2797 deleri
598 2733 672 2798 mal.
695 2731 853 2797 Reiskiun
878 2768 917 2779 -
940 2731 976 2813 2,
1007 2731 1047 2794 19
1073 2723 1096 2812 ἡ

127 2831 236 2918 βουλὴ
260 2833 359 2897 deleri
373 2832 445 2898 vult
458 2832 874 2899 Valckenaerius.-Haee
895 2854 972 2897 sene
994 2853 1099 2916 peuce

129 2941 221 3019 sunt,
244 2938 277 2999 et
291 2955 331 2998 ex
352 2935 398 2998 eis
420 2934 500 3018 ipsis
516 2935 672 3020 quaedem
686 2936 819 3000 minime
834 2939 935 3019 eerte3
959 2933 1099 3016 denique

128 3038 216 3103 intre
226 3035 456 3101 vocabulorum
467 3037 697 3122 explicationes
708 3038 760 3102 vel
771 3037 1005 3102 sententiarum
1013 3055 1099 3119 quae

129 3159 263 3205 maneae
273 3138 459 3204 viderentur
472 3139 734 3224 complendarum
745 3139 886 3203 studium
897 3137 1007 3203 omnia
1022 3157 1098 3201 eon-

129 3242 283 3307 finenem.
315 3238 419 3316 Quare
428 3263 623 3325 quamquam
634 3241 781 3325 profecto
794 3240 890 3304 etiam
903 3239 968 3304 elia
979 3238 1099 3324 glosse-

129 3347 218 3409 mata
238 3343 350 3407 insunt
370 3364 452 3427 quae
474 3365 534 3408 nos
549 3343 740 3407 convineere
754 3362 960 3425 nequeamus,
982 3362 1101 3424 parcus

128 3450 238 3510 temen
259 3445 296 3508 in
317 3444 508 3510 secludendo
530 3443 580 3507 fui
601 3466 705 3529 neque
727 3442 850 3508 Dobrei
872 3446 905 3507 et
918 3441 1101 3526 Hirschigii
