2340 3916
162 183 203 246 14
529 181 746 235 ΑΝΔΟΚΙΔΟΤ

159 325 201 393 τδι
235 325 326 415 ίερά,
364 329 421 393 ἵνα
451 323 657 412 τιμωρήσητε
694 321 758 412 μὲν
792 323 874 404 τούς
905 323 1131 416 ἀσεβοῦντας,

109 443 142 496 32
162 426 283 514 σοι’ζητε
300 426 339 495 δὲ
356 426 437 505 τούς
455 426 562 514 μηδὲν
580 424 793 504 ἀδικοῦντας.
829 432 989 513 νομίσατε
1006 435 1130 496 τοίνυν

159 526 312 616 ἀσέβημα
326 527 430 597 οὐδὲν
450 535 588 597 έλαττον
603 526 689 596 εἶναι
706 526 786 606 τούς
803 526 909 616 μηδὲν
927 526 1129 616 ήδικηκότας

159 628 295 718 ἀσεβεῖν
318 634 533 717 καταγνῶναι
562 624 687 716 ήτούς
718 627 922 717 ἠσεβηκότας
952 629 998 717 μή
1021 658 1128 719 τιμω-

161 741 302 820 ρεῖσθαι.
323 729 401 800 ὥστ’
421 731 487 818 ἐγώ
501 729 587 819 ἀμῖν
602 728 690 800 πολδ
705 735 835 818 μᾶλλον
849 736 918 798 τάν
928 732 1128 820 κατηγόρων

161 832 246 922 πρὸς
270 848 345 901 τοῖν
363 845 460 904 θεοῖν
480 831 689 920 ἐπισκήπτω,
714 829 802 921 ἀπέρ
825 858 861 900 τε
884 838 954 901 τῶν
980 837 1082 922 ῖεράν
1106 830 1128 901 δ

162 1042 314 1122 ἔρχονται
338 1037 456 1125 δεῦρο·
490 1041 522 1104 εί
543 1038 606 1123 μέν
623 1063 654 1104 τι
671 1033 818 1124 ἠσέβηκα
841 1031 1081 1124 ήάμολόγηκα
1107 1033 1129 1123 ή

162 1136 313 1224 ἐμήνυσα
337 1137 422 1206 κατά
443 1164 534 1217 τινος
558 1136 772 1226 ἀνθρώπων,
803 1133 949 1226 ήάίλιος
975 1164 1024 1218 τις
1048 1138 1126 1227 περὶ

110 1261 142 1311 33
162 1240 264 1325 ἐμοῦ,
283 1237 505 1309 ἀποκτείνατέ
519 1257 575 1327 με·
600 1238 641 1307 οά
661 1243 901 1328 παραιτοῦμαι·
921 1246 953 1309 εί
969 1238 1007 1308 δὲ
1022 1237 1128 1308 οὐδὲν

160 1338 350 1427 ήμάρτηταί
364 1368 437 1429 μοι,
455 1341 513 1409 καὶ
530 1342 631 1409 τοῦτο
648 1339 734 1428 ὑμῖν
752 1340 978 1429 ἀποδείκνυμι
995 1346 1127 1429 σαφῶς,

160 1442 277 1529 δέομαι
290 1440 389 1529 ἀμῶν
403 1441 488 1511 αάτδ
503 1441 654 1531 φανερὸν
667 1440 875 1530 τοῖςἝλίησι
885 1445 966 1511 πᾶσι
980 1446 1127 1530 ποιήσαι,

161 1540 207 1621 ἀς
225 1541 351 1624 ἀδίκως
369 1552 417 1625 είς
435 1544 535 1613 τόνδε
551 1544 612 1612 τὸν
630 1543 749 1631 ἀγῶνα
766 1546 938 1632 κατέστην.
974 1542 1034 1613 έάν
1058 1544 1125 1632 γάρ

159 1643 204 1732 μή
234 1645 406 1772 μεταλάβη
432 1647 470 1713 τὸ
498 1647 650 1734 πέμπτον
680 1646 782 1735 μέρος
811 1649 881 1714 τῶν
912 1644 1037 1733 ψήφων
1068 1647 1127 1714 καὶ

159 1745 314 1836 ἀτιμωθῇ
351 1746 369 1815 ὁ
407 1747 556 1828 ἐνδείξας
593 1750 631 1834 ἐμ
635 1746 650 1816 ὲ
686 1756 853 1836 Κηφίσιος
888 1746 1025 1835 οὑτοσί,
1061 1747 1128 1816 οὐκ

161 1848 288 1928 ἐξέσται
317 1847 411 1942 αὐτῷ
438 1856 487 1928 είς
514 1849 552 1918 τό
582 1849 676 1938 ίερόν
693 1864 768 1918 τοῖν
794 1859 892 1918 θεοῖν
919 1845 1125 1936 είσιέναι,
1105 1876 1128 1935 η

159 1947 392 2019 ἀποθανεῖται
421 1959 453 2020 εί
470 1941 534 2019 οὖν
551 1950 638 2038 ἀμῖν
652 1953 775 2020 δοκω”
760 1955 884 2031 ικανῶς
898 1953 976 2040 περὶ
993 1948 1127 2019 τοότων

160 2048 448 2138 ἀπολελογῆσθαι,
480 2054 655 2139 δηλώσατέ
679 2080 751 2141 μοι,
783 2057 840 2121 ἵνα
866 2051 1127 2141 προθυμότερον

159 2175 237 2241 περι
226 2152 325 2220 τῶν
343 2151 456 2222 ἀλλων
474 2153 700 2242 ἀπολογῶμαι.

107 2272 141 2321 34
236 2256 322 2342 Περὶ
337 2252 376 2322 δὲ
388 2258 457 2323 τῶν
471 2254 700 2344 ἀναθημάτων
718 2257 776 2343 τής
795 2257 976 2344 περικοπῆς
990 2255 1048 2322 καὶ
1066 2257 1126 2343 τής

158 2355 353 2443 μηνύσεως,
385 2353 497 2446 ὥσπερ
521 2358 578 2426 καὶ
602 2356 797 2445 ἀπεσχόμην
820 2355 923 2445 ὑμῖν,
954 2352 1044 2424 οὕτω
1067 2359 1126 2425 καὶ

159 2456 303 2544 ποιήσω·
324 2460 340 2526 έ
376 2456 479 2548 ἀρχῆς
493 2459 560 2548 γάρ
575 2458 666 2548 ἀμᾶς
684 2459 810 2540 διδάξω
824 2455 957 2526 ἅπαντα
970 2457 1011 2525 τά
1026 2484 1125 2545 γεγε-

157 2560 295 2646 νημένα.
355 2560 451 2648 πειδή
483 2562 631 2650 Τεῦκρος
662 2551 746 2648 ήίθε
769 2559 978 2649 Μεγαρόθεν
1008 2557 1125 2627 ἀδειαν

159 2657 359 2749 εὑρόμενος,
384 2661 504 2750 μηνόει
529 2671 609 2753 περί
632 2664 760 2730 τετῶν
784 2668 980 2752 μυστηρίων
1005 2657 1026 2728 ἀ
1051 2658 1127 2749 ήδει

159 2763 299 2830 καὶτῶν
313 2763 569 2851 περικοψάντων
583 2764 623 2832 τά
633 2762 849 2851 ἀναθήματα,
863 2765 920 2831 καὶ
930 2759 1124 2851 ἀπογράφει

225 2961 266 3009 32.
287 2951 460 3038 ἐπισκήπτω]
450 2961 518 3012 Ἰοῖ.
537 2962 625 3040 Harp
644 2976 666 3014 ε.
684 2977 709 3013 v
734 2952 930 3040 έπεσκήψιιτοι
953 2952 985 3011 τδ
1005 2955 1038 3010 δὲ
1061 2951 1125 3010 έπι-

159 3017 273 3092 σκήπτει
301 3018 366 3080 ἀντὶ
392 3027 444 3079 τοῦ
470 3022 544 3094 μετά
569 3044 646 3088 τινος
670 3021 863 3094 έπιθειασμοῦ
886 3024 959 3093 λέγω
986 3023 1036 3079 καί
1054 3022 1124 3079 οἷον

157 3085 291 3173 έξορκίζω
305 3087 376 3150 Ἂνδ.
395 3111 426 3147 τε
444 3087 474 3147 έν
492 3095 531 3164 τῷ
549 3094 616 3162 περὶ
638 3095 695 3148 τῶν
711 3095 872 3163 μυστηρίων
894 3092 945 3146 καί
962 3093 1125 3154 Λυσίας-

156 3187 191 3198 -
214 3155 427 3229 είρήκασινμ-
451 3147 543 3214 εἴδετε
567 3165 591 3213 Α
612 3165 678 3215 Bk:
704 3162 847 3215 ἴδετε-
813 3178 1016 3228 -μεμηννκοι
1038 3162 1126 3225 Bait„

156 3231 231 3280 sicut
249 3237 291 3282 est
309 3232 323 3313 ξ
343 3233 383 3280 29

225 3301 266 3349 33.
286 3292 370 3362 αότδ]
388 3283 426 3348 αὖ
444 3313 529 3349 τουτο
547 3300 672 3381 Επιρ-
685 3298 843 3379 Κηφίσιος
848 3302 921 3349 auct
941 3297 1036 3363 Step.h
1055 3298 1124 3351 Bk.:

157 3359 371 3447 Κηφήσιοςμ
390 3358 629 3448 έξέσταιεοιδρείι
650 3362 813 3430 έξεστιτι-
782 3358 988 3447 -υμινδοκῶ
999 3365 1045 3415 ΑΒ
1058 3365 1122 3416 Bk.:

158 3427 267 3485 δοκῶ
251 3437 329 3498 υμῖν.
399 3435 524 3485 αποῖεῖο
544 3430 636 3501 ἧσθαι
654 3435 701 3485 AB
720 3433 787 3485 Bk.·
806 3426 1026 3501 ἀπολογεῖσθαι.

225 3451 685 3558 Μ.ΜΜΜᾸΜ.
