2340 3916
156 165 198 230 46
534 167 748 219 AEINAPXOT

156 324 236 407 τοὺς
259 328 371 408 ἐλέους
393 327 449 396 καί
467 324 547 408 τοὺς
570 325 796 415 φενακισμοὺς
818 325 898 409 τούς
920 329 1044 398 τούτου
1062 329 1129 419 τὴν

159 439 293 502 δικαίαν
315 435 372 502 καὶ
394 431 456 521 τὴν
480 429 579 502 ὁσίαν
603 434 718 522 φέρετε
737 436 869 522 ψῆφον,
892 436 949 503 καὶ
973 452 1127 506 σκοπεῖτε

156 538 193 608 τὸ
213 543 253 629 τῇ
275 546 410 629 πατρίδι
434 541 624 629 συμφέρον,
648 538 691 628 μὴ
715 537 753 608 τὸ
772 543 1000 628 Δημοσθένει·
1023 546 1127 613 τοῦτο

105 646 222 735 112γάρ
242 649 311 714 ἐστι
328 649 440 715 καλῶν
458 643 620 732 κάγαθῶν
639 648 806 715 δικαστῶν
825 653 934 737 ἔργον.
962 650 1018 717 καί
1042 646 1128 719 ὅταν

157 749 323 841 ἀναβαίνῃ
351 779 401 834 τις
428 752 672 842 συνηγορήσων
694 755 924 841 Δημοσθένει,
952 762 1127 841 λογίζεσθε

157 857 207 929 ὅτι
236 850 335 940 οὗτος
358 855 375 927 ὁ
400 857 595 949 ἀνθρωπος,
624 864 655 926 εί
676 858 736 947 μὲν
764 857 808 948 μὴ
837 865 952 948 ἔνοχος
976 856 1025 928 ἀν
1052 877 1128 944 ταῖς

156 965 354 1055 μελλούσαις
372 961 583 1053 ἀποφάσεσιν
602 963 792 1053 ἀναβαίνει,
811 967 977 1048 κακόνους
995 969 1064 1036 ἐστὶ
1083 972 1125 1058 τῇ

156 1078 320 1161 πολιτεία,
343 1071 495 1153 καὶτοὺς
518 1073 571 1140 ἐπὶ
589 1075 635 1164 τῷ
660 1072 754 1163 δήμω
774 1075 867 1162 δῶρα
890 1072 1128 1161 λαμβάνοντας

158 1176 199 1248 οὐ
221 1177 425 1266 βουλόμενος
449 1184 547 1266 δίκην
576 1180 712 1265 δοῦναι,
739 1180 795 1247 καὶ
818 1176 881 1266 τὴν
908 1178 1026 1268 κοινὴν
1055 1184 1128 1250 τῶν

156 1281 327 1373 ὑμετέρων
349 1284 511 1372 σωμάτων
536 1284 705 1374 φυλακήν,
730 1281 784 1372 ἐφ’
804 1276 826 1375 ᾗ
848 1286 999 1355 τέτακται
1022 1284 1060 1356 τὸ
1086 1290 1128 1356 ἐν

154 1389 267 1481 Ἀρείςο
290 1389 384 1482 πάγῳ
408 1394 603 1481 συνέδριον,
631 1393 863 1478 καταλυθῆναι
889 1392 1045 1479 βούλεται
1068 1397 1128 1463 καὶ

158 1496 387 1584 συγκεχύσθαι
413 1497 522 1567 πάντα
549 1496 589 1566 τά
617 1500 654 1566 ἐν
680 1500 720 1587 τῇ
747 1497 841 1567 πόλει
869 1503 996 1567 δίκαια·
1028 1505 1061 1568 εί
1087 1500 1128 1569 δέ

157 1605 266 1693 ῥήτωρ
285 1599 306 1692 ἢ
326 1604 519 1694 στρατηγός,
534 1610 570 1673 οἳ
584 1603 646 1692 τὴν
660 1605 944 1693 προσδοκωμένην
962 1602 1041 1674 καθ’
1064 1603 1127 1674 αὑ-

156 1714 224 1780 των
247 1707 418 1798 ἀπόφασιν
446 1708 587 1780 άπιστου
610 1710 810 1798 βουλόμενοι
837 1712 997 1797 γενέσθαι
1019 1719 1128 1800 σννη-

157 1820 333 1907 γοροῦσιν,
358 1813 395 1885 ου’
416 1818 618 1907 προσεκτέον
640 1813 722 1905 ὑμῖν
740 1820 809 1886 ἐστι
832 1831 903 1898 τοϊς
920 1816 1050 1887 τούτων
1069 1819 1127 1888 λό-

157 1951 241 2009 γοις,
256 1922 401 2005 ,εἰδότας
420 1921 471 1992 ὅτι
489 1926 524 1992 ἐκ
542 1923 679 1992 πάντων
696 1924 826 1992 τούτων
844 1924 1019 2010 γεγένηται
1042 1945 1127 1993 συν-

157 2037 250 2119 εργία
269 2031 344 2118 περὶ
363 2027 424 2098 τὸν
438 2025 604 2116 Ἁρπάλου
627 2029 820 2099 κατάπλουν
843 2030 899 2098 καὶ
913 2026 976 2117 τὴν
991 2027 1126 2118 ἀφεσιν.

104 2142 355 2222 113υομίσαντες
375 2126 438 2203 οὖν
457 2125 483 2202 ολ
500 2132 674 2223 Ἀθηναῖοι
692 2132 767 2204 καθ’
788 2131 885 2224 ὑμῶν
902 2135 1028 2217 πάντας
1045 2138 1126 2206 τού-

62 2310 68 2329 ,
156 2268 235 2321 τονς
257 2237 453 2328 ἀναβαίνειν
475 2242 531 2309 καὶ
549 2240 685 2322 κοινοὺς
708 2239 852 2332 ἐχθροὺς
874 2239 1047 2311 εἶναιτῶν
1065 2244 1125 2313 νό-

156 2375 229 2435 μων
247 2348 303 2415 καὶ
320 2350 380 2435 της
401 2347 528 2428 πόλεως
546 2343 690 2435 ἀπάσης,
709 2346 752 2436 μὴ
773 2344 979 2436 ἀποδέχεσθε
998 2344 1126 2438 αὐτῶν,

157 2451 240 2522 ἀλλά
260 2449 393 2544 (αὐτὸν)
413 2453 560 2524 κελεύετε
579 2451 820 2542 ἀπολογείσθαι
843 2455 1005 2544 περὶτῶν
1023 2482 1125 2544 κατη·

156 2562 364 2649 γορημένων·
384 2560 467 2649 μηδὲ
484 2559 546 2650 τὴν
564 2557 670 2630 αὐτοῦ
689 2561 811 2630 τούτου
830 2565 965 2649 μανίαν,
983 2556 1021 2643 δς
1039 2563 1125 2649 μέγα

156 2681 279 2757 φρονεῖ
300 2668 352 2735 ἐπὶ
370 2669 416 2758 τῷ
441 2667 613 2737 δύνασθαι
635 2668 758 2755 λέγειν,
781 2667 838 2736 καὶ
861 2664 997 2736 ἕπειδάν
1020 2694 1125 2756 φανε-

156 2771 215 2862 ρὸς
245 2768 326 2859 ὑμῖν
358 2774 493 2859 γένηται
525 2776 743 2863 δωροδοκῶν,
776 2779 824 2842 ἔτι
855 2775 982 2861 μᾶλλον
1014 2775 1124 2863 ἐξελή-

156 2887 287 2964 λεγκται
306 2884 493 2966 φενακίζων
512 2875 612 2967 ὑμᾶς,
637 2876 749 2970 (ἀλλά)
767 2880 1004 2969 τιμωρήσασθε
1025 2875 1125 2969 ὑμῶν

155 3075 398 3213 την2διὲιὸ>ιίαν
366 3081 415 3134 καί
434 3101 489 3162 την
501 3079 732 3233 δσίαυξΝΖβίίτί
738 3077 895 3203 τὴνλὸσιαν
886 3082 973 3204 agl
990 3084 1122 3206 &galam

156 3167 171 3201 ο
308 3177 344 3187 -
418 3168 450 3204 το
538 3171 576 3205 τω
749 3143 913 3219 καδυκάγ
916 3169 934 3204 α
961 3169 995 3204 ον

225 3189 282 3269 1’12.
317 3143 582 3302 τνμλὶογίέεδθε-
601 3211 716 3286 ἅνθρΰ
708 3236 737 3270 m
754 3236 819 3301 mg.
822 3220 887 3278 hab
900 3221 933 3274 N.
950 3248 985 3258 -
1002 3219 1125 3287 προςδο-

155 3281 289 3367 κωμένην
311 3280 387 3338 καθ’
404 3280 500 3341 αὐτων
521 3291 547 3342 Ν
564 3291 627 3342 Mn:
651 3278 725 3339 καθ’
745 3281 841 3341 αυτῶν
862 3287 1048 3355 προςδοκ.-
1075 3305 1124 3356 γε·

155 3350 275 3420 γένηται
292 3354 357 3409 Μαι
375 3355 497 3423 γίνεται.

224 3424 280 3473 113.
317 3424 450 3491 φανερῶς
467 3426 545 3475 N.-
564 3418 606 3475 ἔτι
618 3423 700 3485 NAB
713 3428 742 3474 et
755 3440 789 3478 οι
799 3424 899 3477 Wolf..
917 3441 1016 3476 οτι.-
1036 3440 1123 3489 (γα-να

154 3486 240 3550 κίζων
258 3493 280 3540 Α
300 3508 339 3558 pr.
359 3493 439 3544 corr¹
458 3491 589 3558 (φαινοικ.
606 3488 763 3557 fuerit).-
