2340 3916
280 205 401 263 ΠΕΡΙ
418 202 853 263 ΠΑΡΑΠΡΕΣΒΕΙΑΣ.
978 202 1039 267 109

88 368 181 453 ἐμοῦ,
195 357 258 450 άρα
270 367 457 450 μέμνησθε,
478 361 522 442 ὦς
533 361 754 448 ἐπιδακρύσας
768 367 823 433 καί
833 363 1041 451 τὴνἙλλάδα

87 465 356 549 κατοδυράμενος
373 465 429 531 καί
446 461 604 546 Σάτυρον
619 460 681 530 τὸν
696 461 845 549 κωμικὸν
856 462 1042 553 ὑποκριτὴν

87 567 366 649 προσεπαινέσας,
392 560 442 630 ὅτι
459 566 573 642 ξένους
590 558 683 640 τινάς
699 560 804 630 αὑτοῦ
815 567 1042 651 αἰχμαλώτους

87 664 294 740 σκάπτοντας
312 663 350 728 ἐν
368 669 416 747 τῷ
432 666 602 728 Φιλίππου
619 657 869 751 ἀμπελουργείῳ
880 664 936 730 καί
948 668 1042 730 δεδε-

11 781 69 838 157
89 763 210 845 μένους
221 756 310 845 παρά
322 757 384 825 τὸν
394 759 499 827 πότου
507 758 683 848 ε’ξητήσατο
694 758 784 843 παρά
793 768 854 827 τοῦ
863 768 1041 852 Φιλίππου,

87 856 188 926 ταῦθ’
203 856 342 938 ὑποθεὶς
349 862 480 926 ἐπεῖπεν
489 859 717 944 ἐντεινάμενος
726 860 852 947 ταάτην
862 857 924 945 την
934 856 1043 939 ὀξεῖαν

87 960 141 1026 καὶ
160 954 299 1026 άνάσιον
311 957 446 1043 φωνην,
470 954 515 1035 ὡς
529 955 642 1025 δεινόν
652 966 718 1044 εἰη,
740 963 771 1025 εἰ
781 954 798 1024 ὁ
810 961 872 1044 μὲν
881 953 961 1037 τοδς
970 964 1043 1024 Κα-

88 1065 211 1142 ρίωνας
221 1057 276 1123 καί
287 1060 435 1133 Ξανθίας
446 1051 710 1140 ὑποκρινόμενος
721 1053 828 1134 οὕτως
840 1051 978 1142 εὐγενὴς
989 1057 1044 1123 καλ
1058 1067 1112 1122 323

88 1153 316 1242 μεγαλόψυχος
333 1156 479 1238 γένοιτο,
501 1150 565 1237 ἐγω
584 1150 617 1219 δ’
639 1149 656 1219 ὁ
674 1158 732 1238 τῆς
748 1161 902 1240 μεγίστης
915 1154 1042 1230 πόλεως

87 1255 293 1347 σύμβουλος,
317 1249 334 1318 ὁ
353 1249 432 1331 τούς
443 1251 770 1338 μυρίους-Ἀρκάδων
786 1261 977 1339 νουθετῶν,
1001 1253 1042 1321 οδ

87 1355 282 1440 κατάσχοιμι
303 1350 364 1439 την
386 1351 505 1440 ὕβριν,
533 1349 618 1420 άλλά
641 1353 952 1439 παραθερμανθείς,
982 1351 1041 1421 ὅδ’

87 1450 172 1540 ἡμᾶς
185 1456 288 1520 είστία
298 1451 483 1529 Ξενόδοκος
494 1459 563 1518 τῶν
574 1452 714 1535 ἑταίρων
724 1478 773 1532 τις
782 1460 851 1520 τῶν
862 1459 1041 1537 Φιλίππου,

89 1556 215 1636 ἕλκοιμι
239 1557 309 1617 τοῖν
334 1557 456 1634 τριχῶν
483 1549 538 1616 καί
564 1545 677 1636 λαβών
700 1551 827 1636 ῥυτῆρα
848 1555 1042 1635 μαστιγοίην
1120 1548 1123 1553 ’

14 1664 70 1720 158
88 1651 297 1737 αἰχμάλωτον
313 1662 465 1733 γυναῖκα.
489 1646 616 1716 οὐκοῦν
634 1653 664 1716 εἰ
678 1645 771 1733 ὑμεῖς
788 1646 880 1738 αὐτῷ
890 1649 1043 1717 ἐπιστεύ-

86 1769 163 1818 σατε
185 1743 207 1834 ἦ
227 1744 464 1832 Ἀριστοφάνης
484 1773 550 1832 μου
574 1747 882 1832 συγκατεψεύσατο,
911 1746 966 1816 ἐπ’
990 1753 1042 1815 αἰ-

11 1888 14 1893 ·
86 1860 199 1932 σχραίς
221 1852 337 1925 αἰτίαις
359 1843 479 1922 ἀδίκως
498 1842 681 1931 άπωλόμην
698 1843 750 1914 άν.
773 1846 885 1912 ἐάσετε
904 1837 967 1912 οὖν
979 1842 1041 1911 αά-

85 1942 145 2012 τὸν
161 1942 198 2012 τὸ
219 1951 373 2012 τοιοῦτον
390 1941 495 2010 αὑτοῦ
513 1944 778 2028 προστρόπαιον,
797 1940 842 2030 μὴ
853 1943 917 2029 γάρ
930 1941 970 2031 δὴ
983 1952 1041 2029 τῆς
1059 1957 1111 2013 393

87 2042 224 2128 πόλεως,
239 2040 322 2110 ὥστε
334 2044 371 2109 έν
382 2039 463 2127 ὑμῖν
474 2039 761 2127 άναστρέφεσθαι;
774 2043 829 2109 καὶ
840 2039 903 2128 τὴν
913 2042 975 2127 μὲν
986 2044 1041 2108 ἐκ-

88 2149 227 2226 κλησίαν
247 2147 442 2227 καθαίρετε,
465 2143 503 2207 έν
520 2140 555 2208 δέ
571 2155 639 2219 τοῖς
655 2147 843 2227 ψηφίσμασι
856 2136 910 2207 διά
921 2141 1043 2207 τούτου

88 2237 146 2316 τάς
157 2236 255 2324 εὐχάς
272 2239 454 2324 ποιήσεσθε
471 2240 525 2308 καὶ
538 2237 695 2325 στρατιάν
705 2235 728 2327 ἢ
739 2242 839 2327 πεζὴν
849 2235 871 2327 ἦ
882 2238 1043 2324 ναυτικὴν

88 2341 283 2423 έκπέμψετε;
303 2335 435 2425 καὶμὴν
447 2336 467 2404 ὅ
477 2364 515 2423 γε
527 2335 680 2417 Ἡσίοδος
690 2342 792 2425 λέγει,

131 2438 272 2507 πολλάκι
283 2465 334 2504 τοι
345 2438 500 2523 ξύμπασα
511 2439 605 2517 πόλις
616 2446 723 2507 κακοῦ
732 2436 855 2522 άνδρός
866 2437 1010 2525 άπηύρα,
1058 2457 1110 2515 334

131 2536 168 2617 ὅς
179 2564 238 2605 κεν
249 2536 420 2625 άλιτραίνη
432 2538 487 2605 καὶ
498 2534 672 2604 ἀτάσθαλα
684 2538 898 2623 μηχανάαται.

17 2654 71 2711 ‚09
163 2635 223 2704 Ἓν
235 2634 270 2702 δέ
281 2631 365 2720 πρὸς
375 2648 442 2713 τοῖς
455 2637 638 2720 εἰρημένοις
650 2640 754 2702 εἰπεῖν
765 2640 812 2702 ἔτι
823 2633 997 2722 βούλομαι.
1015 2640 1045 2700 εἰ

86 2735 152 2823 γάρ
164 2758 230 2800 που
241 2760 289 2811 τις
306 2738 374 2799 ἔστι
392 2740 490 2800 κακία
501 2731 574 2800 κατ’
590 2731 812 2819 άνθράπους,
838 2728 882 2799 άν
893 2731 937 2819 μὴ
950 2758 1040 2817 πρω-

88 2834 229 2901 τεύοντα
242 2834 316 2914 περὶ
329 2831 454 2917 ταύτην
466 2830 627 2912 άποδείξω
639 2834 875 2919 Δημοσθένην,
887 2833 1041 2901 θανάτου

87 2938 241 3017 τιμῶμαι.
265 2927 340 2996 άλλ’
359 2927 449 3013 οἶμαι
465 2928 571 2997 πολλά
591 2932 645 2998 καί
657 2929 781 3016 χαλεπά
793 2937 1046 3014 παρακολουθεῖ

86 3038 132 3121 τῷ
144 3030 339 3118 κρινομένῳ,
353 3029 408 3095 καί
422 3037 599 3112 μετακαλεῖ
605 3028 667 3115 τὴν
678 3028 788 3116 ψυχὴν
799 3026 863 3096 άπὸ
875 3038 931 3115 τῆς
942 3027 1043 3115 ὀργῆς

88 3129 105 3196 ὁ
123 3135 280 3206 κίνδυνος
297 3131 348 3196 ε’πί
365 3125 444 3205 τούς
461 3125 545 3212 ὑπὲρ
569 3137 627 3214 τῆς
648 3135 809 3215 σωτηρίας
828 3128 965 3213 λόγους,
988 3129 1043 3194 καί

88 3227 304 3315 διαλογισμὸν
322 3237 515 3315 παρίστησι,
541 3229 586 3314 μη’
598 3256 629 3294 τι
641 3237 809 3316 παραλίπη
819 3234 889 3294 τάν
900 3250 1042 3309 κατηγο-

88 3333 249 3414 ρημένων.
263 3327 347 3395 ὥστε
362 3326 429 3413 ἅμα
440 3326 501 3412 μέν
513 3323 609 3411 ὑμᾶς,
621 3323 688 3412 ἅμα
700 3324 736 3393 δέ
746 3322 889 3410 ἐμαυτὸν
901 3328 946 3400 εἰς
957 3317 1042 3388 άνά-

18 3447 70 3500 160
86 3450 209 3514 μνησιν
226 3435 295 3495 τῶν
314 3427 592 3513 κατηγορημένων
608 3422 745 3509 άγαγεῐν
765 3424 938 3509 βούλομαι.
961 3441 1042 3487 σκο-
