2340 3916
128 190 170 255 56
323 268 326 273 Ι
506 188 721 241 Δυοιενιεον

129 347 409 438 ἀναμνησθέντας
422 345 473 418 ὅτι
487 347 610 417 τούτου
624 347 831 432 κατέγνωκεν
844 343 864 435 ἡ
881 347 986 436 βουλὴ
1003 352 1101 438 δῶρα

129 456 313 546 λαμβάνειν
335 452 415 524 καθ’
436 450 546 543 ὑμῶν,
569 453 692 523 τούτου
715 455 924 540 κατέγνωκεν
947 450 964 524 ὁ
988 453 1103 546 πατὴρ

129 564 185 633 καὶ
205 566 269 646 ζων
287 563 343 631 καὶ
360 560 557 650 τελευτήσας
575 556 704 629 ἀδικεῖν
723 560 855 646 ἑαυτόν,
876 561 961 649 [καὶ]
981 565 1039 630 ἵνα
1057 561 1098 631 τὸ

129 669 317 760 πραότατου
336 677 417 737 είπω
435 670 503 736 τῶν
522 664 708 755 ὀνομάτων,
726 664 849 737 τούτου
867 693 1101 759 καταχειροτο-

79 798 110 848 21
129 775 235 864 νήσας
253 771 271 845 δ
287 778 392 864 δῆμος
404 776 643 863 παραδέδωκεν
657 768 737 860 ὑμῖν
751 773 1014 863 τιμωρήσασθαι,
1038 766 1098 844 οὗ·

129 910 185 965 τος
208 880 313 952 πολλὰ
337 879 422 950 κακά
445 881 732 969 διαπεπραγμένος
754 879 808 947 ἐπὶ
826 880 991 962 τοιούτοις
1009 890 1098 970 εἴλη-

129 1015 207 1058 πται
235 989 405 1079 πράγμασι
433 989 499 1055 νῦν
522 982 664 1071 ἀδικῶν,
689 982 742 1073 ἐφ’
769 979 821 1066 οἷς
844 987 983 1077 αίσχρόν
1006 990 1103 1058 ἐστιν

129 1092 211 1183 ὑμῖν
228 1109 299 1175 τοῖς
317 1093 509 1175 δικάζουσιν
527 1089 737 1182 ἀτιμώρητον
755 1093 850 1160 ἐάσαι
869 1096 998 1162 τοῦτον.
1020 1101 1101 1163 τίνα

131 1199 194 1291 γάρ
209 1190 381 1291 τρόπον,ά
397 1195 582 1289 Ἀθηναῖοι,
597 1199 673 1287 περὶ
687 1200 755 1266 των
769 1194 880 1266 ἀλλων
894 1196 1100 1287 ἀποφάσεων

130 1317 236 1377 οῖσετε
258 1304 322 1394 τὴν
344 1308 476 1394 ψηφον;
500 1302 520 1393 ἢ
545 1303 603 1375 διά
625 1311 720 1385 τίνας
737 1305 923 1393 προφάσεις
944 1309 1013 1375 τῶν
1030 1304 1097 1396 ἤδη

131 1413 334 1502 κεκριμένων
353 1418 471 1481 ἔσεσθε
490 1413 789 1500 κατεψηφισμένοι;
812 1406 834 1499 ἦ
854 1409 910 1482 διά
929 1419 965 1480 τί
978 1411 1016 1482 τὸ
1035 1413 1100 1502 μὲν

130 1517 333 1607 ἀποφαίνειν
355 1517 417 1607 την
440 1517 569 1607 βουλὴν
591 1516 670 1599 τοὺς
693 1516 871 1606 εἰληφότας
889 1516 929 1587 τά
946 1518 1098 1610 χρήματα

130 1636 295 1714 φανεῖσθε
314 1625 566 1712 σπουδάζοντες,
576 1623 613 1693 τὸ
628 1623 666 1694 δὲ
680 1634 899 1714 τιμωρεῖσθαι
917 1623 996 1706 τοὺς
1015 1623 1098 1696 ἀπο·

79 1751 112 1800 22
130 1734 366 1822 πεφασμένονς
393 1734 525 1814 έάντες;
553 1729 598 1821 μὴ
626 1728 690 1822 γάρ
719 1735 828 1811 ἰδίους
858 1730 937 1812 τοὺς
964 1728 1101 1819 ἀγῶνας

130 1840 271 1920 τούτους
289 1835 478 1926 ὑπολάβητε
491 1836 578 1906 εἶναι
596 1836 679 1907 κατά
692 1840 761 1907 τῶν
779 1839 844 1906 νῦν
863 1835 1098 1926 ἀποπεφασμέ-

130 1974 201 2015 νων
224 1945 354 2034 μόνων,
377 1942 461 2013 ἀλλά
483 1942 619 2026 κοινοὺς
641 1946 696 2014 καὶ
719 1942 803 2014 κατά
823 1947 891 2013 τῶν
910 1943 1020 2015 ἄλλων
1038 1942 1099 2014 ἀν-

130 2052 289 2143 θρώπων.
331 2055 520 2140 δωροδοκία
548 2049 613 2143 γάρ
640 2053 696 2121 καὶ
723 2042 890 2142 προδοσίά
917 2054 1098 2141 κρινομένη

130 2154 208 2248 παρ’
239 2153 322 2245 ὑμῖν
355 2161 454 2226 δυοῖν
484 2156 632 2248 θάτερον
664 2159 699 2226 ἐκ
726 2159 788 2226 τοῦ
818 2160 941 2226 λοιποῦ
971 2157 1100 2248 χρόνον

130 2263 261 2352 ποιησει
289 2261 369 2344 τοὺς
397 2260 533 2352 ἀλλους,
560 2261 581 2353 ἢ
609 2263 758 2354 χρήματα
781 2261 965 2349 λαμβάνειν
987 2261 1067 2331 καθ’
1094 2272 1096 2344 λ

84 2402 121 2442 108
131 2366 227 2459 ὑμῶν
249 2372 464 2460 θαρροῦντας
486 2366 531 2452 ἀς
550 2367 592 2440 οὐ
610 2367 781 2448 δώσοντας
803 2371 917 2454 δίκην,
940 2363 961 2455 ἢ
981 2375 1098 2454 φοβεῖ-

131 2487 214 2547 σθαι
233 2475 270 2565 τὸ
290 2476 473 2566 λαμβάνειν
497 2473 542 2557 ιδς
564 2478 621 2562 τῆς
643 2479 802 2560 τιμωρίας
823 2487 894 2553 τοῖς
916 2481 1099 2561 ληφθεῖσιν

79 2598 111 2648 23
132 2581 226 2666 ἀξίας
248 2587 473 2673 γενησομένης
499 2584 568 2650 τάν
594 2575 818 2668 ἀδικημάτων.
856 2575 918 2649 οὐκ
946 2576 1018 2649 ἴσθ’
1045 2577 1099 2650 ὅτι

130 2692 186 2760 καὶ
209 2693 276 2759 νῦν
299 2686 317 2760 ὁ
341 2691 448 2779 φόβος
471 2683 489 2757 ὁ
512 2683 592 2776 παρ’
617 2682 713 2776 ὑμῶν
739 2684 821 2768 τοὺς
848 2682 1021 2777 ὁρμῶντας
1044 2689 1099 2756 ἐπὶ

131 2893 225 2943 Turn:
253 2890 344 2944 θείαν
359 2856 529 2972 (ἀλήθειαν
550 2889 585 2940 οἰ.
607 2885 709 2957 Emp).
735 2915 769 2925 -
791 2886 842 2939 καλ
871 2892 937 2939 ante
965 2886 1015 2939 ινα
1041 2887 1097 2940 del.

130 2960 260 3025 Empa-
290 2952 455 3023 πραότατον
477 2956 588 3010 eumR
606 2957 697 3007 Tum:
720 2949 939 3023 πραότερον·
967 2952 1098 3020 παραδέ-

131 3025 225 3078 δωκεν
243 3028 269 3078 Ν
287 3027 351 3079 Mr.:
370 3039 428 3089 παρ
431 3017 548 3074 έδωκεν.

200 3099 241 3150 21.
276 3090 330 3146 νῦν
348 3107 399 3142 om.
420 3106 460 3155 pr.
477 3089 524 3141 Ab.
544 3115 578 3127 -
595 3083 655 3143 ἐστι
672 3092 704 3146 N
724 3116 756 3130 -
774 3085 972 3155 κεκριμμὲνων
990 3105 1030 3155 pr
1050 3090 1098 3141 Ad.

131 3189 164 3198 —
184 3157 304 3215 ἔσεσθαι
322 3174 362 3224 pr.
379 3159 464 3212 Ν-
429 3160 628 3225 -φανεῖσθε
646 3159 748 3210 Dobm
766 3156 921 3222 φαίνεσθε.

199 3249 240 3296 22.
265 3235 333 3320 τούς
352 3248 417 3294 anto
436 3234 480 3308 ἀγ.
501 3243 564 3295 εδδ.
584 3243 610 3294 Ν
627 3243 732 3293 Mr.-
698 3233 926 3323 -ὖπολάβοιτε
943 3242 1050 3292 ΔΒΖΜ.
1065 3270 1097 3279 -

131 3303 257 3377 ἀποπεφ.
277 3301 374 3391 μόνων
396 3311 421 3361 N
428 3311 488 3390 ..Νι
508 3311 541 3362 οἱ.
559 3312 606 3363 R:
631 3301 728 3377 μόνων
749 3300 1011 3428 ἀμοιῖἒφτμμβῖ.
985 3309 1098 3429 cothw—

129 3372 398 3512 δαδιάιάἀθδέλατὲἰ.
402 3376 466 3511 τοέίά
481 3369 663 3498 οάἀέάάτωάίδᾱ
661 3378 824 3496 -Νέιάτοῐι
848 3443 951 3496 λοιπον
968 3445 992 3496 Ν
1010 3450 1038 3494 et
1055 3461 1099 3512 pr.

118 3515 145 3565 A
154 3465 255 3567 ⁰.eott²
271 3515 364 3568 Turn:
383 3485 432 3569 lul
450 3531 476 3571 τ.
499 3516 523 3570 λ.
