2340 3916
144 182 185 245 θ’
499 200 758 261 mmor

143 344 317 426 ἐφίσταται
334 347 553 431 Πατρόκλου,
574 351 631 413 καί
655 339 811 409 τοιούτων
827 338 1021 427 ἐπεμνήσθη
1039 340 1093 407 καὶ

143 442 280 505 τοιαῦτα
288 442 452 528 ἐπέσκηψε
458 450 505 530 τῷ
513 441 664 525 Ἀχιλλεῖ,
676 432 728 519 ἐφ’
736 430 785 515 οἷς
796 437 851 504 καὶ
863 439 1027 522 δακρῦσαι
1039 441 1094 506 καὶ

143 542 287 623 ζηλῶσαι
297 536 491 626 τὴνάρετήν
501 536 623 620 κοίτην
633 540 750 620 φιλίαν
760 534 854 616 ἀξιον
864 535 977 605 αὐτῶν
993 540 1092 605 ἐστιν.

144 634 338 722 ἐπισκήπτει
347 637 409 722 μὲν
419 630 599 720 γάραάτςό,
610 633 797 717 προειπών,
816 630 868 701 ότι
879 631 957 702 οὐδὲ
969 638 1096 713 ἐκεῖνος

143 731 256 821 ἀπέχει
266 731 399 821 μακράν
411 738 470 817 τῆς
484 735 546 796 τοῦ
560 734 639 814 βίον
657 739 825 817 τελευτῆς,
848 740 882 799 εί
891 756 960 810 πως
971 741 1021 818 είη
1033 736 1095 798 δυ-

143 831 265 915 νατόν,
294 826 609 914 προδιοικήσασθαι,
637 828 727 908 ὅπως
748 828 808 898 τόν
829 828 934 897 αὐτόν
955 832 1094 916 τρόπον,

143 928 258 1016 ὥσπερ
276 932 330 998 καὶ
345 926 536 1011 ἐτράφησαν
547 931 603 996 καὶ
614 932 757 1017 ἐβίωσαν
767 933 805 996 ἐν
815 937 860 1016 τῷ
873 927 979 1019 αὐτῷ,
1004 927 1093 996 οὕτω

141 1030 198 1096 καὶ
216 1022 485 1112 τελευτησάντων
503 1021 617 1093 αὐτόν
632 1024 672 1093 τά
690 1025 771 1093 όστά
788 1029 827 1093 έν
842 1032 882 1114 τῇ
899 1023 985 1115 αὐτῇ
1004 1035 1094 1117 σορῷ

142 1135 300 1192 κείσεται·
323 1120 529 1209 ὀδυρόμενος
540 1123 576 1192 δέ
586 1127 641 1193 καὶ
651 1124 709 1203 τάς
721 1123 889 1212 διατριβάς
901 1123 1042 1208 διεξιών,
1054 1126 1093 1202 δὶς
1116 1151 1149 1200 14·

141 1220 207 1308 μετ’
218 1220 376 1310 ἀλλήλων
387 1228 505 1304 ζῶντες
517 1229 697 1312 διέτριβον,
709 1228 811 1310 λέγει,
825 1223 876 1295 ὅτι
887 1221 1021 1311 ,,ούκε’τι
1032 1249 1093 1290 πε-

76 1341 127 1394 152
145 1322 177 1406 ρὶ
194 1328 263 1389 τῶν
279 1329 461 1408 μεγίστων,
486 1322 598 1409 ὥσπερ
615 1322 653 1391 τό
672 1323 852 1408 πρότερον,
875 1323 1091 1407 καθεζόμενοι

143 1414 207 1505 μετ’
222 1413 379 1506 ἀλλήλων
395 1420 494 1508 μόνοι
513 1422 654 1490 ἀπωθεν
671 1429 739 1488 τόν
756 1421 866 1489 ἀλλων
884 1427 992 1507 φίλων
1009 1429 1095 1507 βου-

143 1518 376 1606 λευσόμεθα,“
403 1518 465 1607 τὴν
475 1529 585 1589 πίστιν
606 1520 697 1607 οἶμαι
719 1523 773 1588 καί
791 1520 853 1607 τὴν
869 1518 1006 1588 εόνοιαν
1030 1545 1094 1587 πο-

144 1616 345 1704 θεινοτάτην
362 1616 549 1706 ἡγούμενος
569 1619 663 1688 εἶναι.
697 1624 754 1687 ἵνα
772 1622 808 1687 δὲ
825 1623 879 1686 καὶ
898 1617 952 1686 διά
964 1627 1025 1687 τοῦ
1035 1623 1095 1705 μέ-

142 1741 225 1799 τρον
236 1714 295 1796 τάς
305 1717 440 1804 γνώμας
450 1716 615 1806 ἀκούσητε
626 1727 688 1787 τοῦ
698 1724 852 1805 ποιητοῦ,
865 1714 1095 1803 ἀναγνιόσεται

142 1809 224 1898 ὑμῖν
241 1811 259 1882 ὁ
277 1816 489 1905 γραμματεύς
505 1814 545 1885 τά
563 1823 624 1903 ἔπη
641 1817 681 1884 τά
698 1815 934 1901 περὶτούτων,
958 1812 1094 1902 ἀὍμη-

143 1938 202 1998 ρος
217 1923 384 2004 πεποίηκε.
419 1922 492 2004 λέγε
511 1926 644 2001 πρῶτον
660 1914 700 1984 τά
717 1918 791 1998 περὶ
808 1923 866 2003 τῆς
879 1913 1095 1997 Ἕκτοροςτι-
1116 1937 1149 1989 ιιι

141 2020 277 2097 μωρίας.

186 2109 254 2182 ἀλλ’
273 2117 342 2184 ἐπεὶ
365 2108 445 2200 οὖν,
475 2111 541 2200 φίλ’
562 2117 684 2197 ἑταῖρε,
708 2121 768 2179 σεῦ
785 2109 924 2196 ὕστερος
946 2109 1004 2197 εἰμ’
1023 2108 1089 2177 ὑπό

704 2223 814 2296 γαῖαν,

187 2306 229 2375 ού
241 2329 278 2376 σε
289 2313 368 2392 πρὶν
379 2315 515 2393 κτεριῶ,
528 2314 607 2392 πρίν
617 2305 643 2392 γ’
656 2305 812 2391 Ἕκτορος
822 2304 940 2374 ἐνθάδ’
954 2310 1077 2374 ἐνεῖκαι

186 2407 304 2493 τεύχεα
314 2410 369 2476 καὶ
381 2404 548 2494 κεφαλὴν,
561 2404 761 2490 μεγαθύμου
773 2419 840 2473 σοῖο
853 2409 987 2490 φονῆος.

146 2499 374 2591 ἀναγίγνωσκε
391 2505 449 2593 δὴ,
468 2501 491 2572 ἀ
501 2505 576 2587 περὶ
593 2511 654 2570 τοῦ
666 2501 857 2586 ὁμοτάφους
868 2498 1095 2586 αὐτοόςγενέ-
1113 2526 1149 2578 τη

146 2613 227 2671 σθαι
240 2609 325 2691 λέγει
336 2609 373 2671 ἐν
381 2612 427 2693 τῷ
440 2603 536 2692 ὕπνῳ
547 2601 565 2669 ὁ
577 2602 780 2683 Πάτροκλος,
792 2600 931 2683 καὶπερὶ
942 2607 1009 2666 τῶν
1021 2604 1095 2666 δια-

145 2713 285 2792 τριβῶν,
299 2703 337 2783 ἀς
348 2706 579 2789 συνδιέτριβον
591 2701 753 2788 ἀλλήλοις,

189 2801 230 2868 οὐ
240 2803 305 2888 γάρ
317 2807 364 2868 ἔτι
375 2807 453 2881 ζωοί
460 2827 498 2886 γε
509 2808 616 2886 φίλων
629 2798 824 2867 ἀπάνευθεν
835 2801 973 2882 ἑταίρων

79 2914 130 2970 163
189 2901 314 2987 βουλάς
325 2900 471 2986 ἑζόμενοι
482 2899 725 2987 βουλεύσομεν·
750 2897 816 2966 ἀλλ’
830 2897 885 2983 ἐμὲ
895 2897 957 2984 μέν
969 2898 1045 2985 Κήρ

188 2998 356 3085 ἀμφέχανε
368 3002 525 3086 στυγερὴ,
541 2998 625 3086 ἥπερ
637 2998 714 3085 λάχε
723 2996 919 3085 γιγνόμενόν
930 3023 1009 3083 περ·

189 3101 243 3166 καὶ
256 3098 291 3165 δέ
303 3102 354 3166 σοί
365 3097 455 3188 αότςό
465 3113 581 3184 μοῖρα,
593 3109 685 3176 θεοῖς
696 3096 844 3165 ἐπιείκελ’
854 3095 1011 3182 Ἀχιλλεῦ,

189 3201 284 3281 τείχει
297 3195 363 3263 ὕπο
382 3198 507 3278 Τρώων
520 3195 706 3282 εὐηγενέων
716 3194 911 3280 ἀπολέσθαι,

189 3295 403 3381 μαρνάμενον
415 3299 517 3379 δηίοις
525 3293 653 3382 Ἑλένης
666 3294 748 3364 ἕνεκ’
760 3293 930 3381 ηὐκόμοιο.

190 3391 270 3460 ἀλλο
285 3396 322 3461 δέ
331 3420 380 3459 τοι
393 3396 490 3477 ἐρέω,
504 3392 546 3459 σύ
559 3392 589 3461 δ’
603 3396 650 3461 ἐνὶ
664 3395 761 3478 φρεσὶ
771 3393 892 3480 βάλλεο
905 3401 1016 3480 σῇσιν·
