2340 3916
349 207 440 258 ΠΕΡΙ
458 206 535 260 ΤΩΝ
551 208 783 261 ΜΤΣΤΗΡῙΩΝ.
1013 208 1034 273 9

68 349 125 416 καλ
143 348 345 436 Στέφανον,
368 348 461 418 κάλει
484 347 598 418 δὲκαὶ
618 356 789 420 Φίλιππον
811 352 869 419 καὶ
883 349 1033 433 Ἀλέξιπ·

68 467 151 518 πον·
179 439 275 518 οῦτοι
291 449 357 540 γάρ
375 457 460 521 είσιν
475 449 682 539 Ἀκουμενοῦ
701 452 759 519 καὶ
774 450 1033 542 Αὐτοκράτορος

68 566 263 638 συγγενεῖς,
288 559 324 621 οἳ
340 558 487 639 ἐφευγον
506 554 562 621 ἐπὶ
580 553 621 640 τῇ
641 556 761 623 Λυδοῦ
787 553 944 641 μηνύσει·
970 559 1031 624 τοῦ

67 651 129 740 μέν
154 651 360 740 ἀδελφιδοῦς
384 656 474 723 ἐστιν
498 652 748 743 Αὐτοκράτωρ,
777 657 839 725 τοῦ
870 653 910 724 δὲ
939 666 1034 736 θεῖος

64 752 284 843 Ἀκουμενός·
315 749 368 836 οἷς
381 754 541 845 προσήκει
557 770 667 844 μισεῖν
680 755 743 844 μὲν
755 755 816 825 τδν
831 755 1034 838 ἐξελάσαντα

69 859 240 945 ἐκείνους,
266 859 393 927 εἰδέναι
418 856 457 925 δὲ
482 857 627 945 μάλιστα
650 856 693 926 δι’
727 855 844 927 ὅντινα
876 864 1031 946 ἔφευγον.

65 960 211 1029 Βλέπετε
229 965 277 1038 είς
295 958 452 1046 τούτους,
470 961 528 1028 καὶ
545 974 746 1049 μαρτυρεῖτε
759 967 791 1030 εί
803 959 915 1049 ἀληθῆ
934 961 1031 1047 λέγω.

444 1130 656 1183 ΜΑΡΤΤΡΕΣ.

148 1312 197 1381 Τά
214 1313 277 1401 μὲν
291 1313 456 1401 γενόμενα
469 1312 654 1403 ηκοῦσατε,
673 1305 699 1383 ὦ
717 1312 857 1405 ἀνδρες,
875 1318 933 1385 καὶ
947 1314 1032 1404 ῦμίν
1050 1326 1083 1375 19

66 1418 104 1482 οί
125 1414 294 1504 μάρτυρες
320 1416 629 1506 μεμαρτυρήκασιν·
664 1413 685 1485 δ
721 1415 759 1485 δὲ
791 1422 827 1485 oc
854 1418 1034 1507 κατήγοροι

68 1515 257 1604 ἐτόλμησαν
275 1523 385 1587 είπεῑν
395 1570 405 1604 ,
424 1516 672 1607 ἀναμνήσθητε.
709 1515 799 1586 οῦτω
816 1519 882 1609 γάρ
900 1521 957 1588 καί
978 1525 1032 1589 δί-

64 1643 161 1685 καιον
171 1616 433 1708 ἀπολογείσθαι,
447 1619 838 1709 ἀναμιμνήσκοντατοδς
851 1622 921 1688 νῦν
930 1647 1033 1709 κατη-

65 1719 179 1808 γέρων
197 1719 323 1806 λόγους
338 1722 530 1809 ἐξελέγχειν.
561 1723 676 1803 ἔλεξαν
689 1720 755 1808 γάρ
774 1720 820 1800 οδς
836 1721 902 1808 ἐγω
921 1721 1033 1809 μηνά-

65 1841 157 1909 σαιμι
176 1823 335 1911 περὶτῶν
352 1829 568 1913 μυστηρίων,
587 1821 827 1910 ἀπογράψαιμί
836 1848 872 1890 τε
890 1823 951 1890 τδν
965 1847 1028 1890 πα-

63 1923 145 2012 τέρα
162 1924 224 1991 τὸν
252 1926 401 2012 ἐμαυτοῦ
420 1923 591 2014 παρόντα,
615 1924 673 1992 καὶ
698 1930 859 2012 γενοίμην
882 1922 1032 2011 μηνυτὴς

64 2024 150 2093 κατά
169 2027 231 2094 τοῦ
251 2026 378 2115 πατρὸς
396 2030 456 2094 τοῦ
478 2027 646 2114 ἐμαυτοῦ,
665 2024 768 2111 λόγον
785 2022 877 2114 οἶμαι
894 2024 1033 2094 πάντων

65 2125 259 2194 δεινότατόν
276 2155 312 2196 τε
329 2128 387 2196 καὶ
404 2126 633 2197 ἀνοσιώτατον
651 2128 815 2214 λέγοντες.
847 2125 866 2194 ὁ
884 2126 948 2215 μὲν
965 2127 1031 2217 γὰρ

63 2226 268 2317 ἀπογράψας
293 2227 400 2298 αῦτδν
425 2230 541 2310 Λυδδς
571 2221 613 2317 ἦν
639 2227 657 2297 ὁ
685 2229 912 2319 Φερεκλέους,
943 2226 962 2296 δ
994 2227 1032 2297 δέ

64 2336 183 2410 πείσας
207 2328 390 2419 ῦπομεῖναι
413 2333 470 2400 καὶ
494 2329 540 2419 μὴ
568 2340 720 2417 οἴχεσθαι
750 2330 924 2418 φεῦγοντα
952 2330 1031 2418 ἐγω,

63 2429 173 2499 πολλὰ
200 2431 372 2511 ίκετεῦσας
397 2434 454 2501 καὶ
480 2431 736 2521 λαμβανόμενος
766 2434 836 2499 τῶν
866 2431 1030 2519 γονάτων.

62 2540 173 2602 καίτοι
189 2541 226 2602 τί
243 2533 452 2623 ἐβουλόμην,
479 2540 511 2603 εί
529 2533 681 2621 ἐμήνυσα
698 2531 761 2621 μὲν
779 2530 864 2600 κατά
882 2534 944 2601 τοῦ
964 2556 1030 2600 πα-
1049 2558 1083 2608 20

61 2633 162 2721 τρός,
190 2633 235 2714 ολς
267 2625 368 2705 οὗτοί
398 2655 521 2723 φασιν,
551 2636 703 2703 ίκέτευον
727 2633 766 2703 δέ
789 2631 851 2701 τὸν
874 2631 879 2720 1
904 2633 1058 2722 πατέραι

60 2736 228 2824 μείναντά
245 2764 276 2805 τι
294 2748 420 2807 παθεῖν
437 2735 498 2805 ἀπ’
520 2739 623 2824 ἐμοῦ;
648 2737 705 2804 καλ
724 2733 742 2804 δ
761 2733 870 2824 πατὴρ
891 2736 1030 2822 ἐπείσθη

133 2986 172 3034 18.
192 2975 358 3049 οἰκουμένου
377 2989 405 3034 et
423 2974 582 3050 ἀκούμενος
596 2983 674 3035 codd.
687 3010 721 3020 -
734 2978 763 3034 οἳ
776 2977 912 3063 ἔφευγον]
927 2998 991 3034 num
1003 2978 1032 3034 οἳ

61 3046 190 3116 ἐφυγονλ
208 3052 244 3101 ολ.
263 3052 299 3102 οδ
317 3053 332 3113 ἕ
353 3054 392 3103 16.
411 3066 502 3116 neque
522 3052 639 3103 uliares
660 3051 734 3102 infra
757 3049 788 3102 δι
825 3041 925 3102 ὅντινα
945 3046 1032 3116 ἐφευ-

59 3135 123 3237 μον.
151 3119 424 3237 ῖϋΜιΑΡΤῬΡΕΣ
446 3135 497 3171 om.
516 3116 565 3182 Ad,
586 3119 634 3170 sed
657 3120 686 3169 in
711 3119 811 3169 lacuna
834 3123 966 3184 punctum
988 3133 1031 3168 ru·

81 3202 140 3236 rum
179 3203 253 3240 ae.

131 3256 172 3305 19.
190 3245 334 3320 γενόμενα
352 3254 390 3305 Sl.
414 3255 481 3309 Bk:
505 3250 652 3322 γινόμενα.
678 3250 712 3289 -“
734 3250 807 3320 ἡμῖν
833 3251 878 3304 Ad.
902 3279 935 3290 -
954 3240 1029 3303 σῦτω

61 3336 125 3372 eum
151 3322 183 3372 R
206 3322 259 3376 Bk.
281 3323 372 3373 Turn:
400 3313 444 3387 οῦ,
468 3323 539 3388 quod
562 3337 623 3372 eum
645 3322 807 3373 Foertschio
830 3322 930 3372 retinet
947 3318 1031 3383 Sohi„

59 3389 290 3456 interrogationis
309 3392 388 3456 signo
408 3395 471 3456 post
493 3382 564 3454 ἐξελ.
589 3391 690 3455 posito.
717 3416 749 3427 -
777 3379 1031 3454 ἀναμιμνήσκοντα

59 3456 165 3508 Luzae.
184 3458 276 3508 Turn:
294 3449 582 3525 ἀναμιμνήσκοντας,
601 3457 674 3521 quod
692 3472 753 3507 cum
769 3456 909 3509 Foertsch.
927 3455 1031 3505 retinet

61 3524 135 3576 Schi.
155 3550 189 3560 -—
208 3516 426 3592 λαμβανόμενος
443 3527 467 3576 Α
484 3526 536 3577 Bk.
555 3526 603 3591 (ci.
618 3524 676 3590 R.):
699 3522 860 3590 ααταλαμβ.
