2340 3916
131 189 171 253 ης
505 185 723 240 ωιλοκικον

130 331 206 400 τότε
224 330 372 418 πόλεμον
390 328 452 417 μὲν
470 327 547 398 ἀντὶ
562 327 717 417 εἰρήνης,
732 324 945 412 Ἐγεσταίους
964 325 1001 394 δὲ
1019 324 1097 395 άντί

133 439 402 522 Συρακουσίων,
426 430 668 521 στρατεύεσθαι
692 425 729 496 δ’
757 435 806 507 εἰς
834 434 994 497 Σικελίαν
1018 425 1097 515 άγτί

132 538 193 603 τοῦ
212 536 371 622 μένοντες
390 541 475 602 οἰκοι
493 532 691 620 συμμάχους
710 535 797 617 ἔχειν
816 535 1097 620 Συρακουσίους·

134 639 166 717 έξ
186 628 234 704 ῶν
252 635 401 715 πολλοὺς
419 634 481 722 μὲν
492 633 684 722 Ἀθηναίων
698 629 924 711 ἀπολέσαντες
942 629 1099 721 ἀριστίν-

133 742 196 826 δην
219 740 275 806 καί
299 741 369 806 τῶν
387 735 592 824 συμμάχων,
616 734 743 814 πολλάς
767 733 805 803 δὲ
822 736 909 813 ναῦς
932 735 990 802 καί
1015 734 1099 823 χρή-

132 865 220 927 ματα
234 841 290 908 καί
305 838 452 926 δυ’ναμιν
466 835 706 926 ἀποβαλόντες,
721 840 870 925 αἰσχρῶς
880 839 1097 924 διεκομίσθη-

82 960 114 1010 31
133 961 198 1011 σαν
221 946 257 1009 οἰ
278 940 445 1019 σωθέντες
469 937 593 1009 αὐτῶν.
629 935 773 1027 ὕστερον
798 935 831 1005 δ’
856 935 920 1006 ὐπ’
937 936 1100 1027 Ἀργείων

135 1046 356 1130 ἐπείσθημεν,
381 1045 478 1129 οἵπερ
495 1044 564 1109 νῶν
588 1037 708 1127 ήκουσι
726 1045 903 1120 πείθοντες
927 1047 1100 1131 πολεμεῖν,

134 1144 340 1223 πλεύσαντες
360 1143 415 1211 έπί
432 1142 495 1230 τήν
513 1143 713 1229 Λακωνικήν
731 1141 867 1228 εἰρήνης
892 1139 975 1228 ἡμῖν
993 1141 1100 1230 οὔσης

134 1244 219 1334 πρὸς
244 1249 533 1332 Λακεδαιμονίους
560 1247 713 1314 ἐκκαλεῖν
738 1240 853 1311 αὐτῶν
884 1241 945 1311 τδν
970 1244 1100 1332 θυμόν,

134 1345 242 1435 άρχήν
266 1349 403 1414 πολλῶν
427 1351 558 1415 κακῶν·
591 1347 624 1427 ἐξ
648 1336 690 1413 οὗ
715 1345 961 1434 πολεμήσαντες
993 1343 1100 1434 ήναγ-

134 1447 308 1536 κάσθημεν
320 1447 362 1516 τά
376 1455 467 1536 τείχη
481 1446 727 1516 κατασκάπτειν
740 1446 799 1514 καί
812 1445 872 1526 τὰς
886 1451 973 1526 ναός
987 1471 1100 1535 παρα-

135 1549 266 1618 διδόναι
289 1551 345 1618 καί
371 1549 453 1629 τοδς
480 1549 670 1637 φεύγοντας
696 1550 948 1635 καταδέχεσθαι.
992 1554 1101 1618 ταῦτα

134 1650 172 1721 δὲ
198 1651 400 1740 πασχόντων
426 1649 523 1739 ήμῶν
554 1655 590 1719 οἰ
613 1658 791 1730 πείσαντες
821 1650 910 1739 ἡμᾶς
940 1658 1101 1738 πολεμεῖν

130 1752 273 1842 Ἀργεῖοι
289 1761 367 1822 τίνα
382 1749 548 1841 ῶφέλειαν
566 1752 736 1841 παρέσχον
752 1749 852 1839 ήμῖν;
870 1760 948 1843 τίνα
966 1750 1004 1820 δὲ
1021 1760 1100 1822 κίν-

84 1873 116 1924 32
135 1861 242 1924 δυνον
266 1851 355 1943 ὑπὲρ
380 1859 450 1924 τῶν
470 1852 663 1942 Ἀθηναίων
695 1852 909 1940 έποιήσαντο;
941 1855 1008 1923 νῦν
1035 1846 1102 1923 οὖν

135 1959 236 2025 τοῦτο
255 1953 445 2025 ὑπόλοιπόν
470 1959 560 2024 ἐστιν
578 1953 677 2044 ἡμῖν,
704 1953 852 2042 πόλεμον
877 1954 941 2043 μὲν
967 1956 1103 2026 ἑλέσθαι

136 2059 193 2124 καί
210 2059 278 2126 νῦν
297 2055 372 2125 ἀντ’
396 2057 551 2145 εἰρήνης,
574 2056 636 2146 τήν
660 2056 698 2126 δὲ
723 2066 919 2145 συμμαχίαν
938 2056 1103 2146 Ἀργείων

135 2157 212 2227 άντί
231 2161 289 2245 της
307 2161 485 2246 Βοιωτῶν,
504 2165 703 2249 Κορινθίων
721 2156 759 2230 δὲ
776 2159 858 2239 τοδς
876 2163 944 2231 νόν
963 2167 1102 2246 ἔχοντας

135 2258 198 2347 τήν
217 2259 317 2329 πόλιν
335 2258 413 2328 άντί
432 2265 719 2349 Λακεδαιμονίων.
757 2259 802 2348 μή
827 2264 929 2351 δήια,
955 2252 1101 2350 ῶἏθη·

136 2377 245 2450 ναῖοι,
263 2362 381 2450 μηδεὶς
397 2361 484 2450 ἡμᾶς
501 2365 608 2432 ταῦτα
627 2371 745 2453 πείση·
769 2360 810 2431 τά
827 2362 895 2452 γάρ
913 2367 1101 2454 παραδείγ-

135 2491 222 2551 ματα
246 2465 287 2532 τὰ
312 2467 519 2554 γεγενημένα
544 2467 613 2533 τῶν
637 2461 885 2555 ἁμαρτημάτων
912 2465 1012 2535 ίκανά
1030 2479 1102 2545 τοῖς

136 2566 288 2654 σώφροσι
317 2569 387 2636 τῶν
417 2564 613 2656 άνθρῶπων
638 2562 722 2636 ῶστε
745 2569 861 2654 μηκέτι
885 2566 1100 2657 ἁμαρτάνειν.

85 2685 117 2734 33
214 2669 293 2738 Εἰσὶ
312 2671 352 2736 δέ
367 2695 454 2748 τινες
472 2667 572 2755 ὑμῶν
590 2675 626 2736 ολ
640 2668 810 2756 τοσαότην
832 2667 1026 2758 ὑπερβολήν
1043 2670 1103 2757 της

137 2771 320 2856 ἐπιθυμίας
352 2774 486 2855 ἔχουσιν
514 2769 652 2858 εἰρήνην
680 2769 726 2851 ῶς
756 2768 894 2858 τάχιστα
924 2772 1100 2859 γενέσθαι·

137 2871 221 2959 φασὶ
238 2871 304 2960 γάρ
322 2872 379 2938 καὶ
397 2870 457 2951 τὰς
474 2871 717 2960 τετταράκονθ’
742 2869 867 2962 ἡμέρας
890 2878 928 2945 ἐν
947 2868 1001 2952 αλς
1018 2869 1103 2958 ἡμῖν

137 2973 240 3053 ἔξεστι
257 2971 484 3059 βουλεύεσθαι
502 2979 680 3062 περίεργον
698 2973 801 3063 εἰναι,
828 2976 885 3044 καί
904 2977 1006 3045 τοῦτο
1025 2970 1102 3042 άδι-

136 3089 209 3144 κεῖν
227 3071 329 3161 ήμῖις·
349 3071 602 3163 αὐτοκράτορας
621 3073 686 3161 γάρ
705 3080 901 3164 πεμφθῆναι
923 3084 973 3158 εἰς
992 3085 1102 3146 Λακε·

203 3252 640 3389 δίνέέῶιεαςλέῶῃδδιτωιίεέόῶήέόί
659 3299 788 3386 ἐκτεῖναι
805 3300 935 3372 (ἐκείνων
953 3309 1049 3360 κινεῖν
1068 3308 1102 3360 οἱ.

135 3376 179 3439 R,
198 3376 291 3426 κινειν
309 3363 405 3424 αὐτῶν
424 3373 533 3454 S}·)···
552 3366 672 3441 ημᾶς]
658 3373 732 3441 υμᾶς
751 3391 821 3431 corr
839 3377 872 3427 A.

204 3445 249 3495 32.
266 3456 329 3492 num
349 3432 426 3520 (τήν)
441 3433 639 3525 Ἀργείωνῖ-
657 3441 750 3495 πείσει
769 3444 801 3494 A

203 3513 244 3564 33.
254 3501 463 3575 τετταράκονθ’
476 3512 586 3577 scripsi:
600 3501 820 3576 τετταράκονθ’.
831 3502 1004 3577 -όμῖνΒλε,
1015 3509 1102 3561 Dobr.
