2340 3916
82 217 122 279 36
495 210 625 261 126106
942 211 994 263 οι.
1013 213 1038 263 ο.

80 412 150 471 ται,
175 380 253 462 τούς
271 380 529 463 ἐπιεικεστάτους
545 386 613 452 των
629 386 771 452 πολιτῶν
793 386 847 452 καί
864 381 941 463 τούς
958 378 1039 474 ήμῑν

81 481 352 574 γνωριμωτάτους
384 484 518 563 ἕκαστος
549 478 642 571 ήμοδν
673 493 857 574 παρακαλεῖ
885 481 1037 573 μάλιστα,

49 595 61 646 1
81 585 136 652 καί
153 579 194 652 ού
211 579 291 672 μεθ’
312 580 384 662 ἑνὸς
402 579 483 652 0666
499 581 580 672 μετά
605 589 717 672 δυοῖν,
742 579 815 653 ἄλλ’
835 579 880 665 ύς
897 578 940 654 άν
957 583 1038 673 μετά

81 692 246 754 πλείστων
264 681 444 772 δυνάμεθα
465 680 523 762 τοὶς
547 687 764 774 ἐκμαρτυρίας
787 683 907 765 πάντες
924 685 1037 757 ποιού-

81 790 228 873 μεθα,“
213 814 269 855 ινα
290 811 336 876 τφ
358 811 394 853 τε
417 782 761 875 ἐκμαρτυρήσαντι
720 813 764 874 μή
788 781 919 873 ἐξείή”
895 806 1038 875 υστερον

83 884 207 978 ε’ξάρυμ
223 854 381 972 γενέσθαι
392 881 454 971 τήν
463 880 697 975 μαρτυρίαν,ε
677 901 772 974 υμεις
788 912 824 985 τε
836 894 982 966 πολλοῖς
981 890 1037 956 καί

81 995 192 1066 καλοῖς
205 982 365 1073 κάγαθοίς
375 987 480 1065 ταῦτα
489 988 693 1075 μαρτυρούσι
704 978 889 1056 πιστεύοιτε
901 989 1035 1075 μάλλον

47 1104 62 1152 2
79 1089 243 1171 Ξενοκλῆς
264 1092 380 1155 τοίνυν
396 1082 523 1172 Βήσαζε
540 1082 656 1208 μέφί
633 1113 681 1154 ων
704 1083 800 1166 είς
766 1114 803 1156 το
822 1084 1037 1177 ἐργαστήριον

80 1213 116 1254 το
107 1180 341 1275 ημέτερον
310 1212 356 1264 ε
373 1213 413 1254 τα
402 1181 527 1275 ἔργα,
550 1182 611 1276 ούγ
634 1181 778 1274 ήγήσατο
797 1192 870 1257 δεῖν
886 1203 954 1267 τοῖς
972 1184 1037 1256 άπό

79 1289 141 1355 τού
157 1281 343 1374 αύτομάτου
362 1288 430 1355 ἐκεῖ
445 1288 619 1408 ἐντυχοῦσι
641 1285 781 1377 μάρτυσι
798 1290 942 1409 χρῆσθαι
959 1286 1037 1409 περὶ

80 1388 137 1473 τής
155 1389 331 1475 ἐξαγωγῆς,
349 1382 423 1455 ἀλλ’
435 1375 516 1474 ήκεν
528 1393 612 1476 ἔχων
624 1390 763 1457 ἐνθένδε
774 1387 968 1476 Διόφαντον
979 1386 1037 1509 τὸν

80 1483 250 1575 Σφήττιον
267 1483 375 1576 μεθ’
359 1490 490 1575 εαυτοῦ,
508 1482 544 1567 ύς
562 1485 706 1576 ἔλεγε
669 1516 732 1576 τήν
750 1493 847 1576 δίκην
864 1483 950 1579 ὑπὲρ
961 1487 1035 1559 τού

79 1615 155 1676 του,
174 1591 229 1657 καὶ
247 1587 431 1708 Δωρόθεον
447 1586 506 1658 τὰν
524 1585 726 1658 Ἐλευσίνιον
742 1585 848 1659 καὶ
813 1616 872 1658 τον
889 1585 1036 1677 άδελφὸν

80 1684 183 1758 αύτου
173 1686 363 1810 Φιλοχάρη
375 1691 429 1769 καὶ
442 1684 561 1769 άλλους
578 1685 719 1769 πολλούς
735 1687 913 1780 μάρτυρας,
932 1716 1036 1780 παρα·

79 1786 244 1876 κεκλήκως
263 1791 402 1859 ἐνθένδε
420 1794 577 1870 σταδίους
589 1786 685 1878 ἐγγύς
696 1798 902 1880 τριακοσίους
916 1792 1035 1859 ἐκεῖσε·

46 1903 61 1953 3
79 1891 153 1978 περὶ
173 1890 211 1958 δὲ
227 1893 285 1978 τής
303 1887 422 1978 ἐγγύης
439 1893 496 1978 τής
514 1887 619 1978 τήθής
641 1893 709 1960 των
725 1896 856 1960 παίδων
873 1892 942 1960 των
960 1893 1035 1960 ἑαυ-

79 1992 141 2057 τού
163 1992 199 2058 ἐν
215 1992 263 2081 τῷ
279 1987 369 2060 ἄστει
394 1993 615 2079 ἐκμαρτυρίαν
638 1986 698 2080 (ὥς
721 1991 817 2079 φησι)
840 1988 1036 2080 ποιούμενος

78 2091 146 2158 τοῖν
167 2088 229 2176 μὲν
251 2095 383 2159 οίκείων
401 2086 524 2159 ούδένα
545 2094 613 2159 τάν
637 2092 759 2159 ἕαυτού
781 2089 1035 2182 παρακεκλήκοδς

79 2197 249 2276 φαίνεται,
268 2187 451 2258 Διονύσιον
469 2190 507 2258 δὲ
520 2186 645 2280 Ἐρχιέα
663 2193 718 2260 καὶ
733 2187 1035 2282 ἈριστόλοχονΑί-

78 2295 238 2376 θαλίδήν·
264 2287 344 2378 μετά
363 2295 460 2360 δνοίν
476 2288 607 2360 τούτοιν
631 2294 667 2360 ἐν
683 2296 731 2382 τῷ
746 2289 836 2363 άστει
851 2288 960 2362 ¹666606
975 2290 1036 2380 τήν

79 2392 300 2480 ἐκμαρτυρίαν
323 2388 529 2478 ποιήσασθαί
549 2411 652 2479 φασιν
678 2382 777 2462 οὗτοι.
810 2396 947 2463 τοιαῦτα
973 2395 1036 2482 μὲν

77 2488 117 2559 τά
138 2489 282 2562 τούτων·
317 2487 367 2572 οἷς
394 2485 513 2561 o66’”
493 2519 535 2561 αν
558 2487 678 2581 περὶ
661 2496 802 2563 οτουούν
830 2491 1036 2564 πιστεύσειεν

46 2589 184 2673 4άλλως
206 2588 327 2673 ούδείς
372 2602 450 2672 ἴσως
477 2589 540 2682 γάρ
563 2582 606 2680 ήν
635 2589 676 2680 νή
699 2602 767 2662 ’Δία
790 2592 955 2718 πάρεργον
980 2597 1035 2663 καί

79 2696 225 2780 φαύλου,
250 2681 390 2782 περὶ
347 2721 388 2762 ον
410 2690 471 2780 τήν
495 2695 716 2815 ἐκμαρτυρίαν
737 2691 826 2784 παρά
847 2722 908 2764 του
895 2697 1035 2784 Πυρε-

78 2798 174 2861 τίδου
198 2795 280 2880 φασὶ
303 2791 506 2880 ποιήσασθαι
528 2783 635 2882 ούτοι,
664 2789 747 2864 ὥστε
775 2790 877 2865 ούδέν
902 2805 1036 2883 θαυμα

78 2889 157 2961 στόν
185 2887 438 3014 ύλιγωρηθήναι
454 2883 521 3015 ήν
519 2891 554 2962 66
567 2897 719 3015 πρᾶγμα.
757 2897 813 2963 καὶ
837 2921 923 2980 τως;
951 2891 1036 2966 ὥστε

79 2994 155 3083 περὶ
167 2988 272 3062 αύτού
287 2991 406 3063 τούτου
422 2987 440 3062 6
454 2989 545 3079 άγων
557 2983 601 3082 ήν
612 2989 630 3064 6
641 3023 708 3065 των
726 3000 1034 3086 ψευδομαρτυριων,

77 3090 303 3180 ονΞενοκλής
328 3087 535 3182 ἐφευγεν,”
514 3121 535 3181 6
558 3097 632 3177 ἐξ
615 3101 744 3184 εταίρας
774 3124 794 3183 6
779 3089 851 3180 ’“ἐξ
875 3099 1035 3185 ἐγγυητής

77 3191 139 3281 τήν
158 3195 281 3263 ἕαντού
302 3210 446 3282 γυναῖκα
471 3193 564 3264 εἶναι.
598 3193 667 3264 εἶτα
693 3199 732 3265 ἐπ
733 3198 745 3264 6
708 3194 912 3289 πταύτην
913 3191 956 3266 άν
972 3195 1035 3286 τήν

77 3300 319 3384 μαρτυρίαν,ε
303 3283 396 3382 είήν
402 3291 560 3413 άληθής,
585 3291 647 3365 ούκ
669 3290 711 3366 άν
728 3293 875 3378 ἅπαντας
891 3294 970 3378 τούς
988 3306 1034 3368 οί-

46 3414 60 3464 6
77 3403 187 3475 κείονς
203 3390 281 3475 τούς
294 3397 413 3466 ἑαυτου
402 3398 669 3517 παρακαλεινέ
669 3413 775 3478 κεῖνος
792 3393 950 3485 ήξίωσενς
977 3401 1032 3469 ναὶ

77 3525 122 3584 μα
111 3490 258 3583 Δία,’
234 3524 278 3576 ως
291 3503 394 3584 ἔγωγε
411 3493 514 3589 ᾤμην,
536 3505 567 3564 εί
579 3524 619 3583 γε
635 3486 678 3583 ήν
695 3493 816 3585 άληθὲς
833 3495 870 3568 66
888 3502 1032 3589 πρᾶγμα.
