2340 3916
125 165 168 230 30

82 340 114 399 ἰο
126 355 179 403 ναι
202 334 262 399 δύο
285 334 396 401 πόλεις
416 339 483 400 τῶν

126 420 290 500 ὑμετέρων
314 419 430 484 αὐτῶν.

125 543 168 553 -
190 505 271 570 Ὅςα
293 506 351 585 μὲν
374 502 434 569 οὖν
458 503 522 580 ἐγὼ

126 589 228 672 εἶχον,
251 590 277 654 ὠ
300 589 416 669 ἀνδρες
438 593 483 653 δι-

126 677 243 758 καςταί,
266 673 348 754 ὑπὲρ
371 674 465 752 ἐμαυ-

88 781 113 824 15
125 765 184 827 τοῦ
208 760 319 844 εἰπεῖν,
341 760 455 838 ςχεδόν

126 845 295 925 ἀκηκόατε·
322 844 456 927 ἐπ[ει]δή

126 932 163 996 δὲ
185 930 205 995 δ
227 929 435 1012 κατήγορ[ο]ς
458 927 518 995 οὐκ
541 928 576 996 ἀ-

25 1042 27 1047 ’
127 1017 244 1095 πείρως
267 1016 353 1095 ἔχων
375 1018 433 1079 τοῦ

126 1101 244 1181 λέγειν,
266 1137 310 1149 ·-
332 1100 454 1165 εἰωθὼς
476 1099 512 1164 δὲ

87 1209 113 1251 20
126 1186 282 1252 πολλάκις
304 1185 456 1262 ἀγωνίζε-

24 1314 26 1319 -
127 1276 195 1336 ςθαι
217 1270 321 1336 ἐκάλει
347 1269 481 1348 ςυνηγό-

127 1376 205 1435 ρους
226 1355 304 1420 τοὺς
324 1354 518 1435 ςυναποθλλ-

126 1440 266 1506 λοῦντάς
286 1460 359 1505 τινα
380 1443 446 1505 τῶν
469 1459 528 1504 πο-

127 1530 225 1591 λιτῶν
249 1523 376 1608 ἀδίκως,
398 1524 470 1590 δέο-

88 1635 114 1676 25
126 1632 181 1691 μαι
203 1611 292 1691 ὑμῶν
314 1611 366 1675 καὶ
387 1609 452 1686 ἐγὼ

126 1697 178 1761 καὶ
200 1695 360 1776 ἀντιβολῶ
382 1715 432 1760 κε-

127 1784 234 1847 λεῦςαι
255 1780 334 1859 κάμὲ
356 1780 484 1845 καλέςαι

126 1867 204 1931 τοὺς
227 1870 438 1945 ςυνεροῦντας
461 1863 467 1949 Ι

61 1949 200 2028 τινιέμοὶ
222 1951 303 2030 ὑπὲρ
325 1949 470 2030 τηλικού-

126 2057 185 2101 του
209 2035 337 2113 ἀνῶνος
355 2072 393 2080 -
415 2035 467 2100 καὶ
487 2034 583 2101 ἀκοῦ-

127 2141 176 2186 ςαι
199 2120 364 2204 εὐνοϊκῶς,
387 2118 417 2184 εί
437 2118 484 2184 τίς

127 2226 181 2286 μοι
203 2204 269 2284 ἔχει
289 2207 356 2270 τῶν
380 2203 472 2268 οἰκεί-

101 2311 174 2356 ιων
197 2290 217 2371 ἢ
239 2296 305 2356 τῶν
328 2288 434 2370 φίλων

314 161 519 218 κπεεειΔον
536 161 631 218 κπεν
649 160 901 218 λγκοοτοιιος.
993 144 1003 200 ἲ

612 337 762 414 βοηθῆςαι
785 371 823 379 -
845 333 961 418 πολίτῃ

611 421 668 499 μὲν
691 420 761 486 ἀντι
784 419 936 502 ὑμετέρῳ,

609 541 651 550 -
673 505 782 590 ἰδιώτῃ
805 506 914 570 δὲκαὶ
937 502 997 568 οὐκ
1020 503 1067 569 εί-

610 589 708 656 ωθότι
731 591 847 674 λέγειν,
871 627 909 635 -
933 589 1020 666 ἀγω-

611 676 768 758 νιζομένῳ
792 677 828 740 δὲ
851 675 901 740 καὶ
1103 692 1127 732 10

611 761 831 827 κινδυνεύοντι
853 761 893 825 οὐ

610 846 713 925 μόνον
736 847 808 926 περὶ
830 845 984 925 θανάτου,

611 930 777 1011 ἐλάχιςτον
800 932 862 1009 γὰρ
884 930 982 995 τοῦτό

610 1016 692 1082 ἐςτιν
714 1019 783 1081 τοῖς
805 1015 910 1094 ὀρθῶς
933 1017 988 1079 λο-

609 1101 804 1183 γιζομένοις,
827 1100 898 1166 ἀλλ’
921 1098 954 1162 ὑ-
1102 1116 1127 1157 15

610 1187 671 1265 περ
693 1190 752 1251 τοῦ
775 1186 972 1265 ἐξοριςθῆναι

609 1273 663 1336 καὶ
684 1270 893 1337 ἀποθανόντα

610 1357 689 1435 μηδὲ
711 1356 747 1422 ἐν
769 1361 807 1439 τῇ
830 1355 940 1434 πατρί-

611 1444 642 1505 δι
663 1445 816 1521 ταφῆναι.
838 1477 880 1486 ——
903 1440 961 1505 ἐὰν
985 1438 1048 1507 οὖν

610 1524 820 1605 κελεύητε,·ῶ
844 1523 961 1604 ἄνδρες
1100 1543 1128 1582 ιο

610 1612 765 1694 δικαςταὶ,
788 1613 875 1676 καλῶ
895 1630 967 1676 τινα

611 1696 819 1775 βοηθήςοντα.
852 1694 929 1761 ἀνά-

612 1780 683 1862 βηθί
705 1803 758 1862 μοι
765 1830 775 1863 ,
798 1781 949 1862 Θεόφιλε,

611 1868 663 1931 καὶ
685 1867 812 1932 ςύνειπε
836 1865 854 1931 ό
876 1886 906 1930 τι
927 1864 1025 1944 ἔχεις·

611 1951 795 2054 κελεύαυςιν
818 1949 849 2016 οἱ
871 1955 956 2016 δικα-
1099 1965 1127 2007 ιο

612 2057 686 2102 ςται.

814 2123 891 2132 ——-

717 2204 892 2282 Ἀπολογία
913 2203 995 2283 ὑπὲρ

729 2290 953 2371 Λυκόφρονος.
969 2286 976 2373 Ι

126 2513 160 2562 22
178 2510 418 2578 ςυναπολλλυντας
435 2512 460 2561 Α
478 2528 532 2578 pr.;
553 2517 692 2564 corrector
709 2527 725 2564 ο
745 2511 902 2578 adscripsit.
923 2539 955 2548 -
973 2512 1007 2563 25
1025 2525 1099 2577 εγυιι

126 2581 159 2631 A.
177 2606 210 2617 -
229 2582 261 2630 26
280 2579 432 2643 αντιβολωι
450 2579 482 2631 A.

196 2665 254 2717 001.
273 2665 347 2717 XVI.
387 2667 404 2715 4
426 2678 479 2728 μου
497 2664 522 2714 Α
540 2680 580 2729 ρι.
608 2686 641 2700 -
669 2668 701 2716 10
724 2661 932 2731 αγωίνιῑομενιυ
951 2663 984 2715 A.
1004 2691 1039 2700 -
1065 2668 1099 2716 12

127 2747 247 2798 μονπερι
264 2733 288 2783 A
305 2750 347 2799 pr.
368 2760 401 2770 —
424 2735 457 2784 25
475 2731 547 2782 Ante
565 2731 638 2783 hunc
655 2734 861 2798 proximumque
879 2747 990 2785 versum
1008 2737 1098 2799 atque

127 2803 211 2853 etiam
233 2801 308 2852 infra
330 2800 434 2852 multae
458 2800 551 2850 lineae
576 2799 704 2865 obliquae
728 2802 822 2868 pictae
846 2805 919 2852 sunt.
942 2827 975 2836 -
999 2802 1032 2852 27
1054 2818 1097 2868 sq.

126 2869 217 2936 Supra
234 2868 312 2920 tituli
334 2874 479 2934 utrumque
501 2881 611 2918 versum
635 2869 742 2934 aliquot
764 2871 855 2920 lineae
874 2869 1096 2934 conspiciuntur,

127 2954 196 3003 quas
214 2942 347 2988 accentus
365 2940 446 2987 notas
464 2935 667 3001 interpreteris,
686 2938 741 2988 nisi
759 2937 832 3002 quod
845 2938 930 2989 etiam
947 2940 1012 3003 post
1029 2936 1100 2989 ulti·

125 3022 197 3057 mam
216 3005 352 3071 syllabam
370 3008 399 3054 et
417 3002 491 3053 infra
510 3002 633 3069 Λυκοφρ.
652 3004 765 3057 additae
785 3010 858 3056 sunt.
