2340 3916
407 160 705 221 Αποεπιιειιλτιιι,
883 139 886 142 ’
997 163 1040 228 γρ

65 334 222 413 δικατίαε,
257 331 411 411 όπότεροί
441 332 517 398 εἰαν
546 331 579 398 οἱ
611 334 649 397 τὸ
680 331 779 411 ἔργον
812 333 1035 415 πεποιηκότεε,

63 419 201 501 ἠρώτων
230 416 262 482 οἱ
289 416 411 497 Ῥηνεῖε
438 417 514 483 τοὺ(
541 417 701 500 Δηλίουε,
729 417 769 481 δι’
795 417 836 496 ἣν
864 418 966 484 αἰτίαν
990 420 1036 485 ωε
1111 436 1113 441 ’

63 501 184 585 αὐτοὺς
206 499 383 583 ἀφίκοντο·
406 501 481 568 οὔτε
503 503 566 582 γὰρ
588 502 717 583 λιμένα(
733 499 815 568 εἶναι
832 505 908 583 παρ’
925 503 1036 571 αὑτοῑε

64 590 141 657 οὔτε
164 588 319 668 ἐμπόριον
343 585 418 662 οὔτε
440 586 542 666 ἄλλην
571 590 733 668 διατριβὴν
757 587 925 668 οὐδεμίαν·
954 588 1035 656 πάν-

62 694 121 741 ταε
142 674 184 740 δὲ,
201 672 397 752 ἀνθρώπους
419 670 618 753 ἀφικνεῑεθαι
641 673 724 751 πρὸ(
746 673 804 752 τὴν
826 674 942 752 Δῆλον
964 674 1056 738 ἕλε’

62 780 125 838 γον
148 759 199 831 καὶ
221 758 314 823 αὐτοὶ
335 760 376 823 τὰ
398 757 506 822 πολλὰ
529 758 565 823 ἐν
581 758 684 842 Δήλῳ
702 758 880 837 διατρίβειν.
916 760 1035 824 τῶνδὲ

61 845 196 924 Δηλίων
219 842 486 923 ἀποκρινομένων
509 843 635 926 αὐτοῑε,
662 842 712 907 ότι
733 841 833 922 ἱερεῖα
856 842 1035 923 ἀγοράεον-

60 950 116 997 τεε
143 928 175 994 οἱ
203 927 370 1008 ἄνθρωποι
401 928 548 1007 διέβηεαν
577 927 621 993 εἰε
648 929 706 1007 τήν
735 927 896 1008 Ῥήνειαν,
925 928 1035 994 διὰτί

62 1014 141 1092 οὖν,
169 1012 296 1094 ἔφαεαν
324 1011 356 1076 οἱ
383 1011 521 1093 Ῥηνεῑε,
551 1012 578 1077 εἰ
600 1013 700 1093 ἱερεῖα
722 1011 801 1093 ἧκον
825 1012 1034 1095 ὠνηεόμενοι,

63 1098 111 1165 ὥ(
134 1118 225 1179 φατε,
249 1096 326 1163 τοὺς
354 1099 472 1163 παῖδας
499 1098 576 1164 τοὺ(
599 1097 800 1164 ἀκολούθου(
827 1098 887 1163 οὐκ
909 1097 1033 1176 ἤγαγον

61 1183 140 1250 τοὺε
162 1182 299 1251 ἄξονται
321 1183 361 1247 τὰ
383 1183 493 1267 ἱερεῖα,
517 1181 600 1248 ἀλλὰ
614 1183 690 1262 παρ’
712 1183 786 1262 ὑμῖν
809 1183 845 1248 ἐν
860 1184 963 1266 Δήλῳ
979 1204 1033 1250 κα-

60 1270 211 1353 τέλιπον,
240 1267 335 1334 αὐτοὶ
360 1270 397 1354 δὲ
425 1268 519 1349 μόνοι
546 1269 708 1349 διέβηεαν;
736 1269 818 1347 πρὸ(
846 1270 882 1333 δὲ
904 1268 1033 1334 τούτοιε

59 1355 234 1435 τριάκοντα
261 1353 397 1419 εταδίων
427 1351 534 1419 ὄντων
569 1353 635 1419 ἀπό
662 1356 718 1431 τῆ(
746 1352 923 1432 διαβάεεωε
949 1354 1033 1432 πρὸ(

59 1440 121 1520 τήν
147 1439 244 1504 πόλιν
272 1439 331 1518 τήν
358 1437 538 1517 Ῥηναέων,
565 1437 713 1518 τραχείαε
744 1437 840 1517 αὕτη(
869 1438 965 1516 ὁδοῦ,
994 1439 1034 1502 δι’
1090 1437 1093 1443 ’

59 1522 101 1605 ἦε
128 1523 194 1590 ἔδει
221 1521 339 1590 αὐτοὺς
367 1527 564 1602 πορευθῆναι
586 1523 639 1587 ἐπὶ
660 1524 719 1603 τήν
742 1523 927 1606 ἁγοραείαν,
955 1521 1033 1587 ἄνευ
1141 1550 1144 1555 ·

60 1606 279 1690 ὑποδημάτων
301 1608 464 1692 διέβηεαν,
493 1608 529 1675 ἐν
552 1608 653 1691 Δήλῳ
676 1609 705 1672 δ’
727 1608 830 1672 ἐντῶ
852 1606 929 1690 ἱερῷ
952 1607 1032 1672 ὑπο-

60 1695 228 1774 δεδεμένοι
255 1694 488 1775 περιεπάτουν;
525 1695 690 1777 Anonym.
727 1690 768 1755 ad
796 1672 952 1775 Hermog.
982 1690 1033 1756 IV

58 1802 94 1866 p.
117 1777 181 1843 445
196 1799 245 1864 sq.
267 1777 321 1843 W.
364 1777 441 1842 Huc
462 1778 627 1861 pertinent
648 1776 778 1861 glossae
799 1776 1033 1862 Harpocratio-

60 1866 128 1930 πίοι
153 1858 319 1947 ἀγοράσαι
347 1863 420 1929 ἀντὶ
446 1867 504 1928 τοῦ
528 1862 705 1943 ωνήεαεθαι
727 1863 798 1928 Ὑπ.
822 1861 926 1946 ἐντῷ
949 1862 1032 1941 Δηλ.

61 1958 96 2015 et
114 1945 264 2031 Ῥηναία·
290 1948 362 2014 Ὑπ.
386 1948 468 2027 Δηλ.

149 2034 200 2098 74.
231 2031 403 2110 Σόνναξιν
432 2031 471 2097 ἐν
493 2035 539 2117 τῷ
561 2030 706 2116 παρόντι
728 2026 846 2096 οὐδενὶ
868 2030 1031 2114 διδόντες,
1045 2057 1070 2098 75

60 2115 159 2204 ἡμεῖς
181 2117 221 2183 δέ
240 2137 322 2182 ποτε
343 2114 533 2202 ἠξιώσαμεν
555 2118 683 2200 λαβεῖν.
704 2155 743 2163 -
764 2116 928 2203 Ηατροοτ.
950 2139 976 2180 s.
998 2139 1033 2182 v.

62 2204 218 2287 εύνταξιε,
240 2202 283 2268 cf.
307 2202 347 2267 Ε.
370 2203 416 2271 Μ.
438 2225 470 2288 p.
496 2201 566 2285 736,
590 2204 627 2285 33
652 2202 743 2267 Suid.
767 2201 862 2267 Phot.
886 2225 911 2266 s.
935 2225 967 2266 ν.

149 2287 200 2353 75.
219 2285 361 2352 ’Ἇνετον
389 2287 461 2355 ἀντὶ
488 2293 546 2354 τοῦ
573 2287 661 2368 ἱερὸν
690 2289 742 2353 καὶ
769 2287 940 2369 ἀνειμένον
968 2293 1032 2368 θεῷ
1046 2314 1070 2355 το

63 2394 127 2441 τινι
149 2372 219 2439 Ὑπ.
241 2374 324 2451 Δηλ.
348 2372 470 2456 Harp.;
492 2373 535 2437 cf.
557 2373 596 2436 B.
614 2373 656 2436 A.
678 2371 825 2453 399,12;
849 2372 940 2437 suid.
957 2394 982 2434 s.
999 2395 1032 2436 v.

149 2458 201 2522 76.
228 2453 388 2521 Ἀποικία.
418 2459 506 2523 ἰδίωε
532 2460 574 2523 τὰ
601 2457 768 2536 γράμματα
795 2458 868 2523 καθ’
896 2455 1072 2525 ἃάποι-ιι

61 2543 152 2610 κοίιεί
172 2562 257 2609 τινεε
280 2542 383 2609 οὕτω(
406 2542 590 2624 ὠνόμαεαν
612 2542 683 2606 Ὑπ.
706 2543 790 2622 Δηλ.
813 2540 974 2626 Harpocr.

151 2627 200 2691 77.
222 2624 431 2710 Ἀρτεμίσιον
453 2628 540 2694 ἰδίω(
561 2629 599 2692 τὸ
614 2631 670 2706 τήε
692 2627 874 2707 Ἀρτέμιδα(
890 2625 1032 2706 ἄγαλμα·
1046 2654 1070 2694 ια

62 2712 137 2779 Ὑπ.
159 2714 241 2793 Δηλ.
267 2709 429 2796 Harpocr.

150 2796 202 2861 78.
213 2797 428 2880 ,προηροσίω
446 2797 519 2863 Ὑπ.
530 2798 612 2877 Δηλ.
625 2795 730 2878 ὄνομα
740 2796 855 2862 θυείαε.
870 2794 1031 2880 Harpocr.
1046 2822 1071 2863 ια

63 2951 131 3016 παρ’
149 2949 246 3004 αὐτοῖε
265 2950 340 3016 οοό.,
369 2968 421 3003 em.
441 2951 468 3003 S.
497 2978 529 2988 -
553 2948 620 3002 οὐδὲ
642 2948 732 3018 ἄλλην
752 2951 788 3001 ci.
809 2950 836 3001 S.
873 2947 982 3001 πάντα(
1000 2962 1033 3001 τε

64 3019 140 3081 αοελγ
164 3034 215 3072 em.
238 3019 266 3070 S.
296 3045 330 3057 —
359 3017 547 3084 ἀγοράεαντεε
565 3019 637 3079 cod..
663 3035 715 3075 em.
735 3019 763 3071 S.
792 3045 827 3054 -
857 3015 1033 3082 ωνηεάμενοι

64 3088 137 3150 οοό.;
157 3103 208 3138 em.
229 3088 257 3138 S.
281 3113 312 3123 ·-
337 3086 368 3138 δέ
384 3091 427 3151 τῷ
446 3084 516 3153 ἱερῷ
535 3087 609 3147 οοό.;
632 3086 657 3138 δ’
675 3084 706 3138 ἐν
725 3086 751 3138 S.
777 3112 809 3122 -
834 3102 877 3152 ap.
897 3086 1032 3150 Harpocr.

63 3155 155 3222 priore
173 3155 236 3206 λοαο
255 3154 383 3220 μηλιαιαῑι
403 3155 538 3205 BCFHK.
570 3181 603 3190 -
633 3155 665 3204 75
683 3151 842 3206 ευντάξεωε
861 3157 889 3204 et
908 3151 941 3205 οὐ
960 3148 1033 3204 δίδο·

62 3236 110 3275 ται
128 3224 161 3273 Ε.
178 3223 226 3285 M„
247 3222 297 3274 sed
316 3222 376 3275 eod.
395 3222 509 3288 lugdun.
530 3221 725 3272 Valekenaerii
744 3221 873 3274 (όνταξιν
891 3226 919 3271 οι
937 3218 1032 3273 οὐδενί

62 3288 190 3344 διδόντες
209 3306 269 3341 cum
286 3291 374 3355 Ηαπρ.
392 3289 474 3342 -δέ
492 3303 564 3343 ποτε
576 3291 608 3353 A,
627 3289 737 3352 Suidas,
755 3291 845 3354 Phot„
865 3287 936 3342 ποτὲ
955 3288 1033 3351 (τότε

62 3359 97 3410 οἱ.
116 3358 180 3424 Bk.)
200 3359 288 3410 ceteri
310 3360 371 3411 οοό.
388 3359 477 3424 Harp.
505 3384 538 3395 -
564 3360 596 3409 76
618 3357 762 3422 δηλιακιίιν
784 3359 816 3408 F.
844 3385 877 3395 -
903 3359 936 3409 77
959 3355 1031 3421 Δηλ.

62 3443 116 3480 om.
135 3425 213 3478 Bon.
244 3424 303 3491 ἀρτ.
324 3423 401 3478 ἰδίω(
419 3424 469 3491 μὲν
488 3424 528 3478 Ὑ.
547 3422 684 3477 πολλάκις
702 3423 832 3490 ὼνόμαεε
849 3425 884 3477 τό
901 3427 953 3491 τῆε
972 3423 1032 3489 Ἀρ-

61 3493 176 3560 τὲμιδοε
194 3493 306 3559 ἄγαλμα
323 3496 355 3546 Ε.
374 3494 449 3546 Suid.
468 3522 500 3530 -
519 3494 552 3545 '18
570 3490 734 3560 προηροτίαι
751 3494 787 3549 D.
804 3520 837 3530 -
