2340 3916
51 261 54 269 .
150 189 212 253 104
502 189 758 248 ΑτΣΧταον

150 355 335 435 προξενίαν.
359 347 485 434 μεγάλα
502 346 537 413 δ’
555 344 644 432 οἶμαι
660 348 789 415 τοάτων
806 349 871 436 έγῶ
894 363 1010 437 σημεῖα
1032 353 1105 417 ἐπι-

151 454 277 528 δείξειν.
300 453 331 515 εί
345 446 409 532 γάρ
420 471 452 513 τι
462 444 591 512 τούτων
602 442 724 531 ἀληθὲς
734 437 778 531 ήν
790 439 838 513 ῶν
848 444 891 514 σύ
902 450 1022 533 λέγεις,
1041 473 1105 514 κα-
1122 453 1166 510 142

150 548 317 634 τηγόρουν
334 546 377 612 ἀν
393 570 459 631 μου
476 546 615 612 Βοιωτοὶ
632 544 686 611 καὶ
703 547 850 612 Φωκέων
867 549 901 612 οί
911 545 1104 632 φεύγοντες,

80 653 134 712 310
154 639 202 714 ῶν
212 644 290 723 τούς
301 646 362 729 μὲν
371 643 608 730 ἐξεβεβλήκειν,
617 639 696 719 τοῦς
708 640 740 709 δ’
754 643 904 710 ἐκώλυσα
913 653 1103 712 κατελθεῖν·

151 741 263 812 τῶνδ’
282 740 356 828 οῦχὶ
372 744 412 809 τά
431 740 606 827 συμβάντα
624 743 845 827 λογιζόμενοι,
866 739 949 809 ἀλλά
967 741 1029 827 τήν
1045 739 1105 810 εό-

151 870 248 913 νοιαν
257 840 319 929 τήν
329 838 413 927 ἐμήν
425 837 679 925 ἀποδεχόμενοι,
691 843 903 925 συλλεγέντες
914 843 949 907 οί
957 841 1106 925 φεῦγον-

150 970 203 1022 τες
214 950 372 1012 Βοιωτῶν
383 940 527 1028 ᾕρηνταί
540 965 596 1024 μοι
614 939 838 1024 συνηγόρους,
858 937 979 1024 ήκουσι
993 936 1024 1004 δ’
1039 937 1104 1005 ἀπὸ

150 1049 221 1109 τῶν
233 1044 269 1109 έν
282 1048 437 1108 Φωκεῦσι
448 1039 579 1106 πόλεων
590 1040 759 1125 πρέσβεις,
772 1037 831 1115 οὓς
843 1037 906 1122 ἐγῶ
918 1034 980 1123 τήν
991 1044 1106 1122 τρίτην

149 1146 330 1227 πρεσβείαν
355 1140 407 1205 ἐπὶ
428 1137 507 1216 τούς
525 1136 765 1223 Ἀμφικτύονας
785 1138 980 1224 πρεσβεύων
997 1143 1107 1204 ἔσωσα

152 1245 296 1306 Οἰταίων
313 1237 551 1322 ἐγχειρούντων
568 1242 693 1321 λέγειν,
716 1232 759 1313 ῶς
783 1241 836 1302 δεῖ
854 1232 933 1313 τοῦς
954 1234 1107 1322 ἡβῶντας

153 1334 257 1404 ῶθεῖν
268 1334 350 1402 κατά
361 1342 422 1402 τοῦ
433 1344 600 1422 κρημνοῦ,
613 1336 668 1403 καὶ
678 1335 874 1420 παρήγαγον
885 1341 932 1412 εἰς
941 1334 1020 1412 τοῦς
1028 1332 1106 1418 Ἀμ-

153 1435 334 1523 φικτόονας
344 1432 427 1502 ῶστε
440 1433 619 1519 ἀπολογίας
629 1448 748 1519 τυχεῖν.
762 1431 780 1500 ὁ
791 1431 927 1520 μὲνγὰρ
939 1434 1107 1511 Φάλαικος

120 1595 121 1599 ,
152 1531 365 1611 ὑπόσπονδος
376 1530 509 1618 ἀφεῖτο,
528 1537 562 1599 oi
571 1535 606 1598 δὲ
616 1529 758 1599 ἀναίτιοι
768 1531 998 1618 ἀποθνήσκειν
1010 1537 1108 1616 ἔμελ-

153 1642 224 1716 λον,
238 1630 525 1716 συναγορεύοντος
543 1627 575 1696 δ’
587 1632 671 1716 ἐμοῦ
681 1628 901 1716 διεσώθησαν.
915 1628 967 1696 ότι
979 1626 1012 1695 δ’
1023 1627 1107 1713 ἀλη-
1125 1636 1166 1692 145

153 1739 199 1816 θη
221 1735 324 1816 λέγω,
348 1731 443 1797 κάλει
464 1756 521 1815 μοι
540 1729 717 1814 Μνάσωνα
739 1725 800 1796 τὸν
820 1732 939 1795 Φωκέα
956 1729 1010 1794 καὶ
1027 1725 1106 1805 τοῦς

153 1831 374 1914 συμπρέσβεις
394 1831 449 1895 καλ
468 1825 548 1905 τοῦς
569 1824 633 1895 ἀπό
655 1834 712 1913 τῆς
735 1834 803 1894 τῶν
818 1835 975 1896 Βοιωτῶν
996 1832 1107 1911 φυγῆς

152 1925 347 2015 ᾑρημένους.
371 1925 520 2014 ἀνάβηθι
538 1931 655 2013 δεῦρο,
676 1934 804 2010 Λίπαρε
815 1927 870 1994 καὶ
880 1925 1027 2011 Πύθων,
1051 1928 1106 1992 καὶ

152 2025 214 2113 τήν
225 2024 331 2113 αάτήν
343 2023 487 2095 ἀπόδοτέ
497 2051 553 2111 μοι
564 2026 661 2111 χάριν
673 2031 719 2104 εἰς
730 2023 792 2112 τήν
805 2033 867 2092 τοῦ
878 2026 1027 2111 σώματος
1038 2043 1107 2091 σω-

153 2135 286 2212 τηρίαν,
299 2123 405 2210 ήνπερ
418 2122 480 2208 ἐγῶ
492 2121 580 2209 ὑμῖν.

214 2286 481 2348 ΣΥΝΗΓΟΡΙΛ
501 2288 716 2348 ΒΟΙΩΤΩΝ
733 2289 820 2349 ΚΑΙ
838 2289 1042 2350 ΦΩΚΕΩΝ.

239 2420 318 2490 Πῶς
328 2403 392 2479 οῦν
404 2410 467 2480 οὐκ
478 2409 523 2480 ἀν
535 2413 627 2481 δεινά
639 2414 791 2498 πάθοιμι,
804 2418 835 2480 εί
844 2420 1109 2499 κατηγοροῦντος

156 2515 217 2599 μὲν
228 2515 472 2598 Λημοσθένους
482 2520 543 2581 τοῦ
555 2518 710 2599 Θηβαίων
721 2515 885 2594 προξένου
895 2513 950 2579 καὶ
962 2536 1109 2596 πονηρο-

155 2611 257 2677 τάτου
269 2607 525 2696 τῶνἙλλήνων,
538 2609 838 2696 συναγορευόντων
848 2612 886 2677 δέ
895 2636 951 2696 μοι
962 2611 1109 2677 Φωκέων

154 2711 209 2776 καὶ
218 2717 376 2777 Βοιωτῶν
386 2707 518 2796 ἀλοίην;

83 2820 138 2884 m
233 2806 410 2895 Ἐτόλμησε
429 2807 460 2876 δ’
481 2816 603 2893 εἰπεῖν,
626 2807 670 2888 ῶς
681 2808 745 2894 ἐγῶ
763 2823 830 2888 τοῖς
842 2813 986 2895 ἐμαυτοῦ
998 2808 1109 2892 λόγοις
1126 2820 1166 2874 1η

154 2913 345 2989 περιπίπτω.
370 2910 450 2993 φησὶ
460 2907 525 2992 γάρ
538 2933 579 2992 με
590 2913 704 2994 εἰπεῖν,
718 2906 770 2975 ὅτ’
783 2914 916 2994 ἔκρινον
930 2915 1108 2993 Τίμαρχον,

154 3002 206 3074 ὅτι
216 3005 336 3083 πάντες
353 3004 425 3073 κατ’
441 3003 617 3092 αῦτοῦτήν
628 3015 686 3092 τῆς
697 3015 853 3090 πορνείας
865 3007 980 3093 φήμην
991 3029 1109 3090 παρει-

153 3102 295 3189 λήφασι,
315 3099 376 3170 τόν
393 3100 425 3169 δ’
438 3100 592 3171 Ἡσίοδον
603 3103 742 3191 ποιητήν
753 3103 885 3191 ἀγαθόν
897 3103 978 3172 ὅντα
989 3113 1107 3180 λεγειν,

219 3203 312 3289 φήμη
325 3200 357 3269 δ’
371 3201 461 3280 οὔτις
473 3203 611 3288 πάμπαν
622 3202 820 3290 ἀπόλλυται,
837 3202 954 3292 ήντινα
967 3212 1044 3271 λαοί

219 3303 335 3370 πολλοὶ
347 3306 525 3388 φημίξωσι·
545 3305 626 3383 θεός
636 3332 680 3372 νυ
694 3313 742 3384 τίς
753 3309 821 3372 ἐστι
833 3308 885 3371 καὶ
898 3332 990 3390 αντη.

153 3398 217 3488 τήν
235 3399 267 3467 δ’
287 3398 395 3487 αὐτήν
410 3403 537 3489 ταύτην
554 3401 639 3470 θεὸν
662 3403 755 3491 ήκειν
774 3413 839 3470 νῦν
855 3409 1108 3491 κατηγοροῦσαν
