2340 3916
129 194 172 258 60
507 192 721 244 Δεοιιειιου

96 353 327 442 σγενημένηςς
351 349 416 439 ἐγω
436 351 489 438 δέ,
513 342 744 439 ύἉθηναῖοι,
769 356 800 420 εἰ
817 357 871 421 δεῖ
890 349 1021 441 τάληθῆ
1045 353 1098 421 λέ-

131 487 203 546 γειν
231 499 274 507 -
302 462 356 527 δεῖ
377 460 417 527 δέ
441 498 501 545 -,
534 455 577 526 ού
603 456 661 538 τάς
693 454 877 545 ἀποφάσεις
911 456 1002 547 οἶμαι
1030 462 1100 527 νύν

131 572 318 655 κρίνεσθαι,
337 564 480 655 πότερον
499 561 637 652 άληθεῖς
660 569 746 633 εἰσιν
764 560 785 652 η’
804 570 940 646 ψευδεῖς
959 569 998 634 αῖ
1013 563 1098 634 κατὰ

133 673 336 752 Φιλοκλέους
352 672 579 759 γεγενημέναι,
598 666 681 740 ἄλλά
700 671 776 760 περὶ
799 670 905 759 μόνης
921 674 981 760 τῆς
997 699 1099 760 τιμω-

133 787 205 866 ρίας
232 773 320 866 ὑμᾶς
347 782 420 846 δεῖν
442 780 501 866 της
523 778 560 845 έν
582 780 628 868 τῷ
656 783 844 865 ψηφίσματι
873 780 1103 868 γεγραμμένης

133 884 267 954 δικάσαι
285 887 366 970 νῦν,
384 883 507 971 πότερα
526 887 580 951 δεῖ
594 883 772 974 χρημάτων
790 887 926 972 τιμῆσαι
944 887 990 976 τῷ
1009 894 1100 972 τηλι-

132 995 238 1060 καύτα
256 987 428 1078 ἠδικηκότι
447 987 509 1077 τὴν
526 988 640 1075 πόλιν,
663 985 684 1077 ἢ
703 989 841 1082 θανάτῳ
862 990 1102 1079 ζημιώσαντας,

134 1095 245 1186 ὥσπερ
268 1087 367 1176 οὗτος
385 1101 531 1184 ε”γραψεν
554 1097 591 1163 ἐν
608 1098 654 1187 τῷ
672 1103 862 1184 ψηφίσματι
880 1093 960 1165 καθ’
982 1093 1101 1186 αὑτοῦ,

134 1204 298 1292 δημεῦσαι
324 1199 386 1289 τὴν
414 1198 535 1270 οὐσίαν
566 1199 630 1291 τὴν
658 1203 693 1270 ἐκ
723 1203 889 1272 τοιούτων
920 1203 1102 1292 λημμάτων

134 1309 402 1395 συνειλεγμένην.

101 1422 117 1471 6
217 1422 339 1482 Οίεσθε
356 1416 479 1482 τούτου
492 1416 559 1483 νύν
572 1416 706 1504 πρῶτον
720 1417 774 1484 ἐπὶ
786 1415 916 1484 τούτων
934 1419 1002 1485 τῶν
1021 1445 1100 1508 χρη-

134 1519 247 1609 μάτων
277 1518 429 1611 πονηρὸν
460 1523 678 1610 γεγενῆσθαι,
706 1517 727 1610 ἢ
755 1524 821 1590 νύν
852 1525 986 1613 πρῶτον
1017 1521 1099 1592 καθ’

134 1623 232 1716 ὑμῶν
254 1630 347 1715 δῶρα
366 1629 553 1714 εἰληφέναι;
577 1623 641 1697 ούκ
660 1633 728 1696 ἔστι
750 1631 870 1715 ταῦτα,
893 1625 976 1698 άλλά
998 1631 1102 1700 πάλαι

87 1778 89 1785 -
134 1737 286 1815 τοιοῦτος
309 1729 358 1802 ύυ
380 1734 570 1803 ἐλάνθανεν
587 1729 688 1822 ὑμᾶς,
705 1737 761 1804 καί
781 1731 961 1823 εὐτυχεῖτε,
980 1737 1102 1805 καθότι

135 1837 198 1909 ούκ
217 1842 253 1909 έν
272 1847 396 1928 μείζοσι
414 1855 542 1931 καιροῖς
560 1839 729 1910 ἐπύθεσθε
747 1839 810 1930 την
828 1845 1103 1933 αἰσχροκέρδειαν

135 1944 254 2016 αύτού·
278 1944 320 2016 ού
338 1947 403 2036 γάρ
422 1948 490 2015 ἐστι
508 1947 737 2037 χαλεπώτερον
755 1944 941 2039 άνθρύπον
960 1947 1021 2037 τὴν
1040 1946 1101 2017 αύ-

101 2072 116 2120 7
134 2056 195 2122 τού
204 2057 372 2143 πονηρίαν
384 2048 618 2140 ἀγνοουμένην
631 2059 773 2140 ἔχοντος.
802 2051 865 2123 οὐκ
880 2053 1102 2142 άποκτενεῖτε,

136 2150 162 2228 ὦ
183 2156 373 2245 Ἀθηναῖοι,
395 2157 516 2236 πάντες
539 2152 761 2245 ὁμοθυμαδὸν
779 2157 840 2227 τ’ὸν
863 2166 910 2240 εἰς
933 2162 1103 2249 τοσαύτην

135 2262 300 2350 αἰσχύνην
323 2263 378 2330 καί
402 2258 538 2330 άδικίαν
563 2261 708 2344 πολλοὺς
735 2267 804 2332 τύν
832 2269 977 2334 πολιτῶν
1006 2270 1101 2355 ἐμβε-

135 2367 294 2457 βληκότα,
316 2365 378 2438 τὸν
400 2365 550 2459 άρχηγὸν
571 2366 755 2456 γενόμενον
777 2373 838 2439 τού
858 2374 1102 2458 διαδεδομένου

134 2480 276 2565 χρυσίου
295 2477 351 2544 καὶ
369 2479 416 2557 εἰς
431 2480 542 2544 αἰτίαν
559 2475 764 2545 καθιστάντα
782 2479 894 2546 πάσαν
910 2475 973 2567 την
987 2477 1102 2562 πόλιν;

203 2683 227 2733 5.
263 2667 285 2732 ὦ
304 2673 454 2749 Ἀθηναῖοι
477 2683 501 2732 N
525 2682 588 2736 Mn:
612 2669 634 2733 ὦ
657 2673 770 2747 ἄνδρες.
789 2710 822 2720 -
852 2673 888 2736 ού
910 2675 962 2744 τάς
982 2685 1016 2733 ei.
1036 2685 1101 2735 Mn:

136 2738 206 2801 ούδλ
223 2742 284 2807 τάς.
304 2775 335 2785 -
353 2742 444 2815 μόνης
463 2756 537 2800 auct.
555 2753 587 2804 R.
603 2753 697 2802 Turn:
715 2746 780 2816 μὲν,
799 2753 869 2816 quod
887 2768 977 2803 revoc.
997 2751 1048 2800 Mr.
1066 2778 1100 2787 —

136 2815 201 2868 δεῖν
217 2816 243 2867 N
258 2817 283 2866 A
301 2818 397 2867 Tum
416 2815 472 2868 δεῖ.
491 2844 525 2854 -
543 2815 594 2882 τῆς
612 2810 656 2884 ἐν]
674 2822 740 2877 ταῖς
758 2810 790 2871 ἐν
807 2820 831 2869 Α
848 2835 890 2884 pr.
909 2817 1007 2882 σοιτίς
1035 2819 1102 2869 item

134 2899 197 2934 mox
215 2881 442 3001 Ιχεχρμμμὲνηις.
461 2910 495 2962 Τ
524 2876 578 2949 τὴν
599 2881 684 2937 πόλιν
706 2901 757 2937 om.
781 2902 821 2952 pr.
839 2888 869 2936 A.
892 2913 927 2924 -
955 2882 1101 2953 δημεῦσαι

136 2966 197 3000 cum
242 2989 246 2999 .
313 2968 333 2999 .:
452 2965 542 3002 ευσαι.

203 3019 227 3070 6.
263 2967 485 3084 εύτνχόῖτεημδλε.
506 3034 567 3069 oum
590 3019 681 3071 Schol.
705 3021 751 3070 Ar.
775 3022 911 3084 Eq.1299
935 3029 963 3072 et
986 3021 1060 3072 Suid.
1079 3037 1101 3072 s.

134 3101 160 3137 v.
182 3079 408 3150 πυνθάνεσθαι,
434 3087 482 3149 qui
498 3088 632 3138 Dinarchi
656 3089 766 3139 nomine
788 3088 907 3139 afferunt
926 3105 971 3140 vv.
991 3082 1049 3142 εύτ.
1069 3115 1102 3126 -

137 3147 386 3219 αἰσχροκέρδειαν
405 3144 557 3221 ηύτνχεῖτε
574 3170 636 3206 cum
652 3155 684 3206 R.
698 3157 760 3219 Bk,
779 3147 893 3221 εύτύχει
911 3157 963 3219 Nm,
981 3145 1101 3222 ηύτύχει

134 3236 160 3271 v.
178 3247 212 3256 -
234 3214 357 3286 καθότι]
374 3210 419 3273 ότι
438 3222 515 3274 snid.
534 3222 639 3287 Schol.,
662 3238 709 3308 (χω
731 3223 813 3274 iidem
833 3230 860 3273 ει
882 3223 992 3288 μείζονι
1010 3222 1101 3290 καιρῷ

137 3288 200 3352 (hoc
219 3289 329 3370 quidem
346 3304 402 3341 non
419 3288 502 3355 male)
521 3295 550 3341 et
573 3283 626 3356 τὴν
645 3290 737 3342 αντού
759 3285 809 3342 αἰσ
827 3307 886 3357 ροκ.
903 3293 1048 3358 praebent.
1068 3319 1101 3329 -

134 3349 188 3421 τὴν
206 3350 298 3409 αυτού
316 3373 376 3407 cum
395 3356 492 3424 Steph.
511 3359 603 3411 Turn:
621 3350 676 3422 τὴν
693 3347 787 3425 αύτήν
805 3308 909 3426 (infirm
928 3359 980 3409 del.
993 3357 1067 3425 Mn).

159 3502 172 3517 .
203 3443 227 3491 7.
246 3433 378 3508 άδικίαν]
391 3434 516 3561 άτυχίαν
526 3443 670 3520 9i.Schm.;
681 3433 807 3506 ἀδοξίαν
816 3443 943 3494 οἰ.Μι.-
957 3442 1012 3494 τῶν
1022 3445 1102 3495 πολι-

59 3522 191 3648 ,των
202 3508 292 3560 add.N
302 3511 352 3561 Mr.
363 3526 443 3561 -κα
468 3523 589 3562 ισταντα
599 3526 661 3561 cum
672 3510 868 3577 Steph.'1'urr.:
882 3510 1057 3565 καθίσαντα.
1067 3538 1102 3548 -
