2340 3916
327 175 524 254 ναεετωε
541 200 815 253 mmmm.
1010 200 1051 267 τι

80 367 139 452 τῆς
161 366 320 451 πατρίδος
342 363 517 450 συμφέρον
539 361 595 428 καὶ
620 355 639 448 ἡ
661 362 723 431 τοῦ
746 361 908 447 βασιλέως
931 370 1052 449 φιλαν·

80 474 229 560 θρωπία·
258 465 369 541 έλθών
396 465 460 556 γάρ
484 468 538 558 ἐπὶ
564 464 625 536 τόν
647 470 812 536 κίνδυνον
839 465 960 557 ἐχθρὸς
981 471 1052 539 τοῖν

82 573 225 663 ἀγόνων
243 579 342 662 φίλος
360 577 539 662 ἐχωρίσθη,
557 569 595 642 τὸ
608 574 678 641 τόν
695 571 921 660 νενικηκότων
939 564 1050 645 ἀθλον
1116 572 1119 577 ’

80 696 151 762 τοῖς
172 689 329 769 σφαλεῖσι
351 684 518 768 προςθείς.
553 677 655 748 πάλιν
677 683 796 747 τοίνυν
818 669 878 766 ἧκε
894 681 935 769 τῇ
953 677 1050 751 πόλει
1072 692 1102 741 11

81 785 196 877 καιρὸς
215 788 339 876 ἕτερος,
358 789 415 853 ’ίνα
432 783 513 866 τοὺς
530 783 652 872 μεταξὺ
669 782 856 865 κινδύνους
873 782 962 854 ἑκὼν
979 789 1049 857 ἐπί·
1079 818 1083 823 ·

81 893 250 980 λάθωμαι·
269 893 324 960 καὶ
339 890 458 972 πάντες
471 889 533 978 μέν
547 895 582 960 οί
593 886 802 978 τὴνἙλλάδα
816 893 1051 975 κατοικοῦντες
1148 934 1151 939 -

80 1026 142 1068 τον
158 996 376 1087 Ἀλέξανδρον
398 998 451 1065 ἐπὶ
469 993 531 1085 τὴν
549 992 732 1085 ἡγεμονίαν
754 992 970 1086 ἀνεβίβαζον,
991 1001 1050 1069 καί

81 1120 151 1185 τοῖς
169 1110 382 1192 ψηφίσμασιν
397 1100 661 1184 ἀναπλάττοντες
680 1102 838 1193 φρόνημα
857 1111 968 1192 μεῖζον
986 1108 1050 1175 τοῦ
1151 1144 1154 1149 ·

81 1213 219 1292 δέοντος
236 1207 395 1300 ἀνδρί’
354 1236 420 1300 υεφ
439 1211 496 1277 καὶ
510 1208 682 1301 φιλοδόξῳ
700 1210 918 1316 περιέθηκαν·
937 1213 1048 1281 λοιποί

80 1308 158 1385 δέ
136 1343 220 1405 ημεν
238 1312 331 1404 ἡμεῖς
349 1278 405 1384 καί
423 1314 694 1403 Λακεδαιμόνιοι,
704 1293 888 1405 πρόβλημα
905 1342 965 1404 της
983 1337 1048 1387 σω-

80 1429 196 1512 τηρίας
227 1429 357 1511 ἔχοντες
384 1417 426 1490 οὐ
453 1421 631 1511 χρημάτων
661 1424 807 1509 πλῆθος,
839 1419 902 1510 ούχ
933 1419 1050 1493 ὅπλων

80 1524 362 1616 παρασκευάς,’
322 1554 386 1614 ουχ
404 1527 547 1616 (ίππέων
566 1526 637 1617 καὶ)
655 1530 763 1610 πεζῶν
781 1527 952 1615 σύνταξιν,
971 1525 1046 1600 ἀλλ’
1148 1516 1154 1565 .'

79 1637 265 1722 ἐπιθυμίαν
293 1633 382 1722 (μὲν)
410 1634 573 1722 μεγάλην,
601 1633 748 1722 δύναμιν
775 1631 808 1702 δ’
834 1630 962 1722 ἀσθενῆ
990 1638 1048 1705 καί
1147 1642 1150 1647 ’

78 1741 247 1829 ταπεινήν.
289 1731 337 1809 τόν
364 1739 426 1827 μέν
448 1738 512 1829 γάρ
540 1739 681 1826 ἐσύλησε
707 1737 769 1827 τὴν
798 1737 897 1827 ἰσχὺν
924 1735 943 1809 ό
971 1743 1047 1832 περὶ
1069 1724 1115 1813 12·
1142 1836 1145 1841 Ι

79 1848 232 1936 Λεῦκτρα
251 1850 426 1932 κίνδυνος,
450 1841 468 1914 ό
488 1845 526 1914 δὲ
544 1843 707 1935 πρότερον
725 1842 902 1936 ἀπείρατος
920 1841 969 1915 τόν
986 1872 1047 1917 πο·
1063 1880 1102 1923 ιω
1149 1900 1154 1911 .

78 1959 192 2040 λεμίας
220 1952 402 2039 σάλπιγγος
424 1949 586 2040 Εὐρώτας
608 1949 779 2032 Βοιωτοὺς
805 1952 844 2019 έν
864 1955 906 2042 τῇ
927 1960 1047 2023 Λακω-
1150 2032 1153 2037 ,

49 2060 52 2065 ’
78 2062 155 2148 νικῇ
193 2057 517 2187 στρατοπεδεύοντας
552 2053 656 2126 εἶδεν
697 2054 848 2187 ἀπέκειρε
884 2057 949 2149 γάρ
984 2086 1048 2185 την
1150 2066 1154 2111 t

79 2161 189 2252 ἀκμην
207 2192 265 2252 της
283 2161 479 2255 Σπάρτης
464 2194 481 2234 ο
502 2170 665 2294 Θηβαῖος,
688 2165 745 2233 καί
766 2161 847 2246 τοὺς
869 2161 973 2256 ὅρους
988 2169 1048 2256 τῆς

79 2273 277 2358 Λακωνικης
299 2269 568 2360 τεθειμένους
533 2297 596 2359 την
619 2266 730 2359 ἀκμὴν
751 2273 820 2340 τῶν
841 2273 931 2341 νέων
948 2275 1046 2343 συνέ

79 2385 189 2446 κλεισε
217 2392 308 2458 ταῖς
315 2378 462 2468 τέφραις.
503 2373 623 2459 τάςδ’
648 2372 807 2467 ἡμετέρας
833 2377 1047 2467 παρασκευάς
1106 2464 1109 2469 ¹
1150 2382 1154 2441 ἶ

78 2479 296 2551 ἀνάλωσεν’
280 2509 298 2551 ο
323 2483 481 2572 πόλεμος,
508 2480 620 2552 καί
586 2507 649 2568 την
672 2484 790 2551 ἐλπίδα
815 2508 885 2550 των
913 2482 1046 2566 ζώντων

79 2591 278 2679 συνέτριψεν
300 2617 321 2676 η
341 2586 500 2679 συμφορά
516 2590 586 2657 τῶν
609 2583 863 2657 ἀποθανόντων.
901 2594 1046 2676 Θηβαίοι
1065 2606 1100 2657 13
1149 2594 1154 2601 ’

79 2694 117 2764 δὲ
152 2698 309 2782 μέγιστον
345 2693 435 2782 εἶχον
472 2690 598 2782 δεσμόν
632 2690 695 2781 τὴν
729 2719 798 2762 των
833 2693 1046 2765 Μακεδόνων

78 2800 250 2891 φρουράν,
273 2797 335 2889 ὑφ’
355 2830 395 2889 ης
414 2828 456 2870 ου
445 2797 638 2887 ’μόνον
604 2825 663 2881 τας
680 2813 792 2890 χεῖρας
809 2802 1045 2890 συνεδέθησαν
1136 2824 1154 2897 -ξ

78 2903 162 2974 ἀλλὰ
184 2909 239 2975 καὶ
263 2905 325 2994 τὴν
343 2903 740 2997 παρρησίανάφῄρηντο·
763 2908 809 2998 τῷ
828 2904 893 2998 γάρ
909 2905 1044 2998 Ἐπαμι-

148 3115 187 3167 11
211 3129 227 3163 τ
263 3105 346 3164 πόλει
364 3128 416 3164 om.
433 3114 466 3164 Ε.
495 3139 529 3150 -
555 3101 742 3193 κινδύνους]
740 3113 787 3163 cf.
807 3112 940 3163 Dinarch.
960 3114 984 3177 1,
1002 3116 1043 3165 35.
1151 3122 1154 3129 '

76 3111 245 3310 -αλύ
257 3177 370 3298 σοι
378 3176 644 3311 τοίνυν
660 3180 840 3233 ΜΤ·-
863 3195 916 3246 ⁰⁹²
934 3149 1045 3232 ‘’²²³⁰‘'
1149 3204 1154 3269 2

78 3262 116 3296 κα
148 3317 187 3364 12.
224 3264 370 3380 πρότερος
381 3266 483 3372 M.²-
513 3309 594 3369 εἶδεν
615 3314 676 3370 Ald
700 3319 729 3365 et
750 3313 816 3368 mal.
833 3312 875 3365 s=
898 3307 986 3380 εἶχεν.
1010 3338 1046 3351 ·-
1150 3364 1153 3369 .

78 3377 152 3432 νεῶν
170 3382 294 3435 EIMNT
1150 3400 1154 3415 ¹

147 3451 187 3504 13
212 3445 468 3517 συνεδόθητανΤ.
484 3476 519 3489 -
535 3447 587 3502 καί
603 3455 671 3502 ante
689 3444 744 3516 τὴν
760 3463 881 3517 καρρησ.
899 3464 952 3502 om
970 3449 994 3503 1.
1009 3474 1046 3488 ··-

77 3511 212 3583 αφηίρητο
231 3519 399 3585 typographi
417 3533 507 3570 errore
525 3518 615 3570 Turr..
621 3542 655 3555 ·-
1147 3520 1151 3525 ’
