2340 3916
161 211 204 274 80
514 210 770 271 ΑΙΣΧΙΝΟΥ

158 370 347 457 Ἀθηναίων
358 370 451 438 κάλει
464 371 633 456 πρέσβεις,
652 366 711 447 οὓς
722 372 907 456 ἐξέπεμψαν
918 373 970 439 ἐπὶ
980 369 1038 450 τάς
1049 374 1107 440 πό-

162 479 245 555 λεις,
262 469 441 555 μάρτυρας.
471 462 537 536 κάν
548 481 700 555 παρεῖναι
710 469 766 535 καὶ
777 466 821 554 μή
835 466 1034 555 ἀποδημεῖν,
1058 467 1113 538 ὅτε

161 565 181 653 ή
200 566 294 644 πόλις
311 564 373 653 τήν
392 565 528 651 εἰρήνην
545 569 702 649 ἐποιεῖτο,
723 565 997 652 μαρτυρήσωσιν,
1021 562 1044 651 ή
1055 565 1112 644 τάς

161 661 245 748 πρὸς
255 662 317 751 τήν
327 662 454 751 βουλήν
470 662 582 731 αὐτῶν
592 664 779 747 προσόδους
791 667 845 732 καί
861 664 901 731 τά
919 672 1114 751 ψηφίσματα

88 779 146 835 240
160 757 203 829 άν
221 761 372 850 παράσχῃ
391 753 468 850 ἐνβ
478 759 521 828 σύ
538 758 603 846 φής
614 759 694 829 ὄντα
710 760 835 849 χρόνῳ,
859 771 1047 850 καταβαίνω
1058 764 1114 829 καὶ

159 861 313 929 δαυάτον
324 869 472 946 τιμῶμαι.

243 956 430 1042 Ἀνάγνωθι
442 957 482 1043 δή
494 960 549 1026 καί
561 955 598 1024 τό
609 965 676 1024 των
688 959 870 1045 συμμάχων
881 959 1004 1045 δόγμα,
1017 966 1051 1026 τί
1057 961 1114 1027 λε’-
1128 975 1164 1029 60

160 1084 227 1142 γει,
247 1061 284 1124 ἐν
298 1047 326 1144 ᾦ
342 1056 525 1142 διαρρήδην
542 1060 738 1142 γέγραπται,
760 1055 871 1142 ἐπειδή
886 1053 1112 1143 βουλεύεταιὸ

161 1151 485 1240 δήμοςὸἈδηναίων
495 1152 578 1241 ὑπὲρ
591 1154 722 1240 εἰρήνης
733 1153 815 1241 πρὸς
827 1163 1011 1239 Φίλιππον,
1035 1159 1069 1223 οί
1079 1156 1114 1222 δὲ

162 1255 314 1338 πρέσβεις
323 1250 418 1319 ούπω
429 1252 590 1337 πάρεισιν,
598 1251 657 1330 οὓς
668 1256 845 1339 ἐξέπεμψεν
856 1250 985 1339 ὁδήμος
996 1259 1042 1331 εἰς
1051 1251 1114 1338 τήν

160 1347 298 1417 Ἐλλάδα
314 1358 517 1435 παρακαλῶν
532 1347 591 1429 τάς
606 1349 718 1429 πόλεις
734 1348 818 1437 ὑπὲρ
840 1358 897 1436 τῆς
920 1354 1114 1434 ἐλευθερίας

161 1445 418 1534 τῶνἙλλήνων,
432 1448 590 1534 δεδόχθαι
599 1464 666 1528 τοῖς
678 1448 876 1535 συμμάχοις,
894 1447 1028 1516 ἐπειδάν
1040 1453 1113 1517 ἐπι-

162 1546 354 1634 δημήσωσιν
364 1552 399 1615 οί
407 1549 559 1635 πρέσβεις
574 1552 629 1615 καὶ
640 1545 698 1626 τάς
714 1553 888 1634 πρεσβείας
904 1545 1113 1632 άπαγγείλω-

160 1668 215 1714 σιν
232 1645 419 1733 Ἀθηναίοις
441 1649 496 1715 καί
517 1661 584 1725 τοίς
605 1647 804 1733 συμμάχοις,
826 1645 1016 1730 προγράψαι
1034 1646 1114 1725 τούς

160 1745 338 1828 πρυτάνεις
348 1750 520 1831 ἐκκλησίας
532 1746 594 1814 δύο
604 1744 687 1813 κατά
696 1743 757 1812 τόν
767 1745 882 1832 νόμον,
890 1744 968 1812 ἐνδέ
978 1745 1113 1824 ταύταις

161 1844 412 1928 βουλεύσασθαι
427 1848 501 1931 περὶ
529 1852 586 1931 τής
614 1845 746 1932 εἰρήνης
776 1842 990 1932 Ἀθηναίους·
1035 1843 1055 1917 ὅ,
1082 1872 1115 1912 τι

161 1938 193 2006 δ’
206 1937 250 2007 άν
261 1943 479 2028 βουλεύσηται
495 1940 646 2029 ὁδήμος,
662 1942 749 2012 τοῦτ’
765 1943 849 2012 εἶναι
869 1942 985 2012 κοινὸν
1006 1943 1114 2029 δόγμα

89 2061 142 2114 241
161 2045 229 2105 τῶν
245 2042 436 2126 συμμάχων.
468 2039 644 2126 ἀνάγνωθι
666 2041 707 2128 δή
729 2069 785 2129 μοι
801 2041 838 2112 τό
856 2051 924 2111 τῶν
940 2044 1114 2129 συνέδρων

160 2137 276 2221 δόγμα.
869 2198 873 2204 .

406 2245 502 2307 ΔΟΓ
500 2247 572 2305 ΜΛ
592 2245 853 2307 ΣῬΝΕΔΡΩΝ

241 2337 493 2423 Παρανάγνωθι
512 2338 553 2423 δή
575 2363 630 2424 μοι
651 2341 706 2405 καί
726 2337 763 2406 τὸ
785 2347 846 2406 τοῦ
865 2342 1110 2425 Λημοσθένους
1128 2347 1163 2402 61

158 2437 330 2525 ψήφισμα,
352 2443 389 2507 ἐν
407 2429 435 2528 ιβ
451 2437 579 2506 κελεύει
597 2436 675 2518 τοὺς
686 2438 864 2522 πρυτάνεις
875 2438 955 2523 μετά
973 2437 1013 2506 τά
1025 2449 1110 2506 Διο-

159 2536 259 2604 νύσια
270 2535 309 2604 τά
322 2540 359 2605 ἐν
369 2537 461 2605 ἄστει
471 2539 526 2606 καὶ
535 2535 598 2624 τήν
609 2541 646 2605 ἐν
655 2537 828 2604 Διονύσου
838 2541 1014 2621 ἐκκλησίαν
1025 2562 1110 2623 προ·

160 2634 286 2718 γράψαι
296 2635 359 2703 δύο
371 2638 557 2721 ἐκκλησίας,
571 2633 633 2721 τήν
643 2640 704 2721 μὲν
714 2642 753 2723 τή
765 2634 867 2722 ὀγδόη
878 2636 929 2702 ἐπὶ
941 2638 1036 2719 δέκα,
1048 2634 1112 2721 τήν

158 2732 195 2799 δέ
205 2740 247 2819 τῇ
258 2733 358 2820 ἐνάτη
368 2736 419 2800 ἐπὶ
431 2736 525 2817 δέκα,
537 2730 656 2819 ὁρίζων
666 2731 726 2802 τόν
740 2734 864 2819 χρόνον
874 2735 929 2802 καί
940 2744 1111 2821 προύφαι-

159 2837 229 2912 ρων
239 2828 298 2909 τάς
308 2835 479 2916 ἐκκλησίας
489 2834 568 2914 πρὶν
579 2834 776 2919 ἐπιδημῆσαι
791 2829 869 2911 τούς
885 2830 951 2901 άπὸ
962 2831 1110 2900 τολυἙλ-

158 2926 271 3012 λήνων
281 2932 440 3014 πρέσβεις.
473 2931 527 2998 καί
537 2927 575 2999 τό
586 2932 647 3016 μὲν
657 2938 725 2998 των
737 2929 918 3017 συμμάχων
930 2931 1037 3017 δόγμα
1051 2959 1110 2999 κε-

157 3025 256 3111 λεύει,
267 3017 294 3116 ιβ
305 3041 473 3094 συνειπεῖν
484 3029 539 3096 καὶ
549 3026 613 3114 ἐγώ
625 3027 792 3115 ὁμολογοῖ,
814 3027 898 3114 ὑπὲρ
909 3039 966 3115 τῆς
979 3031 1113 3117 εἰρήνης

159 3121 266 3212 μόνον
288 3122 374 3212 ὑμᾶς
390 3126 657 3214 βουλεύσασθαι,
678 3133 899 3216 Δημοσθένης
916 3130 951 3197 δὲ
968 3132 1112 3212 καὶπερὶ

158 3230 344 3312 συμμαχίας
354 3225 491 3294 κελεύει.
514 3229 587 3310 λέγε
599 3226 634 3294 δέ
645 3224 757 3307 αὐτοῖς
766 3226 803 3295 τὸ
816 3227 980 3316 ψήφισμα.

517 3332 749 3394 ΨΗΦΙΣΜΑ.

245 3429 321 3490 Τοίν
337 3428 397 3509 μὲν
413 3424 634 3510 ψηφισμάτων
657 3422 856 3511 ἀμφοτέρων
878 3423 1060 3514 ήκούσατε,
1083 3421 1160 3497 0362
