2340 3916
403 200 501 251 xm
519 199 759 253 ,mmmm
1025 204 1067 269 33

91 340 246 428 ἀληθείς·
283 339 523 427 ἀποφυγόντος
550 341 588 412 δὲ
606 338 627 428 ή
645 347 945 429 καταγνωσθέντος
967 347 1064 427 τέλος

92 449 158 529 ἔχει
189 443 246 510 καὶ
278 443 450 530 διώρισται
472 443 605 513 τούτων
629 443 795 536 ὁπότερόν
827 449 926 516 ἐστιν.
978 447 1098 519 ἀστεο

89 543 202 613 δεινὸν
224 552 348 634 νομιξω
372 546 454 625 τούς
471 545 536 634 μέν
560 544 707 627 ἁλόντας
730 550 790 638 μιᾷ
818 549 923 641 ψήφῳ
950 549 1062 637 μόνον

88 645 330 735 ἀποθνήσκειν,
342 648 399 715 καὶ
416 648 456 716 τά
465 648 617 738 χρήματα
625 647 745 738 (ύμᾶς)
756 649 914 738 δημεύειν
924 650 1060 741 αὐτῶν,

87 752 157 818 τῶν
188 747 226 819 δὲ
250 749 461 838 νικησάντων
490 749 592 819 πάλιν
623 751 684 831 τάς
715 749 821 832 αύτάς
852 761 1060 842 κατηγορίας

87 850 287 938 ἀπομένειν,
305 852 362 920 καὶ
381 852 462 932 τούς
481 852 639 933 δικαστάς
657 851 819 923 ἀπολέσαι
835 854 899 943 μέν
912 863 1061 944 κυρίους

86 952 189 1042 εἶναι,
220 956 326 1023 σῶσαι
356 953 386 1024 δ’
420 953 572 1044 ἀκύρους
602 956 659 1024 καὶ
695 953 824 1036 ἀτελεῖς
859 962 1057 1044 φαίνεσθαι,

86 1053 197 1135 άλλως
220 1057 330 1124 τεκαὶ
353 1058 423 1124 τῶν
445 1055 561 1145 νόμων
584 1056 870 1147 ἀπαγορευόντων
903 1060 958 1138 δίς
983 1060 1062 1148 περὶ

85 1161 147 1226 τοῦ
173 1154 280 1226 αύτού
300 1158 388 1247 πρὸς
412 1157 472 1226 τὸν
498 1157 606 1228 αὐτὸν
629 1160 673 1246 μή
704 1160 825 1240 ἐξεῖναι
856 1159 1060 1247 δικάζεσθαι,

93 1261 150 1329 καὶ
170 1260 269 1347 ὑμῶν
288 1257 515 1349 ὀμωμοκότων
533 1264 678 1349 χρήσθαι
695 1276 766 1341 τοις
783 1260 908 1349 νόμοις.

153 1352 217 1431 Ὧν
235 1364 332 1430 ἕνεκα
350 1363 427 1449 περὶ
446 1364 595 1450 ἐμαυτοῦ
620 1362 822 1451 παραλιπών
836 1362 1051 1450 Ἀλκιβιάδου
1073 1388 1106 1435 10

83 1462 143 1531 τὸν
161 1470 239 1552 βίον
256 1461 446 1552 ἀναμνῆσαι
462 1464 636 1552 βούλομαι.
680 1471 790 1533 καίτοι
807 1463 924 1554 ἀπορῶ
942 1491 982 1551 γε
996 1465 1052 1534 διὰ

82 1565 121 1633 τό
136 1568 266 1653 πλῆθος
283 1568 351 1633 τῶν
369 1564 617 1655 ἁμαρτημάτων
635 1564 745 1636 πόθεν
762 1563 920 1656 ἄρξομαι,
946 1569 1055 1654 ἐμπο-

84 1666 155 1735 δών
172 1666 334 1736 ἀπάντων
351 1665 469 1736 όντων.
492 1669 569 1756 περὶ
587 1666 650 1756 μέν
664 1658 728 1736 ούν
744 1675 892 1756 μοιχείας
910 1667 966 1734 καὶ
986 1695 1054 1754 γυ-

83 1772 210 1837 ναικῶν
224 1767 414 1859 ἀλλοτρίων
428 1767 584 1858 άρπαγής
597 1770 656 1838 καὶ
672 1772 731 1858 της
745 1767 848 1857 ἀλλης
865 1767 1055 1857 βιαιότητος

83 1872 140 1939 καί
159 1877 370 1960 παρανομίας
388 1869 467 1940 καθ’
489 1874 630 1940 ἕκαστον
648 1878 681 1941 εί
697 1871 826 1959 δεήσειε
844 1871 965 1957 λέγειν,
989 1869 1056 1938 ούκ

82 1968 125 2039 ἀν
158 1972 363 2063 ἐξαρκέσειεν
393 1972 411 2041 ό
443 1971 562 2063 παριδν
592 1972 735 2062 χρόνος,
763 1970 831 2062 ἅμα
850 1971 887 2042 δὲ
913 1978 1055 2052 πολλοῖς

82 2072 294 2163 ἀπεχθοίμην
317 2079 387 2144 τῶν
411 2078 578 2162 πολιτῶν,
604 2074 754 2164 φανεράς
778 2075 838 2155 τάς
870 2073 1053 2163 συμφοράς

82 2180 189 2245 ποιῶν
214 2174 340 2245 αύτων.
375 2173 396 2245 ἀ
423 2175 462 2245 δὲ
487 2178 564 2265 περὶ
590 2175 652 2265 τήν
677 2176 776 2246 πόλιν
802 2185 974 2266 εἴργασται
992 2178 1051 2244 καὶ

81 2277 162 2358 τούς
180 2278 412 2367 προσήκοντας
434 2281 492 2348 καὶ
510 2281 579 2347 τῶν
597 2276 710 2347 ἀλλων
729 2277 841 2347 ἀστῶν
858 2279 916 2347 καὶ
941 2277 1051 2358 ξένων

81 2379 161 2460 τούς
186 2379 473 2469 ἐντυγχάνοντας,
497 2378 674 2461 ἀποδείξω.
716 2384 862 2469 Πρῶτον
892 2377 956 2467 μὲν
984 2369 1049 2448 ούν
1069 2404 1100 2454 11

81 2487 199 2562 πείσας
217 2482 307 2570 ύμάς
323 2485 385 2550 τὸν
403 2482 513 2572 φόρον
530 2496 605 2562 ταίς
624 2480 760 2550 πόλεσιν
781 2480 813 2560 ἐξ
827 2479 933 2569 ἀρχῆς
955 2478 1052 2559 τάξαι

80 2583 141 2651 τὸν
158 2583 220 2652 ἀπ’
238 2583 444 2674 Ἀριστείδου
464 2583 603 2653 πάντων
621 2582 813 2652 δικαιότατα
831 2581 1051 2669 τεταγμένον,

80 2687 231 2775 αἱρεθεὶς
256 2687 312 2755 ἐπὶ
335 2685 445 2779 τούτῳ
470 2687 610 2766 δέκατος
632 2682 737 2765 αύτδς
761 2683 905 2773 μάλιστα
923 2682 1042 2752 διπλά·

81 2807 153 2857 σιον
178 2786 284 2857 αύτδν
304 2787 454 2868 ἑκάστας
476 2791 546 2856 τῶν
563 2786 750 2876 συμμάχων
770 2789 945 2875 ἐποίησεν,
972 2787 1046 2854 έπι-

148 2984 524 3120 ἀπάεάἀέγὲόέόόαΑάΞΞΜΣ-
547 3045 623 3119 ύμᾶς
645 3050 740 3103 addidi
757 3067 820 3103 cum
837 3053 885 3115 13„
905 3052 953 3115 qui
971 3052 1056 3102 etiam

87 3114 269 3187 δημεύεσθαι
289 3122 324 3176 ci.
345 3136 406 3173 cum
423 3120 503 3185 Tayl.
522 3109 653 3187 (δημόσι’
674 3113 750 3172 εἶναι
769 3119 857 3183 Θου).
877 3146 911 3154 -
934 3112 1002 3179 τοὺς
1021 3113 1055 3169 δὲ

86 3181 265 3254 νικήσαντας
289 3204 349 3268 ρων
368 3189 401 3240 R.
426 3188 486 3254 (qui
504 3189 590 3289 edtiam
607 3179 658 3240 τόν
680 3180 713 3238 δὲ
733 3181 904 3255 νικήσαντα)
922 3186 1000 3237 Turr.
1020 3186 1055 3235 ef.

81 3260 110 3402 12,
132 3259 191 3403 Ῑάδ.
209 3248 520 3444 έμπάδάέήέἀάιάἀιάτδ.
531 3293 560 3375 ἐ.
579 3339 605 3375 v.
620 3313 719 3442 ήληέν
737 3317 775 3393 τῷ
798 3315 866 3373 κατ’
883 3311 1003 3439 Ἀλκξή
1021 3346 1056 3357 -

80 3390 233 3458 απαντων]
254 3392 319 3446 mal.
361 3408 402 3458 μα
419 3386 546 3444 πάντων.
568 3418 602 3428 -
640 3404 739 3455 σησειι
757 3389 821 3442 mal.
840 3389 925 3442 nnita
966 3401 1055 3454 εησει.

149 3465 188 3511 11.
214 3453 264 3511 τόν
288 3451 356 3527 ὑπ’]
381 3458 437 3512 τῶν
459 3452 513 3512 ἀπ’
536 3460 567 3510 Α.
595 3486 629 3495 -
652 3450 702 3510 ἐπὶ
724 3450 835 3510 τούτων
853 3462 884 3507 ut
902 3456 1055 3507 videtnrA

78 3544 117 3593 pr.
146 3521 207 3593 (ἐπὶ
231 3526 316 3580 τοῦτο
339 3529 374 3579 οἱ.
396 3527 451 3595 R.J.
477 3554 511 3564 —
534 3518 666 3588 ἓκάστοις
683 3524 742 3579 τῶν
760 3540 784 3582 σ,
801 3525 914 3591 scripsi:
940 3515 1051 3594 ἑκάστῳ

811 3608 850 3660 η*
