2340 3916
357 186 455 236 RATA
474 184 715 238 AAsslsslAAoT.
1033 187 1075 252 39

109 327 449 416 κατασκευασάμενον
466 328 523 396 καὶ
542 328 605 417 τὴν
618 329 778 416 τελευτὴν
790 329 1076 421 ὑπερβάλλουσαν

109 429 320 518 ποιήσασθαι.
348 436 416 500 ἔστι
434 428 472 499 δέ
490 430 679 521 σωφρόνων
693 429 831 522 ἀνδρῶν
843 433 1075 522 φυλάττεσθαι

107 536 177 599 τῶν
204 526 350 601 πολιτῶν
372 532 453 612 τοὺς
471 532 833 624 ὑπεραυξανομένους,
857 537 1074 624 ἐνθυμουμέ-

106 660 190 714 νους
219 632 289 703 ὑπὸ
312 636 383 703 τῶν
407 633 570 705 τοιούτων
593 636 653 717 τάς
677 641 885 726 τυραννίδας
909 647 1074 706 καθιστα-

106 737 218 822 μένας.

180 836 344 925 Ἡγοὺμαι
361 837 390 907 δ’
410 834 516 907 αὑτὸν
534 840 618 930 πρὸς
636 843 744 909 ταῦτα
767 839 830 928 μέν
851 839 954 909 οὑδέν
973 836 1071 910 ἅντε·
1090 861 1124 911 25

108 953 201 1028 ρείν,
226 940 332 1020 λέξειν
358 939 396 1009 δέ
415 942 492 1031 περὶ
509 945 568 1030 τῆς
585 949 683 1030 νίκης
701 943 760 1029 τῆς
775 941 996 1030 Ὀλυμπίασι,
1014 943 1072 1011 καὶ
1108 964 1117 986 ·

107 1041 183 1129 περὶ
203 1041 341 1110 πάντων
358 1047 489 1130 μᾶλλον
506 1038 609 1133 ἢτῶν
626 1046 930 1134 κατηγορηθέντων
943 1043 1072 1113 άπολο-

106 1141 277 1230 γήσεσθαι.
310 1145 344 1226 ἐξ
363 1141 480 1214 αὑτων
498 1145 536 1216 δέ
553 1145 686 1216 τούτων
705 1146 858 1227 ἐπιδείξω
872 1144 980 1216 αὑτὸν
1000 1148 1072 1215 ἐπι-

106 1244 316 1336 τηδειότερον
334 1248 497 1318 τεθνάναι
513 1242 681 1336 μᾶλλονῆ
705 1247 876 1331 σώζεσθαι.
913 1248 1072 1336 διηγήσο-

15 1370 20 1377 ·
104 1374 163 1435 μαι
189 1345 221 1417 δ’
247 1347 341 1436 ὑμῖν.
385 1349 558 1438 Διομήδης
579 1341 663 1437 ἦλθε
684 1352 801 1436 ζεῦγος
832 1355 948 1419 ἵππων
978 1347 1073 1437 άγων
1090 1367 1123 1418 20

103 1446 315 1539 Ὀλυμπίαζε,
334 1452 533 1539 κεκτημένος
550 1451 613 1541 μέν
632 1448 756 1521 οὑσίαν
772 1458 926 1540 μετρίαν,
945 1471 1072 1539 στεφα-

105 1554 211 1618 νῶσαι
236 1551 275 1621 δὲ
299 1552 366 1621 άπὸ
390 1559 460 1621 των
476 1551 704 1644 ὑπαρχόντων
729 1553 791 1641 τὴν
809 1553 909 1622 πόλιν
926 1554 984 1622 καί
1010 1552 1072 1640 τὴν

105 1658 219 1722 οἰκίαν
241 1655 466 1743 βουλόμενος,
491 1655 700 1743 λογιζόμενος
724 1655 806 1734 τοὺς
830 1652 967 1741 άγωνας
994 1653 1072 1734 τοὺς

108 1755 267 1837 έππικοὺς
285 1757 373 1846 τάχη
392 1757 474 1836 τοὺς
492 1764 672 1836 πλείστους
690 1756 921 1845 κρινομένους.
948 1760 1072 1823 τοῦτον

101 1853 310 1946 Ἀλκιβιάδης
334 1866 477 1946 πολίτην
494 1856 577 1928 ὄντα
600 1859 657 1927 καὶ
679 1856 753 1947 (οὑ)
778 1857 839 1926 τὸν
858 1857 1072 1957 ἐπιτυχόντα,

106 1959 295 2045 δυνάμενος
331 1961 422 2049 παρά
457 1976 528 2041 τοῖς
559 1958 790 2046 ἀγωνοθέταις
820 1963 890 2028 τῶν
918 1957 1072 2044 Ἠλείων,

105 2059 313 2149 ἀφελόμενος
332 2061 436 2142 αὑτὸς
454 2060 641 2150 ἠγωνίζετο.
667 2068 777 2131 καίτοι
793 2067 830 2131 τί
844 2056 888 2130 διν
903 2064 1072 2149 ἐποίησεν,

105 2169 202 2241 εἴτις
220 2166 290 2231 τῶν
309 2163 495 2252 συμμάχων
513 2168 582 2232 τῶν
600 2161 773 2254 ὑμετέρων
791 2161 932 2251 ἄφίκετο
954 2167 1071 2249 ζεῦγος

104 2267 220 2333 ’ίππων
240 2271 343 2351 ἔχωνς
362 2257 383 2353 ἦ
402 2291 470 2335 που
482 2268 609 2353 ταχέως
625 2267 807 2357 ἐπέτρεψεν
820 2260 865 2334 άν
878 2264 1070 2351 άνταγωνί-
1087 2286 1121 2337 2‘1

102 2372 214 2446 ζεσθαι
242 2369 352 2459 ἑαυτῷ
361 2420 371 2455 ,
394 2364 431 2447 ὃς
445 2366 629 2457 Ἀθηναῖον
647 2365 756 2456 ἄνδρα
780 2366 983 2456 ῥυσάμενος
1000 2380 1072 2445 τοῖς

103 2463 291 2556 άλλοτρίοις
317 2469 497 2558 ἐτόλμησεν
522 2473 637 2569 ἵπποις
664 2467 887 2558 ἁμιλλᾶσθαι,
916 2465 1071 2556 δηλώσας

102 2583 175 2648 τοῖς
184 2567 321 2658 Ἕλλησι
338 2570 445 2659 μηδὲν
462 2571 647 2659 θαυμάζειν
665 2567 708 2639 άν
725 2597 800 2640 τινα
818 2568 933 2638 αὑτῶν
950 2568 1071 2657 βιάση-

101 2696 167 2759 ται,
187 2673 257 2740 ἐπεὶ
273 2674 330 2741 καί
347 2687 419 2753 τοῖς
432 2679 584 2754 πολίταις
603 2671 666 2742 οὑκ
685 2673 718 2753 ἐξ
738 2682 815 2742 ίσου
837 2672 967 2761 χρῆται,
984 2668 1071 2739 άλλδι

101 2772 183 2853 τοὺς
207 2772 270 2861 μέν
296 2773 568 2863 ἀφαιρούμενος,
592 2775 673 2856 τοὺς
691 2773 730 2844 δέ
747 2774 906 2860 τὺπτων,
931 2774 1013 2853 τοὺς
1031 2772 1070 2842 δέ

108 3029 115 3049 ‹
169 2964 345 3054 ποιήσερθαι
367 2972 431 3022 mal.
455 2973 530 3024 Bait.
558 3000 591 3008 -
614 2965 903 3039 ὑπεραυξανομένους
929 2972 976 3023 AB
1003 2974 1069 3024 Bk.=

100 3037 412 3173 υπερὺῗξὺέὺδέοὑὺιὺτα
429 3107 541 3174 scripsi:
560 3101 631 3171 πρὸς
653 3105 746 3161 τοῦτο.
769 3134 803 3147 -
827 3098 1068 3175 άπολογήσασθαι

100 3172 208 3225 ΔΒΖΜ.
226 3201 259 3212 -
278 3169 412 3240 ἐπιδείξω
429 3175 453 3228 Α
470 3177 563 3227 Turn:
582 3168 736 3241 ὑποδείξω.

169 3244 210 3292 26.
228 3239 310 3311 τάχη]
333 3259 388 3296 non
411 3248 488 3296 recte
511 3240 598 3324 τέχηη
617 3246 656 3297 οἱ.
675 3244 749 3297 sehi.
767 3243 835 3296 Oob.
853 3245 900 3298 Hi.
925 3269 956 3280 -
975 3242 1069 3293 malim

100 3302 133 3360 τὺ
151 3311 295 3366 πλεῖστον.
317 3339 351 3348 -
373 3303 469 3377 άφελό
491 3349 498 3363 .
518 3308 597 3377 (τους
615 3307 732 3378 ἴππους)
754 3311 800 3361 Hi.
817 3337 852 3347 -
869 3305 904 3364 οὑ
928 3315 994 3361 ante
1017 3306 1069 3362 τδν

102 3368 212 3446 ε’πιτυχ.
233 3394 293 3429 eum
312 3379 407 3446 Steph.
426 3329 490 3432 εδδ.
508 3381 588 3431 Turr.
661 3434 670 3449 ‚
1010 3437 1017 3457 ,

169 3447 211 3497 27.
234 3441 343 3514 ταχέως
367 3445 421 3514 (γε)
443 3448 489 3502 Hi.
521 3479 555 3490 -
579 3441 743 3512 Ἀθηναίων
764 3448 812 3500 AB
835 3447 886 3500 Bk.
909 3474 942 3484 --
967 3444 1068 3512 βιαση-

101 3528 150 3563 ται
168 3513 214 3564 ΑΒ
232 3514 299 3565 Bk:
318 3510 461 3581 βιάζηται.
476 3542 507 3553 -
526 3507 601 3582 ἐπεὶ]
621 3507 723 3582 ἐπειδὴ
741 3531 780 3580 pr.
795 3515 825 3569 Δ.
844 3542 877 3553 -
