2340 3916
241 198 332 250 ΠΕΡΙ
351 198 426 249 ΤΗΣ
444 197 546 250 ΠΡΟΣ
563 197 699 250 ΛΑΚΕΔ.
717 198 894 252 ΕΙΡΗΝΗΣ.
1015 198 1055 262 79

91 348 181 429 σβεις
196 339 455 429 αὐτοκράτορες,
468 339 510 406 τά
519 365 554 407 τε
569 342 712 428 ε’νέχνρα
727 337 809 426 ἡμῖν
823 338 1053 428 ἀποδιδόντες,

90 444 146 509 καὶ
164 441 205 509 τά
224 449 316 529 τείχη
336 443 392 509 καλ
408 444 494 521 ναῦς
515 442 635 520 ἐῶντες
652 443 846 529 κεκτῆσθαι,
864 442 924 522 τάς
942 470 977 512 τε
990 443 1054 531 νή-

85 564 167 622 σονς
185 541 347 630 ἡμετέρας
362 541 456 613 εἶναι.
493 543 555 631 τήν
573 542 682 630 αὐτήν
699 549 819 612 τοίνυν
837 541 944 631 άρχήν
962 543 1048 632 άγα·
1066 563 1100 613 40

83 649 160 715 θῶν
186 645 422 734 λαμβάνοντας
440 642 547 735 ήνπερ
570 642 667 732 ήμῶν
693 644 884 733 ἐλάμβανον
908 650 944 715 οί
965 647 1053 735 πρό-

83 773 198 834 γονοι,
224 747 353 834 ταύτην
380 745 443 816 οὐκ
462 745 583 815 άιιτέον
607 748 691 834 φασὶ
715 746 780 833 τήν
805 746 943 835 εἰρήνην
968 748 1054 829 τινὲς

84 847 179 918 εἶναι.
197 848 374 937 παριόντες
383 839 446 918 οὖν
454 847 552 917 αὐτοὶ
564 848 794 917 διδασκόντων
802 846 892 936 άμάς
902 887 946 897 -
957 851 1054 929 ἐξον-

85 958 165 1018 σίαν
184 949 217 1018 δ’
234 949 352 1030 αὐτοῖς
370 949 466 1039 ήμεϊς
481 950 697 1039 ἐποιήσαμεν,
715 952 921 1040 προσθέντες
939 978 1055 1020 τεττα-

84 1053 231 1137 ράκοντα
244 1051 371 1139 ήμίρας
386 1052 640 1141 βουλεύσασθαι
655 1090 699 1101 -
715 1051 893 1139 τοῦτομὲν
911 1056 979 1121 τῶν
996 1080 1054 1139 γε·

83 1156 286 1243 μραμμὲνων
301 1165 335 1224 εί
344 1183 375 1223 τι
387 1157 547 1241 τυγχάνει
559 1153 604 1242 μή
623 1157 734 1234 καλῶς
753 1160 845 1240 ἔχον
867 1155 971 1235 ἔξεστι
988 1157 1054 1244 γάρ

84 1254 239 1343 άφελείν·
265 1259 366 1326 τοῦτο
392 1255 426 1324 θ’
453 1267 488 1326 εί
506 1264 558 1336 τίς
583 1253 644 1344 (τι)
663 1264 862 1344 προσθεῖναι
886 1256 1055 1344 βοάλεται,

90 1365 208 1436 πείσας
227 1357 316 1446 ὑμᾶς
335 1359 591 1449 προςνραψάτω.
625 1359 712 1426 πᾶσί
726 1383 761 1427 τε
774 1374 845 1437 τοῖς
864 1360 1054 1447 γεγραμμέ-

85 1486 155 1538 νοις
187 1462 371 1548 χρωμένοις
403 1467 492 1530 ίστιν
517 1460 656 1549 είρήνην
679 1456 782 1545 άγειν.
832 1467 864 1528 εί
887 1459 926 1528 δὲ
949 1460 1055 1548 μηδὲν

85 1559 218 1649 άρέσκει
243 1563 397 1649 τούτων,
422 1571 581 1650 πολεμεῖν
607 1565 748 1648 ἕτοιμον.
787 1561 843 1628 καὶ
868 1561 967 1630 ταῦτ’
1002 1561 1051 1650 ἐφ’
1070 1591 1104 1640 41

86 1662 171 1749 άμίν
204 1663 303 1731 πάντ’
332 1667 444 1751 ἐστίν,
472 1655 712 1752 ὦἏθηναίοι,
743 1662 876 1730 τούτων
903 1659 921 1730 ὅ
952 1689 983 1730 τι
1012 1659 1056 1732 άν

84 1765 257 1853 βούλησθε
291 1767 434 1836 ἑλέσθαι.
485 1766 615 1851 πάρεισι
645 1762 708 1852 μὲν
738 1765 805 1851 γάρ
824 1761 968 1853 Ἀργεῖοι
998 1766 1056 1833 καλ

87 1874 265 1952 Κορίνθιοι
299 1868 491 1948 διδάξοντες
527 1865 572 1946 ὥς
607 1863 745 1953 άμεινόν
782 1867 849 1934 ἐστι
883 1872 1055 1952 πολεμεῖν,

85 1967 205 2056 ήκονσι
236 1968 275 2038 δὲ
306 1969 563 2055 Λακεδαιμόνιοι
594 1975 767 2048 πείσοντες
797 1965 888 2054 ν’μάς
916 1967 1055 2056 είρήνην

85 2071 298 2158 ποιήσασθαι.
344 2070 477 2139 τούτων
503 2068 535 2139 δ’
564 2071 633 2139 ἐστὶ
658 2069 696 2139 τά
721 2071 818 2150 τέλος
848 2068 929 2158 παρ’
956 2068 1055 2157 ὑμῖν,

85 2171 161 2240 ἀλλ’
182 2172 246 2240 οὐκ
266 2174 303 2241 ἐν
321 2179 618 2260 Λακεδαιμονίοις,
642 2170 685 2241 δι’
712 2170 809 2260 ἡμᾶς.
846 2172 1056 2261 πρεσβευτάς

86 2265 150 2343 οὖν
175 2274 304 2355 πάντας
329 2274 419 2363 ὑμᾶς
449 2272 546 2363 ήμεῖς
571 2280 607 2344 οί
636 2276 791 2364 πρέσβεις
821 2275 999 2361 ποιοῦμεν·
1037 2273 1054 2342 ὁ

87 2377 153 2466 γάρ
177 2376 237 2464 τὴν
261 2392 357 2465 χεῖρα
381 2378 515 2465 μέλλων
532 2375 632 2464 ὑμῶν
651 2386 777 2464 αίρειν,
804 2365 904 2455 οὗτος
930 2373 948 2443 ὁ
973 2400 1055 2464 πρε·

90 2479 223 2566 σβεύειν
239 2481 344 2567 ἐστίν,
362 2476 497 2568 ὁπότερ’
518 2474 561 2547 άν
579 2476 673 2569 αὐτῷ
692 2479 790 2565 θοαή,
808 2478 865 2545 καί
884 2476 946 2562 τήν
960 2476 1053 2565 είρή-

86 2606 150 2667 νην
175 2584 232 2650 καὶ
258 2580 319 2650 τὸν
344 2581 492 2669 πόλεμον
517 2595 634 2650 ποιεῖν.
671 2579 844 2667 μέμνησθε
867 2576 929 2665 μὲν
947 2568 1056 2646 οὖνῶ

85 2681 263 2770 Ἀθηναῖοι
292 2684 373 2764 τούς
403 2680 586 2771 ήμετίρονς
617 2680 759 2768 λόγους,
791 2685 988 2768 ψηφίσασθε
1018 2678 1057 2748 δὲ

87 2788 226 2854 τοιαῦτα
246 2786 278 2866 ἐξ
299 2777 348 2854 ὧν
365 2783 450 2873 ὑμῖν
467 2787 634 2873 μηδέποτε
652 2782 876 2871 μεταμελήσει.
901 2780 905 2866 λ
1069 2806 1095 2847 ιο

156 2976 208 3043 τάς
226 2999 256 3034 τε
275 2983 339 3034 ZM:
359 2976 411 3043 τάς
431 2979 473 3036 δὲ.

154 3054 197 3105 40.
222 3049 336 3106 θιὸασιι,
357 3044 431 3118 ὑμᾶς
458 3050 496 3102 Sl.
522 3050 609 3104 Bait.:
639 3047 698 3102 διδ.
726 3040 810 3115 ἡμᾶς.
837 3073 870 3082 -
896 3045 1056 3112 προθέντες
1094 3072 1097 3077 ·

88 3118 150 3168 mal.
169 3121 201 3170 Β.
225 3147 258 3156 -
281 3118 311 3170 εί
324 3117 363 3185 τι]
389 3115 431 3172 ἔτι
450 3119 557 3170 ΑΒΖΜ.
584 3144 616 3154 -
642 3115 673 3168 εί
685 3114 735 3181 (τί)
755 3132 797 3175 τις
820 3116 884 3166 mal.
908 3116 1000 3173 Turr.;
1029 3114 1061 3166 εί

93 3203 135 3245 τις
153 3204 200 3305 Ἠ
217 3186 270 3321 ἑή)
285 3188 357 3322 {dliv
368 3255 404 3306 Ad
416 3256 446 3306 M
457 3253 519 3306 A1d.
540 3253 603 3333 (1511.
622 3250 692 3303 nihil
711 3251 875 3312 adnotavit).
887 3277 922 3327 ¹-
936 3244 1056 3300 ἑλέσθαι

86 3323 188 3373 ABZM
206 3326 297 3375 Turn:
323 3319 433 3376 ἕλεσθε.
452 3349 485 3359 -
503 3320 685 3387 ποιησαιθαι
697 3319 805 3386 stepha
823 3318 1010 3383 ποιησεοθαι.
1024 3344 1056 3354 -

88 3381 131 3441 δι’
151 3383 227 3458 ἡμᾶς
246 3408 305 3443 cum
323 3393 356 3443 R.
374 3392 440 3442 Bk:
459 3381 501 3442 δι’
520 3382 603 3453 ὑμᾶς.
620 3416 653 3425 -
672 3380 688 3440 ὁ
705 3385 802 3454 πρετβ.
822 3381 901 3438 ἔσται
919 3385 1003 3439 Dobr.
1023 3410 1056 3421 -

88 3457 174 3511 δοκεῖ
188 3460 212 3509 Α
231 3466 259 3511 et
277 3475 317 3525 pr.
336 3459 372 3509 M.
390 3486 423 3496 -
442 3456 562 3512 τοιαῦτα
580 3458 627 3508 ΑΒ
646 3456 713 3509 Bk.:
732 3453 833 3508 ταῦτα.
