2340 3916
145 181 206 244 ΗΒ
497 178 754 237 ΑΙΣΧΙΝΟΊῘΙ

145 341 297 428 στύματα,
310 336 384 422 παρ’
398 329 445 405 ὥν
457 343 571 423 ἔμελλε
582 343 649 403 τῶν
661 333 885 422 ἀνηλωμένων
895 337 998 421 λόγον
1010 333 1098 403 ἀπο-

145 441 320 528 λήψεσθαι.
341 445 399 506 καί
406 464 463 524 μοι
474 441 547 521 λέγε
557 433 599 502 τά
612 441 815 521 ψηφίσματα.

479 540 773 603 ΨΗΦΙΣΜΑΤΑ.

76 657 127 711 424
226 640 311 723 Ναὶ,
333 634 402 705 ἀλλ’
420 634 662 702 ἀντιδιαπλέκει
678 630 764 719 πρὸς
779 639 878 699 τοῦτο
897 628 1024 710 εὐθέως
1040 632 1095 698 λέ-
1115 649 1149 703 28

145 762 231 821 γων,
254 733 298 815 ὡς
315 731 387 802 οὔτ’
399 737 492 818 ἔλαχε
509 728 691 819 τειχοποιὸς
702 727 770 797 οὔτ’
783 728 1018 815 ἐχειροτονήθη
1030 727 1095 796 ὑπὸ

144 841 206 901 τοῦ
217 834 333 919 δήμου.
345 832 481 916 καὶπερὶ
489 830 610 898 τούτου
616 828 1097 915 ΔημοσθένηςμὲνκαὶΚτησι-

146 941 221 1017 φῶν
232 929 341 1000 πολύυ
352 930 548 1017 ποιήσονται
563 929 681 1014 λόγον·
709 924 727 993 ὁ
746 929 786 993 δέ
798 951 836 1010 γε
853 925 956 1011 νόμος
972 923 1097 1012 βραχύς

145 1033 200 1099 καὶ
218 1029 327 1114 σαφής
344 1030 399 1096 καὶ
417 1024 499 1113 ταχύ
516 1024 609 1094 λύων
625 1024 684 1103 τάς
700 1022 830 1091 τούτων
838 1026 961 1110 τέχνας.
992 1019 1097 1108 μικροὶΙ

145 1133 181 1197 δὲ
194 1127 275 1214 ύμῖν
285 1125 369 1212 ὑπὲρ
381 1124 494 1194 αὐτῶν
507 1131 641 1208 πρῶτον
652 1136 822 1210 προειπεῖν
832 1124 1005 1209 βούλομαι.
1026 1128 1095 1189 ἔστι
1114 1136 1149 1192 29

144 1223 225 1312 γὰρ,
240 1218 461 1311 ἀἈθηναῖοι,
473 1230 541 1290 τῶν
552 1223 626 1307 περὶ
637 1218 696 1300 τάς
706 1219 807 1308 ἀρχὰς
818 1225 889 1306 εδδη
900 1229 984 1308 τρία,
999 1213 1047 1289 οὶα
1058 1223 1096 1287 ἓν

145 1330 207 1412 μὶν
219 1328 274 1393 καὶ
287 1326 526 1412 φανερώτατον
544 1329 579 1393 οὶ
587 1326 750 1411 κληρωτοὶ
766 1326 821 1393 καὶ
832 1330 867 1393 οὶ
874 1328 1094 1411 χειροτονητοὶ

75 1447 127 1501 425
144 1420 317 1509 ἀρχουτες,
340 1423 498 1509 δεύτερον
514 1425 550 1492 δὲ
567 1421 641 1491 ὅσοι
659 1450 690 1490 τι
707 1429 936 1510 διαχειρίζουσι
952 1431 1022 1493 τῶν
1038 1434 1096 1512 τῆς

144 1522 271 1603 πόλεως
288 1521 372 1609 ύπὶρ
388 1524 567 1607 τριάκοντα
583 1520 706 1609 ἡμέρας
726 1527 781 1592 καὶ
798 1529 833 1593 οὶ
846 1531 914 1592 τῶν
927 1529 1095 1611 δημοσίων

47 1652 49 1656 ·
144 1627 254 1708 ἔργων
265 1621 448 1708 ἐπιστάται,
459 1629 572 1707 τρίτον
584 1620 615 1689 δ’
627 1625 665 1689 έν
675 1629 721 1711 τῷ
734 1623 826 1711 νόμω
838 1625 1027 1709 γέγραπται,
1039 1627 1096 1692 καὶ

145 1731 177 1790 εὶ
184 1748 270 1801 τινες
288 1720 382 1790 ἄλλοι
400 1724 523 1807 αἱρετοὶ
540 1719 717 1808 ἡγεμονίας
736 1724 955 1808 δικαστηρίων
965 1724 1095 1808 λαμβά-

143 1839 258 1904 νουσι,
282 1819 336 1886 καὶ
352 1818 492 1899 τούτους
519 1818 633 1904 ἀρχειν
657 1823 926 1905 δοκιμασθέντας.
961 1818 1095 1888 έπειδάυ
1113 1830 1148 1886 30

144 1916 174 1984 δ’
190 1916 296 2004 ἀφέλη
314 1915 459 1996 τιςτούς
477 1915 542 1984 ὑπδ
560 1923 621 1984 τοῦ
636 1917 744 2003 δήμου
761 1918 1094 2004 κεχειροτονημένους

143 2019 198 2083 καὶ
214 2013 292 2093 τούς
310 2016 501 2101 κληρωτοὺς
518 2013 697 2102 ἀρχοντας,
721 2022 964 2101 καταλείπεται,
987 2011 1047 2092 ούς
1060 2020 1096 2081 αὶ

144 2117 245 2201 φυλαὶ
257 2119 311 2183 καὶ
323 2120 358 2182 αὶ
367 2117 514 2199 τριττύες
524 2119 579 2184 καὶ
591 2121 625 2184 οὶ
633 2121 731 2203 δῆμοι
740 2123 772 2196 ἐξ
783 2117 911 2184 ἑαυτῶν
921 2121 1094 2201 αἱροῦνται

142 2212 184 2281 τοὶ
206 2212 347 2298 δημόσια
369 2215 518 2300 χρήματα
540 2219 759 2300 διαχειρίζειν,
782 2216 922 2293 τούτους
943 2215 1094 2301 αἱρετούς

143 2311 304 2397 ἀρχοντας
317 2311 410 2380 εἶναι.
442 2322 541 2381 τοῦτο
552 2311 588 2380 δέ
598 2320 760 2399 γίγνεται,
779 2311 877 2398 ὅταν,
890 2312 1001 2397 ω’σπερ
1014 2321 1091 2397 νῦν,

142 2413 306 2497 ἐπιταχθῇ
321 2436 353 2477 τι
369 2424 439 2490 ταῖς
456 2419 593 2497 φυλαῖς,
616 2408 638 2498 ή
654 2411 804 2496 τάφρους
821 2413 1054 2497 ἐξεργάζεσθαι
1070 2408 1093 2497 ή

139 2507 283 2595 τριήρεις
297 2521 549 2596 ναυπηγεῖσθαι.
580 2509 630 2578 ὅτι
642 2512 677 2578 δὶ
689 2510 799 2597 ἀληθή
812 2514 912 2596 λέγω,
935 2515 968 2591 ἐξ
980 2510 1093 2580 αύτοίν

140 2614 207 2673 των
219 2608 332 2692 νόμων
344 2606 548 2694 μαθήσεσθε.

536 2716 700 2776 ΝΟΜΟΙ.

223 2802 472 2892 Ἀναμνήσθητε
484 2805 524 2892 δή
536 2807 616 2885 τούς
627 2813 885 2893 προειρημένους
896 2805 1028 2891 λόγους,
1040 2803 1093 2871 ὅτι
1111 2825 1140 2878 31

140 2899 158 2969 ὁ
180 2901 242 2987 μὶν
263 2909 448 2989 νομοθέτης
463 2903 543 2982 τούς
560 2909 595 2971 ἐκ
612 2912 680 2972 τῶν
696 2911 816 2990 φυλαῖν
833 2901 947 2988 ἀρχειν
963 2900 1093 2969 κελεύει

139 3007 402 3089 δοκιμασθέντας
412 3007 449 3071 ἐν
459 3014 507 3094 τῷ
517 3010 732 3094 δικαστηρίῳ,
750 3002 770 3089 ἡ
786 3002 822 3070 δὶ
832 3004 1012 3082 Πανδιονὶς
1024 3028 1094 3087 φυ-

138 3098 179 3188 λή
195 3099 337 3187 ἀρχοντα
355 3103 409 3168 καὶ
426 3100 612 3187 τειχοποιὸν
629 3101 777 3180 ἀπέδειξε
788 3104 1030 3186 Δημοσθένην,
1054 3097 1091 3178 ὃς

69 3222 120 3278 426
139 3204 174 3268 ἐκ
187 3208 244 3283 τῆς
262 3198 453 3285 διοικήσεως
471 3206 517 3277 εὶς
532 3207 635 3267 ταῦτα
652 3207 716 3285 ἔχει
726 3205 847 3284 μικροῦ
859 3204 929 3266 δεῖν
940 3202 1020 3266 δέκα
1030 3198 1091 3266 τά-

138 3306 257 3380 λαντα,
277 3300 387 3381 ἔτερος
399 3295 429 3364 δ’
444 3296 646 3382 ἀπαγορεύει
656 3299 759 3383 νόμος
769 3295 876 3383 ἀρχήν
886 3294 1089 3364 ὑπεύθυνον

133 3394 179 3478 μή
193 3403 400 3480 στεφανοῦν,
419 3392 514 3481 ὑμεῖς
526 3396 561 3464 δὶ
574 3394 767 3481 ὀμωμόκατε
779 3393 862 3462 κατὰ
874 3395 951 3472 τούς
963 3393 1089 3479 νόμους
