2340 3916
131 193 171 257 78
511 190 729 244 ΑΝΔΟΚΙΔΟΤ

132 334 330 422 γενήσονται
348 335 390 421 τῇ
405 333 515 407 πόλει·
533 333 574 400 τά
593 332 658 419 γάρ
678 336 746 400 ίδια
764 331 806 400 τά
824 331 960 420 σφέτερ’
981 330 1098 402 αὐτῶν

133 439 169 505 ἐκ
193 439 251 523 τής
276 434 460 525 ὑπερορίας
485 432 549 505 οάκ
572 432 844 522 ἀπολαμβάνειν,
876 432 942 503 άπὸ
966 433 1004 503 δὲ
1026 439 1098 503 τῶν

131 541 251 624 τειχῶν
270 535 335 607 οάκ
349 535 436 607 εἶναι
456 543 553 624 σφίσι
569 535 708 626 τροφήν.
737 534 931 622 ἀναγκαίως
950 527 1014 605 οὖν
1033 542 1099 624 ἔχει

131 641 188 708 καὶ
207 640 292 727 πρὸς
309 637 410 708 ταῦτ’
430 634 611 709 ἀντειπεῖν.

80 766 113 815 37
201 733 265 811 Ἦν
278 742 344 832 γάρ
359 765 438 810 ποτε
454 741 594 830 χ’ρόνος,
613 730 844 828 ἀἈθηναίοι,
863 736 918 809 ὅτε
933 746 1026 829 τείχη
1040 742 1098 809 καί

130 848 218 924 ναός
228 843 292 913 οόκ
308 843 489 931 ἐκτήμεθα·
503 840 698 930 γενομέναν
711 841 749 915 δὲ
766 842 899 911 τούτων
913 841 975 930 τήν
990 840 1100 931 ἀρχήν

133 947 359 1034 ἐποιησάμεθα
373 947 442 1014 τῶν
456 942 608 1031 ἀγαθῶν.
637 935 685 1013 ὧν
695 951 728 1015 εί
738 945 796 1014 καὶ
809 947 877 1012 νῦν
890 947 1098 1032 ἐπιθυμεῖτε,

131 1052 239 1115 ταῦτα
256 1047 519 1136 κατεργάσασθε.
555 1044 684 1135 ταάτην
702 1046 741 1116 δὲ
760 1045 920 1135 λαβόντες
939 1043 1099 1134 ἀφορμήν

132 1154 168 1216 οί
190 1151 330 1238 πατέρες
353 1147 449 1238 ήμῶν
474 1148 736 1237 κατειργάσαντο
760 1151 802 1237 τή
827 1148 924 1218 πόλει
950 1149 1099 1236 δύναμιν

131 1250 301 1339 τοσαύτην
326 1247 409 1339 ὅσήν
433 1246 529 1320 οάπω
555 1278 604 1331 τις
629 1248 712 1339 ἀλλη
737 1249 833 1330 πόλις
853 1250 1033 1339 ἐκτήσατο,
1057 1249 1100 1318 τά

132 1351 194 1438 μὲν
212 1359 388 1434 πείσαντες
406 1349 670 1442 τοάςἝλληνας,
687 1352 728 1421 τά
747 1351 786 1421 δὲ
804 1351 982 1440 λαθόντες,
999 1352 1040 1420 τά
1060 1350 1100 1420 δὲ

81 1479 114 1529 38
133 1454 326 1543 πριάμενοι,
357 1455 398 1524 τά
429 1456 467 1525 δὲ
497 1455 708 1543 βιασάμενοι·
740 1461 917 1534 πείσαντες
947 1451 1011 1541 μέν
1035 1444 1099 1522 οὖν

128 1553 289 1644 Ἀθήνησι
306 1557 510 1646 ποιήσασθαι
527 1558 597 1625 τῶν
609 1559 734 1625 κοινάν
751 1557 931 1646 χρημάτων
940 1553 1100 1644 Ἑλληνο-

131 1666 271 1747 ταμίας,
296 1663 352 1729 καί
370 1660 431 1729 τόν
456 1661 625 1744 σύλλογον
642 1660 712 1727 τῶν
729 1663 818 1727 νεῶν
840 1656 921 1747 παρ’
941 1655 1022 1746 ἡμῖν
1040 1683 1099 1744 χε-

131 1761 271 1849 νέσθαι,
290 1758 364 1830 ὅσαι
383 1760 421 1830 δέ
443 1765 514 1830 τῶν
531 1760 665 1830 πόλεων
682 1758 826 1850 τριήρεις
844 1759 889 1847 μή
907 1760 1097 1847 κέκτηνται,

132 1862 270 1942 ταύταις
283 1860 369 1950 ἡμᾶς
384 1865 557 1952 παρέχειν·
572 1861 736 1942 λαθόντες
751 1860 789 1930 δὲ
800 1868 1100 1949 Πελοποννησίους

132 1964 351 2051 τειχισάμενοι
364 1965 405 2033 τά
419 1972 526 2053 τείχη·
545 1962 722 2052 πριάμενοι
734 1961 773 2034 δέ
782 1963 874 2052 παρά
888 1967 1101 2050 Λακεδαιμο-

131 2071 218 2133 νίων
236 2065 280 2152 μή
302 2069 423 2136 δοῦναι
443 2067 576 2136 τοάτων
595 2072 710 2154 δίκην·
735 2065 930 2155 βιασάμενοι
956 2063 994 2133 δὲ
1018 2064 1101 2144 τούς

134 2167 312 2247 ἐναντίους
330 2168 394 2255 τήν
412 2165 520 2257 ἀρχήν
533 2166 782 2256 τῶνἙλλήνων
799 2165 1099 2254 κατειργασάμεθα.

133 2268 189 2335 καὶ
211 2269 318 2337 ταῦτα
335 2270 376 2338 τά
395 2268 509 2357 ἀγαθά
531 2275 568 2341 έν
588 2268 798 2358 ὀγδοήκοντα
820 2269 877 2337 καὶ
895 2269 994 2336 πέντε
1018 2266 1101 2355 ήμίν

82 2391 114 2443 39
134 2373 241 2439 ἔτεσιν
256 2372 396 2457 ἐγένετο.
416 2373 640 2463 κρατηθέντες
653 2372 692 2442 δὲ
704 2374 752 2464 τῷ
766 2372 903 2462 πολέμῳ
915 2368 958 2437 τά
970 2396 1005 2438 τε
1014 2366 1101 2437 άλλα

133 2467 368 2562 ἀπωλέσαμεν,
382 2476 439 2545 καί
457 2475 499 2543 τά
517 2482 609 2564 τείχη
622 2475 680 2543 καί
693 2473 754 2554 τάς
766 2475 854 2554 ναός
869 2478 991 2560 ἔλαβον
1003 2470 1100 2558 ήμῶν

71 2646 80 2657 ,
134 2575 277 2665 ἐνέχυρα
294 2578 568 2666 Λακεδαιμόνιοι,
592 2575 653 2656 τάς
675 2574 739 2664 μέν
763 2573 1034 2664 παραλαβόντες,
1058 2572 1099 2640 τά

134 2674 172 2744 δέ
189 2678 410 2766 καθελόντες,
429 2677 520 2760 ὅπως
538 2679 583 2767 μή
601 2679 704 2748 πάλιν
722 2675 821 2747 ταῦτ’
843 2683 974 2763 ἔχοντες
987 2672 1101 2762 ἀφορ-

133 2780 199 2870 μήν
218 2780 366 2866 δυ’ναμιν
383 2784 426 2869 τῇ
445 2781 540 2850 πόλει
557 2781 876 2866 κατασκευάσαιμεν.
908 2776 1101 2854 πεισθέντες

132 2892 253 2954 τοίνυν
269 2880 335 2970 ἀφ’
354 2880 451 2971 ήμῶν
469 2883 727 2970 Λακεδαιμόνιοι
751 2880 882 2970 πάρεισι
907 2880 988 2949 νυνί
1015 2878 1097 2966 πρέ-

201 3051 242 3101 37.
262 3037 315 3101 οὐκ
334 3038 483 3115 ἐκτήμεθα
501 3047 567 3098 Bk.:
596 3036 801 3113 οόκεκτήμεθα
820 3044 867 3095 ΑΒ
895 3032 1101 3122 (οόκιέκεκηή-

133 3117 214 3200 μρθα
231 3117 303 3200 ἀλλ),
322 3107 376 3168 οάκ
401 3108 553 3183 ε’κτάμεθα
571 3131 596 3167 v.
619 3141 654 3151 -
676 3107 839 3181 γενομένων
858 3105 904 3171 δέ,
924 3126 1034 3175 ταυτην
1052 3126 1103 3174 αρ-

133 3205 187 3253 W
201 3187 414 3319 3133'‘E2222vot.]
435 3251 470 3305 cf.
483 3251 571 3316 Harp.
592 3240 635 3315 (A.
653 3241 684 3302 ἐν
702 3247 740 3317 τῷ
752 3263 781 3299 π.
794 3264 818 3302 τ.
838 3236 956 3312 είρήνης
990 3239 1017 3296 εί
1033 3236 1102 3311 γνή-

132 3323 213 3406 σιρς).
232 3349 265 3359 -
283 3311 477 3387 τειχισάμενοι
488 3321 581 3387 Emp.t
600 3310 935 3385 ἐτειχίσαμεν-τουπ]
952 3281 1103 3365 έναντιου-

132 3407 246 3457 μενους.

200 3461 241 3514 39,
261 3448 312 3517 τάς
329 3450 382 3522 μὲν
399 3456 445 3511 R.:
464 3447 500 3507 τά
517 3449 579 3521 μὲν.
598 3481 631 3492 --
643 3453 737 3505 malim
756 3467 817 3502 cum
835 3451 880 3506 Hi.
900 3440 1008 3514 ταύτην
1022 3441 1102 3513 ἔχον-

132 3543 179 3587 τες
197 3520 249 3591 ἀφ.
270 3526 342 3577 sicut
361 3528 403 3576 est
421 3526 436 3587 ὅ
454 3526 496 3578 37.
514 3550 548 3560 -
