2340 3916
269 230 403 287 ΚΑΤΑ
424 231 806 295 ΚΤΗΣΙΦΩΝΤΟΣ.
957 237 1018 301 159

62 390 113 454 ε’πὶ
125 385 186 455 τὸν
198 387 367 473 πρόδηλον
377 394 553 470 κίνδυνον;
569 376 682 458 Ικαίτοι
699 420 736 478 γε
748 395 865 484 πρῴην
876 394 1017 468 ἀπετόλ-

62 505 145 570 μησε
157 488 276 571 λέγειν,
284 485 335 555 ὅτι
346 485 434 572 παρά
442 494 541 555 τοῦτο
555 495 717 571 Φίλιππος
728 490 790 561 ούκ
801 487 910 581 ήῖθεν
920 495 1016 584 ἡμῶν

63 585 115 649 ἐπὶ
127 581 189 669 τήν
199 584 329 671 χώραν,
353 582 405 653 ὅτι
417 583 480 653 ούκ
496 579 540 671 ἡν
552 587 642 677 αύτῷ
661 591 745 657 καλά
757 592 797 659 τά
809 594 891 679 ίερά.
926 602 1016 673 τίνος

62 674 126 747 οὖν
144 687 256 767 ζημίας
273 681 362 764 ἀξιος
378 682 408 750 εί
423 699 550 769 τυχεῖν,
574 678 601 752 ἀ
618 693 676 773 τῆς
686 684 843 771 Ἑλλάδος
853 690 1015 780 ἀλιτήριε;

62 788 92 849 εί
101 780 165 869 γάρ
179 781 195 849 6
207 782 267 869 μὲν
277 792 410 868 κρατῶν
422 782 485 852 ούκ
502 778 610 872 ήλθεν
623 793 668 865 είς
680 787 742 875 τήν
751 799 820 858 τοῖν
831 797 1016 878 κρατουμέ-

61 908 131 948 νων
142 882 271 967 χάραν,
296 880 346 951 ὅτι
358 881 421 950 ούκ
432 875 477 970 ήν
488 882 580 976 αύτῷ
591 884 677 954 καλά
687 885 728 954 τά
740 888 829 974 ῖέρά,
854 888 897 958 σύ
909 888 940 958 δ’
956 889 1016 959 ού-
1032 903 1089 960 m

63 979 120 1047 δέν
133 979 295 1064 προειδώς
313 990 381 1048 τω”ν
397 980 589 1066 μελλόντων
601 988 737 1052 ἔσεσθαι
749 987 828 1070 πρὶν
840 995 1017 1075 καλλιερή-

62 1099 117 1144 σαι
131 1077 209 1157 τούς
228 1080 428 1165 στρατιώτας
445 1084 641 1168 ἐξέπεμψας,
664 1084 809 1170 πότερον
826 1095 1016 1171 στεφανοῦ-

61 1184 146 1246 σθαί
165 1200 201 1246 σε
224 1184 276 1246 δεῖ
293 1182 345 1247 ἐπὶ
367 1193 437 1258 ταῖς
458 1189 516 1266 τής
533 1182 660 1261 πόλεως
677 1182 825 1269 ἀτυχίαις
844 1181 865 1272 ἡ
882 1183 1016 1271 ὑπερω-

62 1285 191 1359 ρι’σδοιις

10 1394 41 1448 32
149 1375 324 1461 Τοιγάρτοι
338 1385 371 1443 τί
379 1383 447 1444 τῶν
458 1375 666 1446 ἀνελπίστων
677 1381 732 1446 καί
751 1378 1015 1469 ἀπροσδοκήτων

61 1474 109 1560 ἐφ’
123 1473 219 1562 ἡμῶν
230 1473 272 1542 ού
283 1480 438 1561 γέγονεν;
465 1473 506 1543 ού
517 1476 581 1562 γάρ
600 1484 676 1564 βίον
688 1505 725 1562 γε
735 1474 827 1564 ἡμεῖς
839 1476 1016 1566 ἀνθρωπι-

64 1602 124 1641 νον
134 1574 360 1662 βεβιώκαμεν,
379 1572 446 1643 ἀλλ’
462 1582 507 1656 είς
524 1581 810 1662 παραδοξολογίαν
820 1594 887 1659 τοῖς
899 1585 1015 1667 ἐσομέ-

61 1702 131 1754 νοις
142 1674 217 1763 μεθ’
229 1673 317 1761 ήμάς
327 1682 464 1761 ἔφυμεν.
499 1673 562 1762 ούχ
575 1673 593 1743 6
611 1677 673 1762 μὲν
683 1683 753 1743 τοῖν
762 1683 905 1764 Περσῶν
916 1686 1015 1764 βασι-

61 1777 153 1861 λεύς,
175 1774 192 1842 ὁ
205 1772 265 1842 τόν
277 1773 372 1842 ’Ἁθω
385 1774 555 1860 διορύξας,
580 1772 598 1841 6
617 1772 928 1860 τδνἘλλήσποντον
940 1775 1015 1855 ζεύ-

63 1881 135 1961 ξας,
159 1871 253 1961 ὁγήν
265 1877 320 1942 καὶ
331 1872 424 1959 ὕδωρ
436 1870 515 1952 τούς
527 1870 688 1959 ’Έλληνας
706 1881 824 1957 αἰτῶν,
848 1872 865 1942 6
884 1883 1015 1961 τολμῶν

27 2000 31 2007 ’
62 1977 98 2042 έν
130 1988 199 2052 ταῖς
232 1977 415 2051 ἐπιστολαῖς
448 1971 609 2060 γράφειν,
650 1972 701 2041 ὅτι
734 1972 895 2059 δεσπότης
926 1976 1015 2042 ἐστὶν

62 2073 222 2141 ἁπάντων
234 2071 429 2155 ἀνθρώπων
446 2070 501 2157 ἀφ’
513 2068 611 2158 ἡλίου
622 2071 776 2151 ἀνιόντος
787 2078 882 2159 μέχρι
894 2077 1015 2159 δυομέ-

61 2199 142 2259 νου,
161 2180 226 2240 νῦν
244 2170 285 2240 ού
296 2175 370 2257 περὶ
386 2179 447 2239 τοῦ
464 2168 579 2253 κύριος
597 2169 813 2256 ἑτέρωνείναι
825 2175 1015 2255 διαγωνίζε-

62 2301 130 2358 ται,
153 2270 221 2340 ἀλλ’
244 2272 307 2359 ήδη
326 2274 400 2359 περὶ
419 2280 477 2358 τῆς
497 2272 729 2357 τοῦσώματος
750 2277 929 2357 σωτηρίοιςς
960 2273 1014 2338 καὶ
1031 2300 1085 2355 5ης

61 2372 139 2452 τούς
157 2371 280 2452 αὐτούς
299 2368 430 2459 ὁρῶμεν
451 2378 509 2457 τῆς
526 2396 561 2437 τε
579 2370 676 2456 δόξης
693 2367 814 2454 ταύτης
829 2371 952 2456 καὶτής
963 2373 1015 2437 ἐπὶ

60 2470 120 2540 τόν
130 2475 265 2557 Πέρσην
276 2468 454 2556 ἡγεμονίας
469 2466 685 2554 ήξιωμένους,
709 2473 742 2533 οἳ
756 2469 811 2533 καὶ
829 2466 865 2534 τδ
879 2469 915 2533 έν
926 2475 1015 2533 Δελ-

10 2585 135 2654 33φοῖς
158 2567 251 2650 ἱερὸν
270 2566 526 2653 ήλευθέρωσαν;
557 2572 666 2650 Θήβαι
687 2565 740 2648 δὲ,
769 2571 891 2650 Θῆβαι,
921 2563 1016 2643 πόλις

63 2666 283 2751 ἀστυγείτων,
303 2664 377 2751 μεθ’
389 2663 516 2751 ἡμέραν
532 2670 612 2749 μίαν
631 2665 668 2730 έκ
679 2665 780 2748 μέσης
791 2670 849 2748 τὴς
859 2660 1015 2741 Ἑλλάδος

62 2765 287 2853 ἀνήρπασται,
299 2771 329 2832 εί
339 2767 393 2832 καί
405 2770 554 2849 δικαίως,
567 2764 642 2846 περὶ
653 2770 722 2828 τῶν
730 2760 820 2830 ὅλων
832 2758 894 2829 ούκ
904 2759 1017 2848 ὀρθῶς
1032 2772 1086 2826 524

62 2866 343 2954 βουλευσόμενοι,
377 2863 460 2932 ἀλλά
482 2864 544 2950 τήν
569 2890 608 2950 γε
629 2861 856 2949 θεοβλάβειαν
878 2864 933 2929 καὶ
953 2862 1015 2948 τήν

63 2966 263 3052 ἀφροσύνην
275 2963 336 3034 ούκ
348 2963 590 3050 ἀνθρωπίνως,
603 2961 687 3031 ἀλλά
702 2967 880 3049 δαιμονίως
891 2961 1015 3048 κτησά-

64 3093 167 3152 μενοι.
196 3065 454 3152 Λακεδαιμόνιοι
465 3063 497 3132 δ’
510 3069 544 3132 οἱ
558 3073 775 3149 ταλαίπωροι,
797 3064 1016 3150 προσαψάμε-

64 3191 117 3232 νοι
133 3162 240 3250 μόνον
257 3165 385 3232 τούτων
402 3170 471 3230 των
482 3160 685 3248 πραγμάτων
702 3164 735 3241 έξ
752 3159 855 3247 ἀρχῆς
865 3165 939 3246 περὶ
953 3161 1016 3246 τὴν

64 3270 123 3329 τοῦ
135 3267 228 3349 ίερού
240 3264 442 3349 κατάληψιν,
455 3266 489 3330 οῖ’
498 3269 566 3329 τῶν
580 3259 745 3347 Ἑλλήνων
756 3258 835 3327 ποτὲ
846 3258 1014 3339 ἀξιοῦντες

64 3359 224 3447 ἡγεμόνες
242 3361 341 3447 εἶναι,
364 3371 429 3429 νῦν
446 3358 689 3448 ὁμηρεύσοντες
699 3363 753 3427 καί
769 3367 826 3445 τῆς
842 3366 1017 3444 συμφορᾶς
1034 3370 1087 3424 525

63 3463 218 3540 ἐπίδειξιν
230 3461 446 3547 ποιησόμενοι
456 3467 635 3529 μέλλουσιν
653 3458 697 3539 ἀς
707 3459 924 3540 Ἀλέξανδρον
937 3456 1027 3521 θυο-
