2340 3916
140 182 191 247 40
482 182 738 241 ΑΙΣΧΙΝΟΤ

150 345 186 414 δέ
195 352 264 412 τῶν
274 343 523 431 πρεσβυτέρων,
536 337 598 408 οὐκ
610 336 742 424 ὀλίγους
753 341 790 409 δὲ
800 340 836 409 έκ
848 348 905 428 τῆς
916 340 1017 429 άλλης
1025 338 1097 410 Ἐλ-

151 442 252 520 λάόος
263 442 537 527 συνειλεγμένους
557 440 609 507 ἐπὶ
626 436 875 525 τήνάκρόασιν·
900 437 959 520 οὕς
976 441 1020 528 μή
1036 467 1096 507 νο-
1119 454 1163 506 118

145 537 249 627 μίσηά
270 541 327 626 ἐμὲ
348 538 583 625 θεωρήσοντας
609 536 720 624 ήκειν,
755 536 839 607 άλλά
859 548 946 607 πολυ
968 547 1096 625 μᾶλλον

149 637 234 726 ὑμᾶς
251 643 440 724 εἰσομένους
457 644 487 705 εἰ
502 635 546 722 μή
563 636 671 723 μόνον
694 629 735 704 εά
747 648 945 723 νομοθετεῖν
961 642 1095 707 ἐπίστα-

80 746 130 799 134
150 746 229 821 σθε,
250 734 332 804 άλλά
343 737 399 803 καὶ
414 741 541 819 κρίνειν
557 731 597 800 τά
615 731 703 801 καλά
713 736 768 801 καλ
783 733 823 801 τά
835 732 880 821 μή
891 736 976 802 καλά
989 736 1094 802 δόνα-

150 844 224 922 σθε,
235 836 290 903 καὶ
302 839 332 901 εί
340 839 438 919 τιμᾶν
448 835 625 899 ἐπίστασθε
637 829 715 910 τούς
725 829 876 917 άγαθούς
888 832 1028 921 ἄνδρας,
1042 837 1094 899 καῖ

149 940 180 1002 εἰ
188 938 303 1002 θέλετε
315 933 465 1012 κολάζειν
475 930 554 1010 τοὺς
565 929 675 1017 όνείόη
686 929 746 1000 τόν
758 933 885 1000 ἐαυτοῖν
894 940 970 1020 βίον
981 941 1022 1022 τῇ
1033 935 1095 1002 πό-

149 1043 199 1102 λει
210 1030 526 1115 παρασκευάζοντας.
549 1033 628 1110 λέξω
639 1029 674 1098 δέ
685 1038 818 1116 πρῶτον
830 1028 913 1117 πρός
924 1028 1011 1117 ὑμᾶς
1022 1033 1094 1113 περὶ

92 1166 95 1173 =
148 1139 204 1216 τῆς
214 1128 400 1215 άπολογίας.

226 1225 262 1294 ‘0
272 1226 334 1312 γάρ
347 1224 495 1311 περιττός
505 1229 620 1305 ἐντοῖς
631 1226 741 1310 λόγοις
752 1229 973 1313 Δημοσθένης
984 1221 1006 1312 ή
1016 1219 1096 1304 τούς
1116 1239 1165 1293 119

151 1325 276 1409 νόμους
287 1327 390 1410 φησὶν
400 1320 486 1409 ὑμᾶς
497 1327 679 1409 ἐξαλείφειν
690 1319 800 1409 δεῖν,ή
810 1339 874 1403 τοῖς
885 1327 973 1412 έμοίς
984 1325 1095 1410 λόγοις

151 1419 213 1488 οὐκ
224 1419 309 1489 εἰναι
322 1426 531 1507 προσεκτέον.
562 1420 791 1508 ἀποθαυμάζει
808 1423 890 1510 γάρ,
913 1432 943 1493 εί
951 1423 995 1510 μή
1008 1426 1096 1492 πάν-

150 1545 201 1597 τες
217 1520 430 1606 μεμνήμεθα,
452 1519 502 1588 ὅτι
521 1518 597 1589 καθ’
616 1522 755 1587 ἕκαστον
772 1520 926 1590 ἐνιαυτόν
945 1521 965 1610 ἡ
987 1522 1094 1611 βουλή

150 1627 255 1686 πωλεῖ
261 1621 297 1686 τό
306 1617 469 1704 πορνικὸν
479 1622 587 1697 τέλος·
600 1616 950 1705 καλτοόςπριαμένους
960 1620 995 1688 τό
1003 1625 1096 1699 τέλος

150 1717 211 1785 οὐκ
223 1716 378 1802 εἰκάζειν,
391 1714 457 1784 ἀλλ’
470 1715 617 1803 άκριβοίς
632 1719 753 1784 εἰδέναι
764 1715 842 1794 τοός
852 1717 956 1804 ταάτη
966 1722 1096 1805 χρωμέ-

151 1843 231 1895 νους
244 1822 284 1902 τῇ
303 1818 448 1903 ἐργασία.
481 1811 580 1882 ὁπότε
599 1813 639 1902 δή
657 1808 721 1881 οὖν
738 1813 919 1900 τετόλμηκα
937 1813 1095 1901 άντιγρά-

150 1924 279 1994 μασθαι
303 1916 558 2000 πεπορνευμένῳ
581 1911 732 2000 Τιμάρχῳ
750 1913 794 1997 μή
813 1915 931 1992 ἐξεῖναι
949 1917 1096 2000 δημηγο-

151 2026 239 2095 ρεῖν,
272 2007 422 2076 άπαιτεῑν
443 2028 525 2094 φησι
546 2009 608 2096 τήν
635 2014 755 2094 πρᾶξιν
775 2007 881 2096 αότήν
902 2010 965 2079 οόκ
987 2018 1096 2080 αἰτίαν

151 2108 357 2196 κατηγόρου,
379 2105 463 2174 άλλά
481 2114 667 2194 μαρτυρίαν
684 2107 832 2177 τελάνου
848 2111 1016 2195 τοῦπαρὰ
1037 2120 1092 2179 Τι-

150 2207 279 2293 μάρχου
290 2213 386 2272 τοῦτο
399 2209 587 2285 ἐκλέξαντος
598 2208 635 2274 τό
647 2211 747 2285 τέλος.
770 2205 833 2294 ἐγώ
847 2207 883 2276 δέ
899 2207 1093 2295 πρόςταύτ’,
1118 2230 1165 2282 120

85 2314 133 2369 135
152 2298 372 2389 άἈθηναῐοι,
390 2301 560 2390 σκέψασθ’,
575 2301 618 2372 ἂν
629 2303 757 2373 ἁπλοῦν
768 2308 823 2374 καλ
833 2310 1025 2391 ἐλευθέριον
1036 2311 1096 2377 ἐό-

151 2408 194 2484 ξω
206 2400 307 2486 λόγον
319 2396 399 2486 ὑμῖν
415 2405 530 2485 λέγειν.
564 2403 761 2488 αἰσχύνομαι
777 2401 841 2488 γάρ
856 2401 939 2489 ὑπὲρ
956 2413 1014 2491 τῆς
1032 2407 1096 2474 πό-

152 2511 250 2584 λεως,
264 2505 295 2567 εἰ
306 2505 484 2584 Τίμαρχος,
496 2497 514 2566 ὁ
524 2507 584 2567 τοῦ
596 2501 704 2586 δήμου
715 2500 905 2588 σύμβουλος
915 2504 970 2570 καὶ
981 2502 1039 2582 τοὶς
1050 2509 1095 2582 εἰς

149 2597 1095 2687 τήνἘλλάθατολμάνπρεσβείαςπρεσβεύειν,μήτόπρᾶγ-

150 2725 195 2784 μα
206 2696 288 2764 όλον
298 2695 545 2781 ἀποτρίψασθαι
557 2697 768 2782 ἐπιχειρήσει,
791 2695 873 2764 άλλά
882 2698 962 2776 τούς
972 2698 1094 2776 τόπους

152 2794 365 2878 ἐπερωτήσει,
377 2793 463 2862 ὅπου
474 2796 656 2879 ἐκαθέζετο,
665 2796 719 2861 καὶ
729 2792 808 2872 τοὺς
817 2795 970 2880 τελώνας,
984 2800 1014 2862 εἰ
1025 2795 1097 2861 πά-

151 2919 230 2962 ποτε
245 2891 319 2975 παρ’
330 2889 434 2960 αὑτοῦ
445 2890 481 2958 τό
494 2890 657 2974 πορνικὸν
668 2897 759 2972 τέλος
770 2891 954 2979 εἰλήφασιν.
976 2891 1096 2977 ταύτης
1118 2916 1159 2967 121

151 2991 212 3076 μέν
229 2983 292 3057 οὖν
307 2997 365 3075 τῆς
381 2988 560 3074 άπολογίας
578 2987 674 3073 ὑμῶν
695 2992 791 3057 ἕνεκα
810 2988 1095 3074 παραχωρησάτω·

152 3090 264 3172 ἕτερον
283 3084 312 3153 δ’
328 3085 390 3170 ἐγω
403 3108 455 3151 σοι
472 3086 573 3172 λόγον
592 3085 748 3173 ὑποβαλῶ
765 3088 939 3155 καλόνκαὶ
956 3091 1095 3172 δίκαιον,

152 3178 312 3273 ᾦχρήσει,
336 3188 366 3250 εἰ
381 3184 483 3268 μηδὲν
494 3184 632 3270 αἰσχρόν
643 3193 753 3275 σαυτῷ
767 3186 942 3252 σύνοισθα.
974 3187 1097 3273 τόλμη-

151 3302 213 3348 σον
228 3279 291 3366 γάρ
310 3287 356 3358 εἰς
372 3279 451 3358 τούς
467 3281 621 3362 δικαστάς
640 3287 764 3370 βλέψας
781 3289 885 3351 εἰπεῖν
899 3279 919 3349 ά
936 3283 1097 3370 προσήκει

151 3382 259 3463 λέγειν
279 3375 375 3461 άνθρί
393 3377 542 3464 σωφρονι
560 3378 599 3447 τά
618 3383 692 3465 περὶ
708 3379 770 3467 τήν
785 3379 932 3469 ήλικιάν·
954 3379 1097 3464 ,ἄνδρες
