2340 3916
352 210 474 265 ΚΑΤΑ
500 210 759 267 TIMAPXOY.
988 209 1029 280 23

78 368 151 454 ἐγώ.
173 374 265 455 ἔτυχε
284 374 318 436 δὲ
336 368 409 435 τότε
427 368 638 454 συμπλεύσας
657 374 703 447 είς
720 367 1030 456 Ἑλλήσποντοντα-

78 475 153 552 μίας
168 468 383 560 Τιμομάχῳ
354 494 398 533 τω
388 465 595 585 Ἀχμρνεί
564 472 609 532 τῶ
620 466 890 552 στρατηγήσαντι,
904 460 991 536 καί
969 493 1029 552 ηκε

79 572 178 650 δεῦρο
191 562 472 685 άμολελαυκάς,
449 592 493 643 ως
505 569 640 649 λέγεται,
652 572 710 650 τής
723 567 853 632 ἐκείνου
865 564 1029 652 εὐηθείας,

80 671 163 748 ἔχων
179 662 241 731 ούκ
260 663 414 742 ἐλάττους
430 690 450 748 η
438 658 669 753 ”ὀγδοήκοντα
679 670 763 786 μγάς
775 661 953 748 άργυρίου·
976 663 1040 733 καί

79 765 205 846 τρόπον
226 761 301 845 τινά
318 761 378 849 ούχ
395 761 513 848 ήκιστα
533 765 672 840 αἰτιος’
656 764 783 846 εγέυετο
805 753 902 841 οὗτος
929 770 1030 848 Τιμσ·

25 874 58 928 57
77 862 168 949 μάχῳ
190 868 247 945 τῆς
268 868 451 945 συμφοράς.
473 855 521 932 666
541 858 572 925 δ’
593 862 629 927 ἐν
646 860 782 946 τοιαύτη
802 857 953 950 ἀφθονίᾳ
975 865 1031 929 καὶ

80 965 206 1042 φοιτῶν
230 955 274 1035 ὡς
294 956 353 1024 τὸν
374 956 584 1025 Πιττάλακον
605 958 837 1045 συγκυβευτὴν
857 958 953 1045 ὄντα,
976 963 1030 1028 καί

80 1064 201 1122 τοῦτον
216 1059 284 1121 ἐκεί
297 1063 430 1139 πρῶτον
444 1054 541 1142 ἰδάν,
560 1055 651 1143 ήσθη
662 1083 696 1124 τε
707 1058 762 1124 καί
773 1057 963 1144 ἐπεθύμησε
976 1061 1032 1125 καὶ

81 1152 249 1239 ἐβουλήθη
263 1151 305 1232 ὡς
318 1151 422 1223 αὑτὸν
432 1153 627 1241 άναλαβείν,
646 1162 705 1222 καί
713 1180 781 1234 πως
793 1164 872 1234 ἰσως
881 1152 1029 1244 ήγήσατο
1063 1218 1067 1223 .

10 1269 13 1279 ’
82 1254 165 1320 εἶναι
176 1251 389 1338 αύτόνέγγύς
400 1262 457 1340 τῆς
474 1254 580 1320 αὑτοῦ
598 1254 737 1339 φύσεως.
751 1263 884 1339 πρῶτον
896 1249 1032 1341 μὲνοῦν
1090 1266 1118 1331 ,“

81 1379 124 1440 τῳ
113 1351 330 1441 Πιτταλάκῳ
343 1354 494 1470 διελεχθη
509 1353 664 1473 δεόμενος
674 1357 883 1434 παραδοῦναι
895 1360 1031 1420 τοῦτον·

81 1476 124 1526 ις
136 1446 166 1516 δ
181 1448 242 1517 ούκ
254 1456 387 1517 ἔπειθεν
398 1448 518 1535 αὐτὸν,
531 1448 620 1539 αύτῷ
632 1452 739 1542 τούτῳ
753 1456 964 1542 προσβάλλει,
977 1454 1033 1521 καὶ

81 1545 121 1612 ού
143 1544 250 1619 πολύν
278 1541 428 1665 άηήλωσε
455 1549 594 1634 χρόνον,
624 1547 697 1616 ἀλλ’
722 1551 827 1629 εὐθύς
854 1554 1031 1617 ἐπεπείκει

80 1645 133 1710 καὶ
145 1641 208 1727 γάρ
221 1649 265 1722 εἰς
277 1641 357 1713 αύτὸ
370 1643 407 1711 τὸ
419 1655 553 1732 πρᾶγμα
570 1645 700 1733 δεινή
681 1675 702 1733 η
714 1656 812 1716 κακια
823 1651 877 1717 καὶ
888 1647 1031 1734 α’πιστια,
1050 1667 1081 1717 81
1117 1708 1120 1715 .

32 1758 66 1810 58
83 1741 166 1807 ω’στε
183 1743 237 1807 καὶ
262 1743 293 1820 ἐξ
318 1739 430 1809 αὐτῶν
452 1743 581 1810 τούτων
606 1741 740 1821 εἰκότως
762 1739 806 1810 άν
824 1755 963 1863 μισοῖτο.
990 1742 1034 1823 ὡς
1114 1816 1120 1825 ,

82 1840 114 1906 δ’
128 1840 362 1929 άπήλλακτσ
328 1869 388 1928 μεν
401 1843 488 1929 παρά
501 1869 561 1910 του
549 1841 782 1910 Πιτταλάκου
789 1841 987 1927 ,άνείληκτο
998 1844 1034 1910 66

83 1943 220 2011 ύπότού
230 1939 480 2061 Ἡγησάνδρου,
499 1941 650 2011 ὠδυνᾶτο
660 1940 787 2028 ,066667
800 1939 1066 2021 ὁΠιττάλακος

81 2049 242 2108 τοσουτον
255 2066 418 2126 αργυριον
429 2069 552 2129 ματην
577 2069 621 2120 ως
634 2067 732 2131 ωετο,
748 2037 952 2160 άνηλωκάς,
977 2042 1032 2106 καί

83 2139 272 2224 ἐζηλοτύπει
282 2140 321 2206 τά
333 2142 512 2263 γιγνόμενα
524 2144 578 2210 καὶ
589 2144 705 2226 ἐφοίτα
717 2140 815 2210 ἐπὶ
779 2168 841 2227 την
850 2137 999 2261 066666.‘'
980 2166 1032 2206 οτι

10 2410 14 2419 ,
83 2338 230 2422 σάνδρσυ
240 2364 295 2403 και
285 2338 488 2423 Τιμάρχου
502 2342 729 2424 μεθυσθέντες
740 2337 803 2422 γάρ
815 2362 893 2403 ποτε
906 2337 959 2403 καὶ
972 2333 1035 2401 66-

82 2439 131 2504 τοί
147 2441 280 2504 καὶτῶν
293 2445 531 2525 συγκυβευτῶν
541 2463 627 2515 τινες
638 2438 693 2503 καλ
706 2433 817 2519 ἄλλοι,
842 2426 889 2501 66
899 2432 940 2500 06
950 2433 1034 2519 βού-

30 2552 63 2603 59
83 2547 180 2622 λομαι
198 2536 237 2605 τά
255 2535 401 2622 ὀνόματα
419 2541 542 2620 λέγειν,
566 2534 822 2619 εἰσπηδήσαντες
839 2532 970 2613 νύκτωρ
990 2537 1034 2609 εἰς

72 2637 144 2722 ’τήν
155 2643 279 2722 οἰκίαν,
302 2628 344 2702 06
356 2635 461 2725 ᾤκειὸ
479 2634 699 2718 Πιττάλακος,
719 2637 852 2716 πρῶτον
862 2633 923 2716 μὲν
934 2632 1031 2696 6666-
1118 2666 1122 2673 ·

84 2742 199 2821 τρίβου
227 2735 266 2802 τά
289 2735 449 2820 σκευάρια
471 2737 525 2802 καὶ
548 2740 760 2860 διερρίπτουη
789 2738 834 2809 εἰς
854 2730 915 2816 τήν
938 2727 1031 2815 6666,

83 2832 311 2919 άστραγάλους
328 2837 365 2902 τέ
382 2862 472 2913 τινας
490 2839 694 2959 διμσείστρυς
705 2834 758 2899 καὶ
770 2830 891 2918 φιμούς
903 2831 958 2897 καί
971 2856 1032 2896 κυ-
1053 2847 1088 2903 83

82 2931 246 3017 βευτικά”’
229 2958 322 3051 ετερμ
332 2933 468 3053 ὄργαγα,
481 2935 535 3050 κμλ
544 2930 621 3011 τούς
633 2931 775 3016 ὄρτυγας
786 2928 927 3007 καὶτοὺς
936 2920 1035 2996 6666-

83 3030 243 3113 τρυόνας,
273 3029 331 3109 οδς
358 3030 470 3117 ήγάπα
493 3029 510 3099 6
533 3035 820 3118 τρισκακοδαίμων
842 3027 1033 3113 άνθρωπος,

85 3125 295 3212 ἀπέκτειναν,
307 3156 344 3197 το
334 3129 394 3198 δὲ
406 3139 593 3221 τελευταῖον
604 3132 763 3217 δήσαντες
774 3130 858 3213 πρὸς
870 3129 929 3195 666
941 3135 1035 3194 κίονα

84 3223 188 3294 αὐτὸν
205 3226 266 3295 666
283 3181 709 3316 Πιττάλακονέμαστίγουν
725 3225 782 3306 τάς
799 3231 832 3307 ἐξ
843 3224 1037 3307 ἀνθρώπων

84 3325 211 3411 πληγάς
229 3325 316 3393 οὕτω
334 3328 443 3395 πολύν
457 3328 596 3417 χρόνον,
622 3325 703 3394 ὥστε
722 3326 777 3392 καὶ
794 3324 872 3402 τούς
887 3328 1036 3408 γείτονας

31 3437 66 3488 60
85 3425 266 3491 αἰσθέσθαι
283 3433 340 3510 τής
356 3435 511 3510 κραυγῆς.
534 3433 575 3513 τή
590 3421 622 3491 δ’
644 3423 803 3513 ὑστεραίᾳ
824 3421 1046 3518 ὑπεροηυυσ-
