2340 3916
154 278 159 305 2
267 316 270 321 .
334 236 760 322 ΚΑΤΑΤΙΜΛΡΧου.
983 236 1025 301 25
1122 322 1125 327 Ι

70 393 178 480 ἥνπερ
190 395 254 478 έγώ
270 395 424 482 Τιμάρχῳ
438 395 631 482 ἐπήγγειλα,
654 399 708 464 καλ
719 398 831 484 ἐπειδὴ
842 399 1026 488 Κρωβύλος

71 490 89 559 6
113 490 257 577 άδελφδς
279 491 384 577 αὐτοῦ
412 494 610 579 ἐδημηγόρει
635 498 691 563 καί
719 495 804 575 ὅλως
831 493 1026 584 ἀπετόλμων

73 591 152 678 ὑμῖν
163 586 258 661 οάτοί
269 591 627 679 περλτωνἙλληνικῶν
639 596 892 681 συμβουλεύειν,
905 598 1023 663 ἐνταῦ-
1044 617 1078 676 87
1094 592 1098 598 ’

72 701 120 759 θα
132 689 173 777 δὴ
184 692 480 777 καταμεμψάμενος
491 691 612 777 ἑαυτὸν
622 690 640 760 6
652 695 855 772 Πιττάλακος
864 697 918 761 καὶ
930 698 1026 762 έκλο-

28 810 33 819 “
73 792 266 877 γισάμενος,
289 797 337 869 τίς
357 786 406 856 οδν
423 790 507 874 πρὸς
524 791 679 870 οὕστινας
689 796 838 878 ἐπολέμει
845 843 854 876 ,
878 785 917 859 εὖ
928 796 1027 878 ἐβου-

74 890 214 958 λεύσατο
233 892 301 968 (δεῖ
320 886 384 973 γάρ
401 887 533 976 τάληθή
550 889 709 975 λέγειν)“
692 896 833 1011 ησυχίαν
850 897 950 978 ἔχειν,
971 893 1026 959 καὶ

72 989 260 1075 ἠγάπησεν,
284 997 318 1054 εί
324 1013 355 1053 τι
366 985 409 1106 μή
424 989 608 1075 προσλάβοι
620 1017 739 1057 καινον
749 1018 863 1058 κακον
877 993 1025 1071 ἐνταῦθα

73 1084 162 1172 δη
127 1113 189 1171 την
206 1085 314 1172 καλήν
332 1084 457 1172 ταύτην
474 1092 571 1172 νικην
583 1086 791 1174 νενικηκώςο
780 1086 1027 1174 ’Ἡγήσανδρος

20 1203 57 1256 65
74 1183 242 1253 άκονιτλ
212 1210 275 1270 ειχε
289 1182 370 1267 παρ’
376 1186 487 1274 ἕαυτφ
475 1191 671 1272 ’Τίμαρχον
686 1195 828 1255 τουτονί.
851 1190 905 1255 καὶ
922 1193 1025 1253 ταῦτα

73 1284 125 1354 ὅτι
136 1283 248 1373 άληθη
259 1287 353 1405 λέγω,
366 1285 489 1364 πάντες
500 1295 585 1353 ίστε·
598 1293 646 1364 τίς
656 1283 721 1371 γάρ
733 1283 830 1372 ὑμῶν
841 1284 882 1353 οά
895 1286 1025 1353 πώποτε

74 1390 268 1464 είςτοῠψον
290 1381 425 1467 νἰφίκται
443 1380 552 1450 καὶ
515 1410 575 1462 τας
593 1373 795 1501 δαπάνας
758 1411 816 1462 τας
839 1385 968 1452 τούτων
983 1381 1024 1451 οὐ
1045 1398 1081 1450 88

74 1483 300 1569 τεθεάρηκενς
322 1477 345 1567 ή
361 1489 409 1559 τίς
426 1496 493 1560 τοῖς
509 1482 638 1550 τούτων
654 1482 776 1568 κώμοις
793 1484 848 1549 καί
870 1487 1025 1600 μοιχειαις

63 1576 317 1667 ’περιτυχων’
278 1607 341 1647 ουκ
358 1578 511 1667 ήχθέσθη
530 1578 614 1664 ὑπὲρ
631 1589 688 1665 τῆς
708 1578 891 1659 πόλεως;”
871 1606 1024 1679 ομως,
980 1579 1010 1645 δ’

74 1677 185 1766 ἐπειδή
206 1682 243 1747 έν
255 1683 453 1767 δικαστηρίω
466 1678 581 1764 ἐσμεν,
599 1679 693 1744 κάλει
704 1703 760 1763 μοι
771 1674 1003 1745 Γλαύκωνα
967 1704 1025 1745 του

75 1783 249 1863 Χολαργέα
266 1775 325 1843 τόν
343 1773 552 1861 α’φελόμενου
569 1802 584 1842 ε
586 1775 865 1861 ίςέλευθεριαν
831 1803 891 1843 τον
902 1777 1026 1843 Πιττά-

75 1885 196 1960 λακον,
210 1877 265 1941 καὶ
275 1875 333 1952 τάς
346 1877 456 1957 ἑτέρας
467 1883 648 1985 μαρτυρίας
660 1873 895 1961 άναγίγνωσκε.

431 2013 677 2076 ΜΑΡΤΤΡΙΑΙ
756 2066 763 2074 .

23 2122 61 2175 66
148 2113 335 2190 [Μαρτυρεῖ
348 2104 494 2169 Γλαύκων
513 2109 636 2207 Τιμαίου
654 2102 831 2208 Χολαργεύς.
855 2098 939 2189 ἐγώ
918 2102 1026 2208 αγόμε-

120 2216 173 2253 νον
191 2194 231 2265 εἰς
250 2186 416 2254 δουλείαν“
401 2186 459 2253 υπὸ
477 2186 682 2295 Ἡγησάνδρου
702 2189 891 2254 Πιττάλακον
909 2183 1026 2295 άφειλό-

70 2263 94 2283 Γ
120 2301 239 2356 μηνς
199 2278 239 2349 είς
257 2276 390 2358 έλευθερ
389 2300 435 2337 αν
460 2271 604 2360 χρόνφδ’
627 2275 750 2358 ὕστερον
764 2269 864 2337 έλθὼν
880 2271 958 2379 πρὸς
980 2275 1028 2355 ἐμὲ

119 2356 333 2432 Πιττάλακος’
316 2383 373 2465 εφη
384 2356 552 2462 βούλεσθαι
553 2356 787 2460 διαλυθῆναι
756 2385 791 2421 τα
802 2353 875 2461 πρὸς
880 2355 1028 2440 Ηγήσαν-

121 2449 208 2549 δρον,
229 2444 425 2546 προσπέμψας
442 2437 522 2528 αὐτῷ
540 2439 673 2525 άρασθαι
689 2439 732 2545 ήν
745 2467 774 2504 τε
791 2436 878 2515 αὐτὸς
898 2444 1027 2504 ένεκαλέ-
1047 2447 1082 2501 89

121 2548 190 2591 σατο
200 2524 409 2629 Ηγήσανδρον
420 2551 470 2588 και
461 2528 632 2629 Τίμαρχον
643 2527 694 2587 καὶ
710 2519 751 2606 ἣν
761 2521 1013 2606 Ηγήσανδρος
978 2551 1029 2606 της

72 2686 76 2695 Ι
121 2606 298 2686 δουλείας’
263 2608 367 2674 αυτόν·
385 2606 482 2672 καί”
447 2635 522 2672 ουτω
534 2605 722 2688 διελύθησαν.

442 2741 668 2801 ΜΑΡΤΤΡΙΑ.

160 2836 360 2944 Ἀμφισθένης
371 2847 519 2944 μαρτυρεῖ.
543 2833 637 2940 έγώ’
620 2840 764 2940 αγόμενον
776 2842 815 2913 είς
827 2833 986 2902 δουλείαν
971 2832 1029 2901 υπὸ

67 3007 73 3017 ”
114 2922 321 3126 Ἦγησάγφρου
334 2925 521 2986 Πιττάλακον
536 2917 737 3030 άφειλόμην
711 2948 751 2998 εις
769 2924 956 3006 ἐλευθερίαν,
979 2923 1030 2986 καί

119 3035 180 3071 ταε
181 3023 238 3089 ης

27 3165 61 3220 67
114 3145 300 3214 Οὐκοῦν
311 3145 420 3214 καῖ’
378 3145 480 3214 αυτὸν
492 3145 572 3232 ὑμίν
584 3145 757 3214 καλέσω
724 3174 784 3214 τον
789 3108 1029 3231 Ηγήσανδρον.

31 3252 228 3333 γέγραφα
247 3244 279 3312 δ’
298 3244 390 3335 αὐτῷ
407 3253 592 3331 μαρτυρίαν
610 3247 835 3333 κοσμιωτέραν
851 3241 944 3331 μὲν’”
923 3273 943 3330 η
955 3244 1030 3312 κατ’

79 3349 222 3430 ἐκεῖνον,
252 3354 359 3433 μικρῷ
382 3345 417 3412 66
439 3340 687 3429 σάφεστέρανή
709 3352 753 3434 τῷ
777 3344 943 3428 Μισγόλα.
967 3341 1030 3409 οὐκ

78 3443 190 3529 άγνοώ
204 3443 247 3526 δ’,
261 3443 311 3512 ὅτι
323 3444 495 3531 άπομεῖται
505 3446 560 3513 καὶ
570 3445 766 3536 ἐπιορκήσει.
786 3442 839 3510 διά
851 3451 885 3511 τί
891 3436 956 3511 οὖν
968 3441 1030 3508 αὐ-
