2340 3916
481 192 702 249 PRAEFATIO.
1043 198 1069 249 V

99 327 206 393 denno
243 325 344 391 editas
382 327 543 393 orationes
573 351 700 413 quoque
737 330 823 413 ipsas
858 331 943 414 typis
979 352 1069 397 man·

97 429 218 495 dandas
240 429 380 512 ouravit,
414 434 447 494 et
473 430 542 513 ipse
569 431 605 494 in
627 430 766 496 Bekkeri
793 431 983 516 plerumque
1004 433 1067 499 leo·

98 531 242 597 tionibus
278 530 460 615 acquievit,
493 553 596 615 pauca
628 533 774 598 mutavit.
828 532 1068 600 Turieenses

97 652 175 697 vero
198 631 336 696 editores
359 631 549 698 Baiterus
579 639 611 699 et
638 633 838 719 Sauppius
858 634 982 721 (Tum.)
1001 659 1068 703 ma·

98 755 241 821 gnopere
262 754 331 797 rem
357 741 603 819 promoverunt,
633 758 706 801 eum
728 736 874 801 certatim
896 736 975 801 loeis
998 759 1067 804 eor-

97 837 202 920 ruptis
233 835 373 900 medelas
402 842 593 920 quaererent
620 842 653 902 et
684 837 875 921 reperirent:
910 860 991 922 quae
1024 839 1066 905 ab

98 939 199 1003 altero
226 936 372 1021 profecta
397 938 529 1003 alterius
558 938 727 1005 adsensum
749 962 816 1004 non
839 940 998 1023 tulerunt,
1027 962 1066 1005 ea

97 1040 133 1103 in
159 1038 421 1105 adnotationibus
449 1041 598 1124 apposita
624 1062 743 1127 magno
777 1042 817 1106 ad
849 1040 1064 1106 emendandas

98 1141 260 1206 orationes
283 1141 468 1206 adiumento
491 1145 576 1206 sunt.

182 1241 244 1308 Sed
259 1243 354 1309 etiam
371 1243 427 1327 qui
441 1265 506 1308 non
529 1241 687 1309 ediderint
708 1244 767 1309 has
788 1247 950 1311 orationes
971 1246 1066 1311 multi

97 1344 199 1409 multa
211 1344 427 1409 contulerunt.
456 1343 598 1410 Nomine
610 1367 650 1410 ex
662 1347 716 1430 ais,
737 1369 874 1430 quorum
885 1348 986 1432 copiis
999 1348 1065 1412 iam
1146 1380 1151 1387 ·

97 1444 263 1511 Bekkerus
285 1468 361 1510 usus
382 1450 439 1531 est,
462 1446 814 1532 Valckenaerium,
837 1448 1064 1535 Luzabium,

97 1545 318 1612 Sluiterum
333 1546 420 1634 (Sl),
442 1570 579 1632 quorum
594 1549 748 1632 plurimas
763 1551 962 1615 coniecturas
976 1570 1065 1617 nuno

95 1649 131 1712 in
154 1649 353 1713 orationibus
375 1650 454 1733 ipsis
476 1650 622 1735 legimus,
668 1649 755 1726 Quos
777 1656 904 1716 secutus
927 1656 1065 1716 estnon

96 1749 222 1814 minore
241 1771 387 1815 successu
400 1773 495 1835 quem
507 1753 720 1817 coniectorem
733 1752 953 1816 felicissimum
965 1750 1065 1836 Saup-

96 1853 170 1936 pius
197 1853 361 1935 praedicat
388 1852 570 1917 Dobreus
597 1852 790 1937 Britannus,
826 1858 859 1918 et
890 1853 976 1937 apud
1003 1874 1065 1919 nos

94 1954 157 2018 Ad.
190 1952 417 2038 Emporias,
452 1954 541 2018 ouius
571 1958 604 2018 et
631 1954 732 2037 ipsius
761 1954 880 2039 scripta
908 1952 1065 2037 quaedam

94 2054 323 2120 Turioensibus
361 2055 536 2120 editoribus
575 2059 703 2139 praesto
746 2057 888 2122 fuerunt.
946 2056 1066 2122 Postea

95 2161 203 2222 sutem
219 2157 365 2241 quamvis
387 2156 479 2221 multi
501 2158 562 2222 viri
578 2157 663 2223 dooti
686 2158 722 2222 in
742 2158 909 2224 Andocide
931 2180 1063 2243 operam
1149 2162 1154 2169 '

96 2258 296 2343 collocarint,
311 2263 421 2322 tamen
435 2258 523 2323 haud
538 2281 638 2343 aeque
653 2260 792 2324 multum
806 2261 842 2324 in
858 2260 1064 2325 emendandis

95 2360 296 2425 orationibus
307 2359 555 2443 profectumest.
571 2360 746 2426 Meierus
762 2366 795 2426 et
805 2362 977 2427 Vaterno
992 2361 1064 2427 aliis

94 2461 281 2527 nominibus
302 2462 384 2526 bene
406 2461 445 2526 de
467 2461 634 2527 Andocide
656 2467 858 2546 meruerunt,
880 2467 982 2527 artem
1004 2463 1064 2527 ori-

92 2564 192 2628 tioam
207 2563 295 2628 ineo
311 2564 365 2627 vix
380 2564 606 2647 sequebantur.
636 2561 826 2628 Klotzius
848 2557 955 2628 autem
972 2563 1054 2650 (Kl.)

97 2666 155 2748 qui
170 2663 399 2729 Sohillerianae
422 2664 573 2729 editionis
596 2685 710 2729 oensor
731 2663 855 2728 exstitit
869 2662 916 2749 (J.
932 2662 964 2729 J.
981 2664 1064 2731 1835

95 2765 177 2830 XIII
198 2789 229 2850 p.
252 2766 349 2852 372),
371 2767 404 2830 id
425 2766 614 2850 praesertim
636 2765 703 2852 egit
729 2770 767 2830 ut
789 2765 1064 2850 corruptissimam

95 2888 256 2951 quamque
277 2867 450 2932 lectionem
471 2869 566 2933 enixo
587 2867 693 2933 studio
715 2867 917 2952 defenderes
938 2890 1011 2933 raro
1026 2872 1064 2933 ut

92 2973 180 3034 reete
202 2975 235 3035 et
251 2990 406 3055 prospero
424 2991 571 3035 successu
588 2974 749 3036 tutaretur
764 2970 911 3055 contigit.
940 2968 1064 3056 Berg-

92 3072 182 3135 kius
204 3072 239 3135 iu
261 3072 399 3155 epistula
420 3072 460 3136 ad
476 3069 677 3154 Sebillernm,
701 3093 783 3155 quae
805 3071 904 3136 huius
927 3071 1062 3137 editioni

93 3173 245 3238 adiuncta
265 3174 383 3259 legitur
389 3224 398 3257 ‚
422 3173 509 3237 loeos
525 3173 679 3256 quosdam
701 3194 820 3257 paucos
836 3173 965 3259 egregie
985 3194 1062 3237 sane

91 3275 243 3338 tractavit
265 3274 509 3359 explicavitque.
553 3274 661 3339 Pauca
682 3279 758 3339 sunt
779 3273 937 3358 Oobeti,
969 3273 1063 3357 plura

91 3374 323 3462 Hirsohigii
339 3376 425 3461 (Hi.;
440 3375 559 3441 Philol.
577 3376 661 3442 1850
674 3400 705 3461 p.
717 3376 807 3461 318),
824 3374 879 3441 sed
890 3395 929 3439 ea
941 3396 1060 3458 nequa-

91 3499 190 3561 quam
205 3499 277 3542 eum
292 3478 337 3542 eis
353 3477 569 3562 comparanda
583 3499 664 3561 quae
680 3478 716 3541 in
729 3478 935 3561 Antiphonte
949 3481 1063 3560 postea
