2340 3916
130 179 173 243 46
491 177 711 230 εωΔοιωεον

131 338 252 426 ἠξίωσε
287 341 346 423 τῆς
373 335 554 406 Ἐπιλύκου
588 336 782 424 θυγατρός,
819 336 992 416 σκέψασθε
1028 343 1101 418 πῶς

132 443 290 526 γέγονεν,
312 440 370 506 καλ
394 441 466 517 πῶς
486 436 656 525 ἐποιήσατ’
677 437 799 506 αὐτόν’
828 443 937 507 ταύτα
955 439 1022 529 γάρ
1039 442 1098 507 καὶ

132 540 224 639 ἀξιον
254 540 416 626 ἀκούσαι,
448 530 474 607 ὦ
505 537 634 627 ἀνδρες.
684 555 787 626 γαμεῖ
815 538 878 627 μὲν
901 538 1098 628 Ἰσχομάχου

131 644 321 733 θυγατέρα·
347 642 455 730 ταύτῃ
475 639 513 709 δὲ
531 641 733 727 συνοικήσας
752 640 830 710 οὐδ’
860 643 1018 710 ἐνιαυτὸν
1036 643 1101 729 τὴν

130 745 257 834 μητέρα
282 742 388 830 αὐτῆς
415 749 530 829 ἔλαβε,
561 743 618 810 καὶ
644 743 791 833 συνῴκει
813 742 832 811 ὁ
858 742 997 811 πάντων
1023 764 1100 830 σχε-

130 846 310 926 τλιοίτατος
341 844 538 932 ἀνθρώπων
567 847 609 932 τῇ
640 846 741 932 μητρὶ
772 846 829 913 καί
860 848 903 934 τῇ
936 855 1101 934 θυγατρί,

133 948 243 1037 ίερεύς
261 944 309 1015 ἀν
335 949 394 1032 της
417 944 542 1033 μητρὸς
560 949 617 1014 καὶ
636 950 695 1033 τῆς
712 946 906 1037 θυγατρός,
933 949 991 1015 καλ
1010 945 1102 1034 εἶχεν

64 1060 112 1112 125
132 1051 168 1118 ἐν
185 1052 227 1137 τῇ
243 1056 335 1138 οἰκίη
350 1046 552 1137 ἀμφοτέρας.
580 1049 637 1116 καὶ
656 1039 756 1127 οὗτος
774 1047 837 1135 μὲν
856 1046 921 1116 ούκ
938 1047 1101 1138 ’ᾐσχύνθη

131 1148 208 1218 οὐδ’
238 1154 341 1219 ἔδεισε
358 1148 405 1217 τά
429 1149 515 1218 θεοί·
540 1149 560 1235 ἡ
587 1149 625 1218 δὲ
642 1152 704 1218 τοῦ
725 1148 923 1237 Ἰσχομάχου
941 1151 1101 1239 θυγάτηρ

129 1252 294 1320 τεθνάναι
307 1259 476 1339 νομίσασα
493 1258 680 1320 λυσιτελεῖν
692 1247 714 1339 ἣ
728 1254 786 1336 ζῆν
800 1250 916 1339 ὁρῶσα
925 1251 965 1319 τά
980 1253 1100 1339 γιγνό-

129 1379 232 1440 μενα,
256 1352 473 1441 ἀπαγχομένη
497 1351 622 1441 μεταξύ
641 1353 883 1440 κατεκωλύθη,
906 1355 965 1422 καὶ
985 1355 1099 1440 ἐπειδὴ

130 1453 273 1542 ἀνεβίω,
287 1453 466 1544 ἀποδρᾶσα
482 1458 518 1523 ἐκ
531 1457 590 1541 τῆς
605 1459 715 1533 οίκίας
731 1451 850 1546 ᾤχετο,
863 1456 921 1523 καλ
938 1455 1100 1542 ἐξήλασεν

130 1555 150 1642 ἡ
168 1556 276 1646 μήτηρ
293 1556 355 1643 τὴν
373 1556 559 1645 θυγατέρα.
587 1557 711 1642 ταύτης
731 1555 763 1624 δ’
785 1547 828 1624 αὖ
848 1557 1099 1644 διαπεπλησμέ-

128 1684 187 1737 νος
207 1659 341 1746 ἐξέβαλε
359 1660 416 1726 καὶ
434 1658 571 1746 ταύτην.
608 1656 680 1743 ἡδ’
708 1664 771 1745 ἔφη
790 1674 887 1726 κυεῖν
912 1659 945 1738 ἐξ
970 1656 1097 1727 αὐτοῦ·

128 1761 186 1829 καὶ
219 1760 331 1847 ἐπειδὴ
364 1766 475 1829 ἔτεκεν
501 1759 600 1845 υίόν,
633 1761 774 1848 ἔξαρνος
804 1749 848 1845 ἦν
873 1760 918 1847 μὴ
945 1757 1033 1827 εἶναι
1064 1763 1100 1841 ἐξ

61 1876 110 1924 116
130 1860 238 1931 αύτού
262 1862 301 1929 τὸ
328 1867 473 1931 παιδίον.
510 1861 670 1949 λαβόντες
696 1860 734 1930 δὲ
758 1865 794 1929 οί
809 1861 1037 1949 προσήκοντες
1054 1865 1099 1950 τῇ

128 1965 265 2048 γυναικὶ
280 1962 318 2031 τό
333 1967 471 2032 παιδίον
484 1952 567 2049 ἧκον
583 1964 638 2031 ἐπὶ
652 1960 712 2031 τὸν
726 1961 1099 2051 βωμόνἉπατουρίοις,

130 2070 261 2150 ἔχοντες
299 2070 442 2153 ίερεῑον,
483 2066 541 2132 καλ
578 2063 735 2133 ἐκέλευον
770 2064 1000 2153 κατάρξασθαι
1034 2065 1099 2133 τὸν

128 2172 292 2234 Καλλίαν.
329 2164 402 2234 ὁδ’
422 2164 538 2255 ηράτα
555 2173 649 2245 τίνος
667 2176 718 2253 εἴη
743 2165 781 2234 τὸ
799 2169 953 2236 παιδιον
980 2171 1099 2252 ἔλεγον

129 2274 307 2353 ,,Καλλίου
321 2271 383 2335 τοῦ
396 2266 626 2337 Ἱππονίκου.“
653 2267 797 2356 ,,έγω’ί
765 2294 780 2336 ε
796 2295 832 2355 μι
784 2257 959 2346 ί.οὗτος
962 2265 985 2300 “
1011 2265 1097 2337 “nal

128 2375 196 2437 ἔστι
225 2396 264 2454 γε
288 2369 350 2437 σὸν
381 2370 419 2437 τό
448 2368 620 2438 παιδίονί(
667 2368 852 2457 λαβόμενος
883 2371 945 2437 τού
976 2372 1098 2458 βωμού

127 2467 255 2559 ὤμοσεν
273 2498 294 2557 η
279 2461 378 2559 μὴν
401 2471 446 2559 μὴ
465 2470 555 2540 εἷναί
572 2464 638 2564 (οἱ)
661 2471 741 2539 υίόν
765 2467 871 2539 ἀλλον
894 2469 979 2558 μηδὲ
995 2471 1097 2556 γενέ-

126 2583 206 2641 σθαι
230 2572 383 2660 πώποτε,
407 2581 439 2642 εί
459 2573 505 2661 μὴ
526 2572 719 2641 Ἱππόνικον
744 2574 780 2640 έκ
805 2575 864 2658 τῆς
889 2572 1096 2653 Γλαύκωνος

126 2675 317 2763 θυγατρός·
343 2671 483 2761 ἢέξοίλη
503 2672 588 2743 εἶναι
606 2675 663 2742 καλ
681 2672 789 2742 αὐτόν
807 2675 865 2741 καὶ
887 2675 949 2760 τὴν
968 2679 1097 2761 οίκίαν,

61 2793 108 2841 127
130 2772 241 2864 ὥσπερ
257 2782 357 2844 ἔσται.
378 2775 460 2862 μετά
473 2779 582 2844 ταῦτα
596 2784 735 2862 τοίνυν,
755 2766 781 2843 ὦ
800 2772 940 2863 ἀνδρες,
959 2773 1095 2867 ύστέρςο

126 2877 227 2945 πάλιν
245 2876 357 2967 χρόνῳ
370 2880 428 2963 τῆς
442 2875 547 2965 γραός
564 2877 812 2965 τολμηροτάτης
825 2876 989 2962 γυναικός
1006 2875 1093 2965 ἀνη-

194 3108 251 3160 125.
270 3104 323 3157 τοῦ
343 3110 407 3156 ante
423 3099 486 3172 Ἱοχ.
508 3107 571 3158 add.
590 3108 636 3157 ΑΒ
655 3107 754 3157 Bk—
766 3099 958 3173 κατεκωλύθη
977 3123 1040 3158 cum
1052 3107 1095 3160 Sl.

124 3175 240 3253 scripsi·
257 3173 417 3241 κατεκλίθη
437 3124 597 3241 (κατελύθη
616 3175 689 3226 Bait.
708 3175 850 3254 Turr.J.—
816 3124 1013 3241 -ἀποδρᾶσα
1026 3176 1094 3226 Blm

123 3232 383 3376 unodlssogfwaeapm
397 3243 628 3365 κέῖἀιῐάιῧάόῐίοΚά,
645 3245 724 3364 ἀκάἀΐ
730 3257 910 3373 =Bvalembet
934 3309 1019 3360 etiam
1037 3327 1093 3376 mg.

124 3377 187 3431 AM
181 3393 249 3498 1ἀά
268 3379 403 3497 18ιάἀάἰῶ
385 3439 505 3508 ὕστερον
524 3460 553 3499 π.
560 3435 684 3526 χρόνῳ,
707 3446 780 3496 sicut
804 3446 893 3509 τελλ,
914 3448 1006 3496 10.-
972 3440 1095 3496 -υίὸν

106 3502 210 3561 αύτοιῑ
222 3504 682 3568 Βιιίτ.’1ὀοι..·υίὸναύτοῦ.-
