2340 3916
312 190 411 242 ΚΑΤΑ
429 189 766 245 ΔΡΙΣΤθΓΕΙΤΟΝΟΣ.
981 191 1025 255 49

56 349 118 437 μὲν
142 340 205 417 οὖν
229 347 469 436 ἐγγενήσεσθαι
497 348 663 436 βούλεσθε
692 349 894 420 δευσοποιὸν
924 352 961 420 ἐν
983 355 1024 443 τῇ

56 455 152 524 πόλει
179 461 360 544 πονηρίαν,
390 454 627 543 διαφυλάττειν
654 450 740 544 ύμάς
760 452 1024 546 Ἀριστογείτονα

58 567 123 648 δεῖ,
143 563 199 631 καὶ
217 564 276 629 ε’άν
296 558 315 629 ό
333 589 365 629 τι
383 556 427 630 ἂν
447 563 525 650 [τις]
545 561 706 651 βούληται
724 564 762 631 ἐν
781 566 819 652 τῇ
836 562 931 632 πόλει
950 571 1022 634 δια-

56 668 274 757 πράττεσθαι·
308 674 339 737 εἰ
365 667 402 737 δέ
429 665 508 749 τούς
535 666 706 758 πονηροὺς
734 670 789 738 καὶ
817 668 1023 759 καταράτους

57 772 262 864 ἀνθρώπους
285 788 422 862 μισεῖτε,
445 776 501 843 καὶ
520 780 611 843 ἔστιν
634 769 715 863 ύμῖν
734 771 817 865 ὀργή
836 777 891 845 καὶ
911 777 1022 866 μνήμη

56 885 124 950 τῶν
151 880 315 971 πρότερον
343 877 408 950 ὑπὸ
437 881 561 950 τούτου
588 883 844 971 πεπραγμένων,
873 878 1023 953 ἀποκτεί-

58 1014 137 1055 νατε
169 990 305 1072 τοῦτον,
343 983 379 1068 ὃς
409 984 488 1076 παρ’
519 982 686 1077 Ἁρπάλου
722 994 839 1075 λαβεῖν
874 988 1024 1079 χρήματα
1114 1058 1120 1069 ,

57 1094 251 1181 ἐτόλμησεν,
275 1090 316 1162 όν
335 1091 458 1182 ᾔσθεθ’
479 1090 574 1181 ήκειν
591 1094 867 1183 καταληψόμενον
883 1094 946 1184 τήν
964 1097 1023 1165 πό-

57 1208 110 1267 λιν
129 1196 239 1286 ὑμῶν,
262 1201 318 1269 καὶ
336 1197 395 1280 τάς
413 1200 597 1290 προφάσεις
619 1199 773 1282 καὶτοὺς
795 1201 1024 1291 φενακισμούς

56 1305 217 1388 ἐκκόψατε
245 1303 364 1375 αύτοῦ·
400 1307 533 1388 τούτοις
561 1304 625 1395 γάρ
652 1305 725 1394 ήκει
746 1309 913 1377 πιστεύων
941 1308 1024 1399 πρὸς

67 1407 75 1432 .
111 1415 125 1428 ,

56 1440 151 1500 υμας.

123 1509 192 1607 Ἆρ’
218 1527 286 1586 ῖστε
314 1515 365 1587 ὅτι
392 1522 451 1607 τῆς
473 1514 640 1609 Ἁρπάλου
668 1516 812 1606 ἀφιἙεως
840 1525 1060 1611 δυσγεροῦςσ

57 1621 162 1712 ούσης
185 1627 291 1693 έκεῖνο
315 1626 524 1718 συμβέβηκεν
548 1622 717 1713 εὐτύχημα
744 1628 784 1714 τή
806 1626 914 1711 πόλει,
938 1627 1025 1696 διότι

56 1746 176 1819 πεῖραν
196 1728 346 1819 εἰλήφατ’
368 1728 489 1821 άκριβή
508 1735 578 1799 τῶν
592 1728 677 1800 ἕνεκ’
695 1728 860 1821 ἀργυρίου
875 1734 930 1801 καὶ
944 1760 1024 1822 χρυ-

56 1843 133 1905 σίου
152 1837 260 1905 πάντα
278 1840 487 1927 προϊεμένων
504 1852 575 1919 τοῖς
591 1840 650 1925 τῆς
667 1836 794 1919 πόλεως
812 1840 960 1926 έχθροῖς;
979 1837 1023 1927 μή

55 1943 378 2034 καταρρᾳθυμήσητε
397 1935 423 2012 ὦ
440 1941 627 2032 Ἀθηναῖοι,
646 1939 724 2032 μηδ’
746 1939 904 2031 ἀπείπητε
926 1971 1024 2033 τιμω-

56 2050 216 2139 ρούμενοι
233 2048 313 2131 τοὺς
326 2050 506 2140 πονηρούς,
521 2047 588 2120 ἀλλ’
609 2051 827 2140 ἐκκαθάρατε,
844 2047 920 2120 καθ’
943 2048 1024 2121 ὅσον

57 2156 206 2225 δυνατόν
229 2159 313 2244 ἐστι,
336 2156 399 2245 τήν
422 2162 634 2248 δωροδοκίαν
658 2159 694 2226 ἐκ
716 2160 774 2244 τῆς
797 2157 932 2239 πόλεως.
969 2160 1024 2227 καὶ

56 2260 101 2350 μή
119 2266 188 2330 τῶν
206 2260 285 2353 παρ’
306 2266 389 2352 ίμοῦ
408 2263 519 2351 λόγων
534 2260 670 2333 ἀκούειν
685 2263 852 2352 ζητήσητε,
867 2268 1025 2355 φανεράν

56 2364 138 2456 ὑμῖν
162 2372 394 2458 γεγενημένων
416 2373 486 2440 τάν
513 2367 728 2458 ἀδικημάτων
755 2369 839 2439 κατά
862 2374 931 2439 τῶν
958 2366 1024 2439 ὑπὸ

55 2478 114 2562 της
136 2479 261 2563 βουλῆς
284 2473 582 2566 ἀποπεφασμένων.
619 2482 654 2545 τί
674 2474 737 2565 γδιρ
761 2473 911 2562 ἀγνοεῖτε
934 2474 979 2546 δι’
1007 2473 1063 2546 δυ

125 2683 149 2730 4.
184 2677 357 2735 δευσοποιὸν
379 2680 533 2750 πονηρίαν]
559 2683 597 2734 cf.
621 2683 653 2733 Β.
671 2681 703 2732 Α.
727 2682 790 2762 Iup·
810 2683 873 2745 2373
902 2681 981 2732 Suid.
1003 2698 1025 2736 s.

56 2764 84 2801 v.
104 2746 182 2800 δευσ.
195 2777 228 2785 -
246 2767 289 2810 τις
308 2753 406 2803 abesse
426 2751 487 2801 mal.
506 2751 560 2803 Bk.
580 2750 672 2802 Schm.
687 2774 718 2787 ·-
737 2741 847 2817 ησθεθ’
866 2750 936 2800 NmA
955 2750 1024 2802 Bk:

57 2807 195 2880 ήσθεσθ’.
213 2846 246 2854 -
264 2812 344 2883 ὑμῶν
362 2819 431 2870 NmA
448 2819 517 2872 Bk.:
537 2812 626 2885 ήμῶν.

125 2903 149 2951 5.
185 2893 282 2954 πάντα
300 2897 479 2984 προϊεμένων
497 2905 522 2955 N
539 2905 605 2956 Μαι
624 2908 737 2968 προῖεμ.
756 2896 862 2980 πάντα.
882 2888 919 2953 άν
938 2902 1026 2955 desid.

56 2969 142 3020 Dobr.
162 2995 195 3004 -
218 2963 401 3037 ἕκααθηρατε
421 2970 448 3022 S.
467 2998 499 3006 -
524 2965 656 3037 ζητήσετε
673 2970 705 3020 N.
724 2995 758 3006 -
780 2986 856 3021 κατα
879 2968 937 3023 τῶν
954 2972 980 3023 N
999 2976 1027 3023 et

58 3053 97 3101 pr.
117 3038 152 3087 A:
176 3028 208 3087 έκ
226 3036 282 3089 τάν
305 3041 328 3089 Α
347 3036 429 3090 corr.²
447 3054 473 3089 v.
510 3037 552 3089 cf.
570 3040 586 3100 ξ
605 3040 620 3089 7
639 3039 700 3088 init.
719 3039 735 3088 6
753 3038 827 3099 init.;
847 3040 873 3103 3,
891 3040 936 3097 20;
959 3041 982 3101 l,
1001 3040 1026 3089 6.

56 3132 89 3139 —
108 3095 164 3157 ὑπό
185 3120 245 3171 sup.
265 3122 337 3158 vers.
356 3106 421 3158 hab.
435 3105 472 3155 Ad
491 3121 508 3156 a
525 3122 566 3171 pr.
584 3122 620 3156 m.

124 3175 149 3222 6.
185 3174 253 3223 Post
279 3166 465 3240 άποπεφασμ,
493 3173 577 3238 vulgo
609 3173 801 3258 sequebantur¹
821 3173 902 3224 haee:
929 3161 947 3240 ἢ
976 3165 1027 3223 διά

57 3234 124 3300 τοὺς
143 3238 195 3292 τοῦ
217 3237 389 3307 κρινομένου
413 3242 464 3306 (ita
482 3241 532 3294 NA
550 3241 617 3291 Bk:
642 3260 659 3308 η
679 3232 728 3291 διά
752 3256 821 3300 τους
837 3233 1027 3321 κρινομένους

55 3310 94 3370 v.)
112 3301 273 3376 προγόνους
291 3307 341 3361 καὶ
361 3305 423 3373 (διά
441 3309 503 3363 εδδ.
519 3307 555 3372 Ν)
575 3300 628 3375 τὴν
651 3301 742 3360 αύτοῦ
765 3324 952 3374 μετριοτητοι,
976 3304 1026 3358 καὶ

57 3365 102 3427 ότι
115 3369 191 3441 ὑμᾶς
204 3369 295 3428 πολλά
313 3371 419 3442 (πολλά
433 3369 508 3442 ὑμᾶς
519 3376 554 3441 N)
572 3373 623 3428 καλ
641 3372 704 3449 ίδῖηι
723 3374 771 3429 καὶ
785 3374 912 3448 δημοσίᾳ
925 3366 1028 3444 ἀγαθά

60 3443 218 3510 εἴργασται,
239 3438 325 3508 ἄξιον
345 3441 434 3511 (ἔστιν
447 3445 508 3496 add.
521 3443 556 3507 N)
574 3437 667 3497 αότοίι
679 3443 856 3510 φείσασθαι,
876 3458 947 3511 quae
961 3442 1025 3494 coll.

61 3513 76 3573 ᾖ
95 3513 111 3562 8
130 3528 192 3563 cum
210 3513 261 3563 Bk.
281 3513 335 3565 del.
357 3514 434 3564 Turr.
453 3541 484 3548 —

99 3613 215 3644 DINARCHI
228 3613 264 3644 OB.
808 3599 824 3646 4
