2340 3916
153 183 215 248 118
569 173 697 226 ΙΣΑΙΟΤ
1020 174 1072 227 On.
1091 177 1117 230 9.

154 347 204 421 ὅτι
222 351 366 437 γένοιτο,
387 356 416 418 εί
431 345 477 438 μὴ
495 344 578 418 ἄνευ
595 348 664 416 τοῖν
680 352 815 416 οἰκείων
831 347 900 417 τῦν
918 348 1044 418 ἑαυτοῦ
1058 346 1118 431 τοὶς

156 447 319 536 διαθήκας
346 465 488 537 ποιοῖτο,
512 444 595 518 ἀλλὰ
618 450 750 538 πρῶτον
773 449 835 536 μὲν
858 463 1031 536 συγγενεῖς
1055 464 1120 520 πα-’

155 552 353 643 ρακαλέσας,
379 557 492 620 ἔπειτα
510 549 548 618 δὲ
564 545 732 638 φράτορας
749 551 805 619 καί
824 547 985 637 δημότας,
1004 555 1118 620 ἔπειτα

20 650 25 661 ’
63 658 66 662 ’
140 654 222 721 ,τοῖν
233 648 344 720 ἄλλων
356 653 553 738 ἐπιτηδείων
563 645 663 729 ὅσους
678 646 815 720 δύναιτο
827 657 1016 731 πλείστους·
1029 646 1118 720 οὕτω

152 750 216 843 γέιρ
235 761 302 820 είτε
319 749 401 821 κατοὶ
417 753 513 840 γένος
525 759 591 818 εἴτε
608 745 690 819 κατὰ
703 747 797 821 δόσιν
814 746 1039 839 οἷμφισβητοίη
1055 780 1117 840 τις,

19 926 22 930 ,
119 859 277 946 9βριδίως
296 847 338 921 ἂν
357 853 519 940 ἐλέγχοιτο
541 847 755 937 ψευδόμενος.
790 846 808 920 ὃ
833 859 950 922 τοίνυν
964 847 1118 941 Ἀστύφι-

154 963 210 1033 λος
228 949 331 1022 οῦδὲν
348 959 503 1040 φαίνεται
520 953 671 1021 τοιοῦτον
682 947 833 1039 ποιήσας,
851 947 934 1022 οῦδὲ
950 973 1118 1042 παραστη·

154 1052 294 1142 σύμενος
318 1048 444 1124 ούδέυα
466 1049 595 1122 τούτων
617 1047 673 1121 ὅτε
697 1053 827 1122 διέθετο
850 1042 987 1123 δίοῦτοί
1000 1074 1118 1142 φασιν,

29 1157 32 1165 ’
84 1182 86 1185 ·
156 1161 187 1222 εί
207 1151 254 1243 μή
275 1179 323 1233 τις
349 1150 415 1244 ἄρα
435 1149 502 1224 ύπδ
525 1150 655 1222 τούτων
676 1153 848 1222 πέπεισται
864 1148 1040 1242 ὁμολογεῖν
1056 1180 1118 1224 πα-

155 1270 271 1345 ρεῖναι.
315 1249 415 1335 αύτός
439 1250 471 1323 δ’
494 1248 576 1342 ύμῖν
598 1251 724 1334 πάντας
747 1250 886 1335 τούτους
909 1258 1119 1347 μαρτυροῦν·

153 1382 211 1435 τας
228 1355 417 1444 παρέξομαι.

532 1568 741 1620 ΜΑΒΤΤΡΕΣ.

104 1777 137 1830 10
221 1757 318 1840 Ἴσως
335 1766 451 1829 τοίνυν
468 1759 586 1827 Κλέων
603 1752 721 1828 οῦτοσί
735 1778 838 1847 φησιν
850 1754 914 1828 οῦκ
931 1756 1018 1842 είκδς
1031 1760 1116 1832 εἶναι

153 1867 340 1951 τεκμηρίοις
369 1855 454 1947 ῦμοῖς
483 1855 670 1948 χρήσασθαι
697 1856 826 1939 τούτοις
849 1875 917 1940 τοῖς
940 1859 1117 1953 μάρτυσιν,

153 1958 204 2031 ὅτι
221 1963 426 2051 μαρτυροῦσι
443 1957 488 2047 μὴ
502 1960 625 2028 εἰδέναι
640 1954 838 2048 Ἀστῦφιλον
854 1962 959 2031 ταῦτα
971 1964 1118 2052 διατνδέ-

153 2089 265 2150 μενον.
309 2057 372 2146 έγοδ
399 2055 431 2127 δ’
456 2058 564 2146 οἶμαι,
589 2066 669 2149 περί
688 2087 728 2146 γε
751 2063 923 2147 διαθηκοῖν
940 2059 1042 2152 οῦσης
1059 2066 1118 2150 τῆς

154 2157 431 2249 ἀμφισβητήσεως
459 2161 515 2227 καὶ
544 2160 621 2249 περὶ
649 2163 711 2228 τοῦ
732 2164 918 2248 ποιηθῆναί
943 2189 1020 2232 τινα
1040 2160 1119 2233 υίόν

151 2257 354 2352 Ἁστυφίλμ,
376 2254 457 2347 ἡμῖν
480 2256 565 2328 πολύ
589 2262 804 2349 βεβαιοτέραν
828 2260 913 2330 εἶναι
930 2271 1118 2352 μαρτυρίαν

154 2355 197 2448 ἣν
218 2365 255 2429 οι*
278 2356 453 2447 ἀναγκαῖοι
482 2362 517 2428 οί
537 2362 668 2429 ἐκείνου
690 2362 766 2451 περὶ
787 2364 855 2429 τῦν
882 2368 1049 2450 μεγίστων
1072 2362 1118 2452 μή

154 2481 237 2548 φασι
249 2461 513 2550 παραγενέσθαι,
531 2463 657 2548 μᾶλλον
674 2454 696 2546 ἢ
713 2457 756 2547 ἣν
773 2466 807 2530 οί
816 2463 922 2550 μηδὲν
933 2460 1117 2552 προσήκον-

23 2618 24 2623 ,
105 2588 135 2638 11
155 2588 208 2641 τες
232 2564 437 2651 μαρτυροῦσι
460 2562 622 2651 παρεῖναι.
664 2563 720 2629 καὶ
745 2563 844 2652 ἐχρῆν
868 2558 920 2649 δ’,
939 2552 1117 2653 ῦῦνδρες,

155 2664 211 2731 καὶ
236 2658 339 2731 αύτδυ
363 2664 519 2750 Κλέωνα,
543 2658 588 2750 μὴ
607 2665 771 2731 δοκοῦντα
795 2661 880 2732 εἶναι
896 2659 1044 2752 ἠλίθιον,
1063 2661 1119 2734 ὅτε

155 2759 214 2830 τὸν
232 2757 315 2831 υίδν
325 2758 385 2831 τὸν
401 2760 522 2832 τούτου
535 2765 675 2831 ἐποιεῖτο
691 2757 884 2852 Ἀστύφιλος
901 2765 958 2833 καί
975 2761 1034 2845 τοὶς
1046 2769 1118 2834 δια·

154 2859 262 2948 θήκας
291 2863 479 2950 κατέλειπε,
507 2864 734 2951 παρακαλέσαι
758 2873 791 2932 εί
814 2866 854 2933 τέ
872 2892 947 2934 τινα
971 2867 1121 2952 συγγενῆ
1151 2933 1154 2939 .

33 3018 37 3023 .
157 2961 381 3050 ἐπιδημοῦντα
406 2966 601 3052 ἐγίγνωσκε,
630 2965 684 3032 καί
709 2961 786 3045 τοῦς
807 2961 944 3053 ἄλλους,
972 2959 1038 3059 ὅτῳ
1064 2973 1118 3055 έμ-

155 3059 264 3150 βραχύ
281 3088 343 3152 περ
361 3060 435 3152 ᾔδει
449 3058 648 3153 Ἀστύφιλον
665 3063 843 3153 χρώμενον.
884 3069 1033 3136 κωλύσω
1056 3067 1119 3155 μέν

154 3159 218 3252 γὰρ
235 3158 347 3244 οὐδεὶς
365 3161 469 3234 αῦτόν
487 3163 642 3253 ἐδύνατο,
661 3160 725 3234 ὅτι
745 3163 915 3255 ἐβούλετο,
941 3171 1061 3237 δοῦναι
1079 3165 1120 3236 τοὶ

157 3264 293 3332 ἑαυτοῦ
321 3263 427 3358 τούτῳ
457 3261 489 3334 δ’
515 3260 557 3336 δυ
580 3263 706 3354 μεγάλη
728 3273 895 3356 μαρτυρία
916 3257 974 3355 ἦν,
1002 3265 1054 3338 ὅτι
1076 3265 1118 3338 οῦ

106 3380 138 3432 12
155 3362 266 3456 λάθρᾳ
289 3368 396 3434 ταῦτα
419 3367 558 3435 διέθετο.
602 3373 649 3434 έτι
674 3360 724 3453 δ’,
749 3355 777 3434 ῦ
798 3363 935 3459 ἅνδρες,
961 3375 994 3438 εί
1014 3363 1118 3458 μένῦ

151 3459 345 3554 Ἀστῦφιλος
361 3467 490 3554 μηδένα
509 3464 663 3552 ἐβούλετο
682 3469 807 3536 είδέυαι
825 3464 874 3538 ὅτι
891 3465 950 3538 τόν
961 3473 1117 3550 Κλέωνος
