2316 3900
159 182 201 245 84
516 179 771 238 ΑΙΣΧΙΝΟΤ

160 349 237 428 φῶν
247 340 265 410 ὁ
277 338 473 426 Παιανιεὺς,
488 334 534 419 εἷς
545 347 613 406 τοῖν
626 344 733 424 φίλων
744 339 797 406 καί
811 339 950 424 ἑταίρων
962 346 1032 406 τοῖν
1043 339 1113 406 xoi-

91 459 143 514 252
159 467 272 528 ρητος,
294 443 425 508 ἐκπλεῖν
445 435 507 524 τήν
526 445 680 522 ταχίστην
700 433 868 522 Ἀντίοχον
890 436 951 504 τὸν
973 439 1027 504 έπῖ
1048 444 1113 504 τῶν

160 536 367 626 ὑπηρετικῶν
377 542 432 607 καί
443 543 548 622 ζητεῖν
559 533 619 603 τόν
630 535 814 621 στρατηγὸν
822 533 882 604 τὸν
894 538 946 604 ἐπὶ
957 545 999 626 τῇ
1010 537 1114 604 δυνά-

159 663 212 722 μει
222 639 431 723 τεταγμένον,
442 632 507 702 κάν
518 635 638 721 ἐντύχη
647 659 723 716 που,
733 634 879 720 φράζειν,
888 633 939 702 ὅτι
950 636 1114 720 θαυμάζει

159 733 177 802 ὁ
190 739 292 822 δῆμος
303 733 579 820 τοῐνἈθηναίων,
593 739 624 800 εί
633 740 796 812 Φίλιππος
806 733 867 819 μὲν
877 734 930 801 έπί
941 735 1114 820 Χερρόνη-

160 857 221 902 σον
237 831 300 919 τήν
316 831 504 920 Ἀθηναίων
521 832 713 918 πορεύεται,
731 829 902 918 Ἀθηναῖοι
914 832 951 900 δὲ
963 830 1045 901 οὐδὲ
1056 831 1113 900 τὸν

159 934 344 1023 στρατηγὸν
364 945 473 1003 ίσασιν
491 931 569 1002 οὐδὲ
588 931 650 1020 τήν
671 934 831 1018 δύναμιν,
854 929 898 1020 ήν
916 936 1111 1019 ἐξέπεμψαν,

159 1033 246 1102 ὅπου
257 1039 354 1102 ἐστιν.
388 1032 438 1101 ὅτι
450 1032 481 1100 δ’
497 1031 608 1118 ἀληθή
625 1038 725 1117 λέγω,
748 1030 911 1100 ἀκούσατε
928 1043 991 1101 τοῦ
1009 1041 1113 1120 ψηφί-

159 1155 279 1218 σματος
296 1135 350 1201 καί
368 1131 603 1218 ἀναμνήσθητε
619 1140 681 1198 τοῦ
697 1133 859 1217 πολέμου,
882 1134 937 1201 καὶ
948 1132 1011 1220 τήν
1023 1133 1112 1220 είρή-

158 1257 221 1314 νην
239 1231 316 1309 τους
332 1239 399 1297 τῶν
416 1229 761 1316 πολέμωνήγεμόνας,
784 1227 866 1296 ἀλλά
880 1229 924 1316 μή
936 1231 1017 1311 τούς
1034 1236 1112 1316 πρέ-

157 1335 247 1413 σβεις
258 1324 429 1394 ἀπαιτεῖτε.

517 1433 750 1494 ΨΗΦΙΣΜΑ.

243 1531 287 1594 Οί
295 1529 356 1611 μὲν
367 1529 475 1611 καιροί
486 1534 543 1612 τής
553 1527 681 1604 πόλεως
691 1533 836 1593 τοιοῦτοι
846 1519 952 1612 ἦσαν,
970 1529 1009 1595 έν
1021 1523 1070 1608 οἷς
1079 1532 1110 1595 οί
1125 1547 1151 1601 74

157 1627 230 1710 περὶ
251 1632 308 1710 τῆς
329 1624 461 1710 εἰρήνης
485 1627 638 1708 ἐγένοντο
661 1624 768 1709 λόγοι·
798 1621 1015 1710 ἀνιστάμενοι
1033 1626 1068 1694 δὲ
1082 1629 1113 1693 οί

88 1746 140 1801 253
157 1727 411 1808 συντεταγμένοι
424 1723 561 1809 ῥήτορες
573 1724 647 1804 περὶ
658 1722 720 1806 μὲν
738 1729 795 1808 τής
807 1728 969 1807 σωτηρίας
980 1732 1039 1808 τῆς
1051 1726 1111 1791 πό-

156 1831 237 1899 λεως
254 1818 354 1888 οὐδὲν
370 1823 558 1906 ἐνεχείρουν
583 1823 708 1904 λέγειν,
732 1816 932 1904 ἀποβλέπειν
955 1821 991 1889 δὲ
1011 1829 1058 1901 είς
1073 1821 1109 1889 τὰ

156 1920 346 2005 προπύλαια
363 1928 420 2005 τής
436 1917 649 2003 ἀκροπόλεως
666 1921 820 1984 ἐκέλευον
837 1915 922 2003 ἡμᾶς
940 1921 996 1986 καί
1008 1927 1066 2005 τής
1077 1923 1110 1986 έν

156 2027 320 2103 Σαλαμῖνι
331 2017 413 2101 πρὸς
425 2016 485 2085 τὸν
496 2021 633 2104 Πέρσην
649 2022 831 2102 ναυμαχίας
848 2025 1043 2104 μεμνῆσθαι
1060 2011 1111 2086 καί

156 2128 225 2186 τῶν
236 2120 354 2204 ια’φοιν
365 2125 434 2184 τῶν
447 2118 623 2201 προγόνων
634 2117 767 2184 καὶτῶν
777 2123 956 2199 τροπαίων.
992 2119 1056 2204 έγώ
1075 2120 1107 2188 δὲ
1119 2134 1145 2189 75

156 2214 314 2284 ἁπάντων
325 2215 387 2301 μὲν
398 2214 527 2282 τούτων
538 2220 623 2299 ἔφην
636 2219 706 2282 δεῖν
716 2224 922 2302 μεμνῆσθαι,
940 2228 1110 2304 μιμεῖσθαι

155 2317 266 2401 μέντοι
278 2311 338 2392 τὰς
348 2320 417 2380 τῶν
431 2313 608 2397 προγόνων
620 2311 805 2409 εὐβουλίας,
816 2312 856 2380 τά
869 2315 905 2382 δέ
917 2312 1109 2405 ἀμαρτήμα·

154 2441 194 2481 τα
206 2411 317 2481 αὐτῶν
335 2413 390 2479 καὶ
407 2409 468 2497 τήν
485 2410 625 2497 ἄκαιρον
645 2417 852 2497 φιλονεικίαν
870 2415 1108 2497 φυλάττεσθαι,

154 2513 215 2599 τήν
233 2513 294 2597 μὲν
310 2516 348 2581 ἐν
362 2519 540 2591 Πλαταιαῖς
557 2511 641 2596 πρὸς
663 2511 741 2589 τούς
757 2513 890 2596 Πέρσας
912 2520 1109 2600 πεζομαχίαν

155 2612 209 2678 καὶ
226 2610 304 2690 τούς
321 2610 453 2695 ἀγῶνας
469 2610 548 2690 τούς
566 2613 641 2693 περὶ
652 2617 827 2694 Σαλαμῖνα
845 2612 898 2676 καί
911 2609 975 2696 τήν
986 2615 1026 2679 έν
1033 2620 1109 2679 Μα-

87 2725 140 2779 254
156 2717 287 2795 ραθῶνι
306 2709 414 2794 μάχην
431 2712 486 2777 καὶ
502 2708 564 2795 τήν
582 2705 635 2776 ἐπ’
652 2706 840 2796 Ἀρτεμισίῳ
858 2719 1047 2795 ναυμαχίαν
1059 2711 1109 2778 καὶ

152 2808 215 2895 τήν
230 2814 396 2893 Τολμίδου
412 2815 532 2895 ζηλοῦν
543 2815 744 2894 στρατηγίαν
755 2808 919 2892 κελεύων,
939 2806 977 2889 ὃς
988 2818 1108 2896 χιλίους

153 2911 341 2985 ἐπιλέκτους
360 2911 444 2993 έχων
453 2905 642 2993 Ἀθηναίων
660 2905 715 2975 διά
735 2912 835 2994 μέσης
847 2912 1108 2996 Πελοποννήσου

153 3011 311 3090 πολεμίας
333 3003 435 3091 οὔσης
457 3005 563 3085 ἀδεῶς
585 3007 719 3094 διεξῄει,
742 3008 804 3092 τήν
826 3004 856 3074 δ’
882 3014 929 3086 είς
949 3015 1107 3078 Σικελίαν
1119 3020 1145 3077 ῖί

154 3111 327 3188 στρατείαν
360 3104 603 3190 φνλάττεσθαι,
635 3102 680 3190 ήν
707 3108 891 3190 ἐξέπεμψαν
919 3114 1108 3183 Λεοντίνοις

153 3206 379 3293 βοηθήσοντες
389 3216 456 3274 τῶν
468 3215 636 3293 πολεμίων
653 3208 905 3295 ἐμβεβληκότων
916 3216 964 3286 είς
974 3207 1037 3295 τήν
1045 3209 1107 3294 χιό-

40 3367 43 3374 ,
154 3333 218 3389 ραν
229 3303 326 3390 ήμοῖν
337 3308 392 3372 καί
404 3315 580 3386 Δεκελείας
593 3309 899 3392 ἐπιτετειχισμένης,
918 3310 973 3374 καὶ
987 3308 1047 3394 τήν
1057 3333 1107 3373 τε·

153 3410 308 3469 λεοταίαν
330 3401 492 3489 ἀβουλίαν
522 3406 751 3490 φυλάξασθαι,
782 3401 835 3471 ὅθ’
866 3402 1042 3491 ἡττημένοι
1064 3411 1105 3491 τῷ
