2340 3916
122 194 183 259 138
466 191 718 250 ΑΙΣΧΙΝΟΤ

123 357 205 440 πρὸς
216 363 309 422 θεῶν
321 353 381 422 τόν
399 359 533 437 πρῶτον
550 357 618 416 τῶν
635 347 801 432 τεττάρων
813 355 941 434 καιρῶν
951 345 995 434 μή
1010 354 1072 413 κα-

122 465 187 536 λῶς
199 455 302 522 αὐτὸν
319 459 587 521 πεπολιτεῦσθαι.
613 452 693 529 λέξω
712 451 748 516 δὲ
760 447 843 517 ὅθεν
854 447 995 534 μάλιστα
1006 470 1072 513 πα-

122 553 395 640 ρακολουθήσετε.

197 652 343 738 Ἔγραψε
363 647 569 732 Φιλοκράτης
587 650 704 725 ἐξεῖναι
722 653 875 735 Φιλίππῳ
895 649 994 728 δεῦρο
1011 645 1073 730 κή-
1092 654 1126 707 θλ

47 822 49 829 ,
123 777 209 834 ρυκα
221 752 276 818 καὶ
289 754 442 834 πρέσβεις
454 751 593 832 πέμπειν
605 747 680 828 περὶ
692 745 839 830 εἰρήνης·
851 751 948 812 τοῦτο
960 740 997 810 τὸ
1007 743 1073 828 ψή-

123 870 228 935 φισμα
247 847 373 933 ἐγράφη
389 844 602 929 παρανόμων.
628 834 714 927 ήκον
731 846 764 908 οἰ
773 850 829 928 της
844 848 982 926 κρίσεως
992 841 1073 925 χρό-

123 973 193 1014 νοι·
206 945 380 1032 κατηγόρει
391 945 451 1030 μἐν
462 951 606 1020 Λυκῖνος
618 938 635 1009 ὁ
647 942 869 1028 γραψάμενος,
881 939 1072 1027 άπελογεῑτο

125 1049 159 1114 δέ
182 1043 402 1128 Φιλοκράτης,
426 1049 679 1126 συναπελογεῖτο
702 1041 813 1108 δὲκαὶ
833 1045 1072 1126 Δημοσθένης·

124 1140 274 1225 ἀπέφυγε
296 1137 508 1223 Φιλοκράτης.
531 1138 611 1223 μετὰ
637 1143 739 1202 ταῦτα
761 1136 854 1223 ἐπήει
874 1134 992 1221 χρόνος
1010 1143 1074 1202 Θε-

53 1243 299 1325 451μιστοκλής
324 1234 449 1321 άρχοιν·
473 1232 610 1302 ἐνταῦθ’
637 1235 812 1320 εἰσέρχεται
828 1233 1009 1321 βουλευτής
1030 1239 1075 1312 εἰς

122 1335 158 1402 τὸ
177 1332 416 1420 βουλευτήριον
435 1338 673 1418 Δημοσθένης,
697 1329 775 1399 οὔτε
791 1331 902 1418 λαχών
918 1331 988 1401 οὔτ’
1003 1335 1075 1400 ἐπι-

123 1430 249 1516 λαχών,
264 1428 336 1497 ἀλλ’
349 1432 384 1496 ἐκ
398 1437 609 1516 παρασκευῆς
621 1430 816 1516 πριάμενος,
828 1427 875 1496 ἵν’
889 1438 935 1508 εἰς
945 1428 1075 1498 ὑποδο-

54 1542 106 1598 452
125 1526 187 1614 χήν
199 1527 328 1595 ἅπαντα
340 1529 394 1595 καὶ
406 1530 495 1613 λέγοι
506 1529 560 1595 καί
571 1526 707 1611 πράττοι
720 1529 925 1615 Φιλοκράτει,
939 1525 982 1607 ὡς
994 1524 1075 1594 ου’τδ
1087 1552 1102 1585 τ

124 1631 225 1706 ἐδειξε
242 1623 277 1695 τδ
297 1632 404 1712 ἔργον.
428 1634 507 1714 νικᾷ
523 1624 588 1711 γάρ
605 1627 719 1712 ἕτερον
731 1625 885 1712 ψήφισμα
904 1625 1071 1708 Φιλοκρά-
1093 1633 1126 1686 63

124 1752 196 1810 της,
215 1727 251 1792 ἐν
264 1715 429 1814 ςδκελεάει
440 1726 574 1792 ἑλέσθαι
585 1727 664 1791 δέκα
675 1727 843 1810 πρέσβεις,
865 1728 982 1802 οἵτινες
994 1719 1076 1808 άφι-

125 1825 261 1910 κόμενοι
274 1820 357 1905 πρὸς
368 1830 536 1890 Φίλιππον
552 1819 753 1901 ἀξιώσουσιν
766 1818 869 1889 αὐτὸν
881 1825 981 1903 δεῦρο
995 1826 1076 1904 πρέ-

126 1932 215 2011 σβεις
231 1922 477 2005 αὐτοκράτορας
494 1926 632 2007 πέμπειν
650 1919 734 2007 ὑπὲρ
752 1928 809 2006 τῆς
831 1919 970 2005 εἰρήνης.
994 1919 1076 1986 τού-

126 2048 192 2089 των
204 2017 248 2100 εἷς
258 2014 300 2108 ήν
309 2024 539 2107 Λημοσθένης.
552 2018 710 2088 κάκείθεν
720 2017 897 2104 ἐπανήκων
907 2018 1077 2102 ἐπαινέτης

125 2113 170 2205 ἦν
179 2127 236 2205 τῆς
248 2119 390 2204 εἰρήνης,
402 2121 456 2185 καὶ
468 2115 570 2185 ταύτά
580 2133 646 2195 τοῖς
657 2115 769 2195 ἄλλοις
780 2123 959 2203 πρέσβεσιν
967 2112 1078 2200 ιἰπήγ-

125 2224 237 2302 γελλε,
260 2219 314 2282 καὶ
331 2216 433 2300 μόνος
450 2223 518 2283 τολν
529 2214 639 2283 άλλων
650 2223 840 2301 βουλευτῶν
852 2220 974 2301 ἔγραψε
985 2223 1077 2281 σπεί-

57 2331 109 2386 453
131 2325 255 2384 σασθαι
274 2323 320 2406 τῷ
329 2313 450 2402 κήρυκι
461 2323 508 2404 τῷ
525 2313 589 2383 άπὸ
602 2324 663 2384 τοῦ
675 2322 842 2384 Φιλίππου
854 2318 909 2384 καὶ
919 2329 986 2394 τοίς
997 2319 1078 2399 πρέ-

126 2423 258 2502 σβεσιν,
282 2411 456 2482 άκόλοοθα
472 2415 614 2501 γράφων
632 2417 843 2499 Φιλοκράτει·
866 2412 956 2501 ὁμέν
967 2440 1003 2499 γε
1015 2411 1079 2500 τήν

125 2516 276 2592 ἐξουσίαν
309 2514 411 2580 ἐδωκε
433 2521 494 2580 τοῦ
510 2519 610 2598 δεῦρο
629 2514 757 2600 κήρυκα
767 2515 821 2581 καὶ
832 2515 983 2601 πρέσβεις
994 2516 1078 2598 πέμ-

125 2618 258 2693 πεσθαι,
272 2606 288 2675 ὁ
302 2611 338 2678 δέ
349 2619 390 2698 τή
401 2619 559 2700 πρεσβεία
577 2616 758 2680 σπένδεται.
778 2608 819 2678 τά
831 2612 867 2679 δὲ
881 2609 961 2697 μετά
974 2618 1079 2677 ταῦτα
1096 2630 1128 2681 64

125 2706 188 2793 ήδη
206 2733 262 2793 μοι
278 2709 410 2794 σφόδρα
427 2713 600 2796 προσέχετε
617 2710 677 2779 τὸν
702 2718 795 2780 νοῦν.
818 2710 991 2794 ἐπράττετο
1010 2709 1075 2794 γάρ

126 2802 167 2871 οὐ
186 2801 268 2886 πρὸς
285 2805 363 2883 τοὺς
382 2805 504 2886 άλλονς
519 2798 671 2895 πρέσβεις
689 2806 766 2887 τοὺς
778 2805 883 2876 πολλοὶ
902 2829 1077 2893 συκοφαν-

56 2923 110 2978 454
129 2907 289 2990 τηθέντας
309 2903 451 2990 ὕστερον
473 2909 508 2973 ἐκ
532 2915 713 2994 μεταβολῆς
734 2904 799 2973 ὑπὸ
821 2909 1075 2993 Δημοσθένους,

127 3001 210 3070 άλλά
232 3001 315 3086 πρὸς
341 3005 550 3090 Φιλοκράτην
577 3009 632 3073 καὶ
654 3010 896 3092 Δημοσθένην,
931 3008 1075 3091 εἰκότως,

125 3099 203 3178 τούς
220 3099 287 3186 ἅμα
309 3105 370 3187 μὲν
391 3102 651 3190 πρεσβεύοντας,
677 3103 744 3189 άμα
766 3105 800 3172 δὲ
821 3103 861 3171 τά
884 3113 1076 3191 ψηφίσματα

126 3197 333 3284 γράφοντας,
357 3207 491 3281 πρῶτον
513 3201 574 3286 μέν
594 3199 684 3280 ὅπως
703 3200 747 3288 μή
772 3211 976 3289 περιμείνητε
998 3205 1077 3284 τοὺς

126 3303 293 3381 πρέσβεις,
317 3292 376 3372 οὓς
393 3288 450 3381 ήτε
469 3300 716 3385 ἐκπεπομφότες
734 3309 1003 3385 παρακαλοῦντες
1024 3305 1078 3370 ἐπί

128 3399 304 3479 Φίλιππον,
315 3399 370 3460 ἵνα
382 3393 426 3482 μή
438 3396 518 3480 μετά
530 3405 598 3462 τῶν
609 3395 719 3465 ἄλλων
729 3388 909 3476 Ἑλλήνων,
922 3396 995 3465 ἀλλ’
1009 3403 1076 3465 ἰδία
