2340 3916
292 230 864 288 ΠΕΡλΠΑΡΑΠΡΕΣΒΕΙΑΣ.
987 227 1047 291 101

99 399 135 460 έν
148 398 301 459 Φωκεῦσι
314 389 491 471 τυράννων
508 386 548 455 τοὶ
559 387 734 475 πράγματα
746 391 802 456 καὶ
815 400 963 460 καθεῖλε·
987 419 1049 459 κα-

99 491 260 576 τέστησαν
281 489 342 575 μὲν
369 487 435 573 γάρ
462 492 508 566 είς
528 484 589 573 τήν
610 485 716 574 άρχήν
737 489 959 575 τολμήσαντες
980 499 1049 559 τών

98 592 197 674 ίερών
209 586 384 674 χρημάτων
399 583 549 666 ἅψασθαι
561 589 616 653 καὶ
628 585 681 653 διά
701 591 805 666 ξένων
816 587 874 667 τάς
885 598 1048 669 πολιτείας

97 691 306 772 μετέστησαν,
319 685 553 770 κατελύθησαν
563 682 595 752 δ’
607 683 728 774 άπορίῳ
737 687 924 773 χρημάτων,
937 686 1047 774 ἐπειδή

31 800 82 854 132
98 784 436 872 κατεμισθοφόρησαν
454 783 494 852 τά
512 781 713 870 ὑπάρχοντα.
736 794 848 870 τρίτον
869 786 903 853 δ’
926 785 1048 865 αύτούς

98 892 253 952 καθεῖλεν
269 879 288 968 ἡ
307 898 373 961 τοίς
391 881 632 968 ἀπορουμένοις
643 887 875 970 στρατοπέδοις
890 886 1048 970 συνήθως

97 989 401 1065 παρακολουθοῦσα
412 981 534 1063 στάσις,
546 983 702 1064 τέταρτον
714 978 745 1049 δ’
757 980 777 1068 ή
791 989 963 1050 Φαλαίκου
973 986 1047 1062 περὶ

97 1089 165 1148 τών
190 1079 380 1165 μελλόντων
404 1084 540 1146 ἔσεσθαι
565 1078 769 1164 πραγμάτων
791 1078 918 1165 ἄγνοια.
944 1076 963 1166 ή
987 1083 1048 1165 μὲν

96 1178 161 1264 γάρ
179 1186 352 1246 Θετταλῶν
369 1179 423 1244 καὶ
445 1183 611 1243 Φιλίππου
634 1184 785 1260 στρατεία
806 1177 972 1263 πρόδηλος
994 1170 1047 1264 ήν,

98 1277 138 1344 οὐ
160 1285 271 1366 πολλῷ
294 1276 329 1345 δέ
345 1275 455 1366 χρόνῳ
472 1276 637 1361 πρότερον
654 1277 733 1360 πρὶν
749 1270 771 1361 ή
785 1276 847 1361 τήν
863 1274 946 1362 πρὸς
961 1272 1048 1361 ὑμᾶς

98 1376 233 1461 εἰρήνην
249 1377 407 1459 γενέσθαι
423 1377 574 1460 πρέσβεις
592 1374 675 1458 πρός
690 1372 775 1459 ὑμᾶς
792 1367 902 1461 ήλθον
922 1379 957 1442 ἐκ
970 1383 1047 1441 Φω-
1066 1391 1114 1448 301

99 1480 200 1561 κέων,
222 1484 363 1563 βοηθεῖν
380 1471 492 1552 αύτοίς
504 1474 695 1553 κελεύοντες
706 1477 760 1542 καλ
772 1476 1048 1561 ἐπαγγελλόμενοι

98 1575 311 1661 παραδώσειν
326 1567 501 1641 Ἀλπωνὸν
519 1576 572 1641 καὶ
586 1573 730 1658 Θρόνιον
747 1578 801 1642 καὶ
818 1580 981 1658 Νίκαιαν,
1008 1573 1048 1642 τὰ

26 1687 79 1742 133
99 1685 167 1743 τών
178 1675 336 1758 παρόδων
347 1682 414 1740 τών
433 1681 479 1753 είς
489 1673 604 1751 Πύλας
614 1680 716 1759 χωρία
728 1673 836 1759 κύρια.
860 1677 1049 1758 ψηφισαμέ-

99 1801 169 1841 νων
185 1772 217 1840 δ’
237 1771 334 1859 ύμών
345 1777 553 1858 παραδοῦναι
564 1778 720 1862 Προξένῳ
730 1780 777 1862 τῷ
788 1781 960 1862 στρατηγῷ
971 1771 1049 1850 τούς

99 1877 234 1952 Φωκέας
244 1879 345 1941 ταῦτα
355 1872 395 1939 τά
405 1879 507 1958 χωρία
518 1874 573 1940 καὶ
582 1873 786 1958 πεντήκοντα
797 1880 948 1959 πληροῦν
956 1870 1049 1955 τριή-

99 2002 167 2062 ρεις
185 1975 240 2042 καί
258 1972 335 2052 τούς
352 1977 444 2058 μέχρι
461 1972 638 2057 τριάκοντα
652 1976 706 2057 ἔτη
723 1971 901 2057 γεγονότας
919 1972 1047 2053 ἐξιέναι,

99 2072 172 2142 άντὶ
183 2081 243 2141 τοῦ
254 2078 462 2156 παραδοῦναι
477 2073 517 2139 τά
533 2079 635 2157 χωρία
646 2073 802 2159 Προξένῳ
813 2076 934 2157 ἔδησαν
946 2074 980 2137 οί
989 2070 1049 2136 τύ-

100 2173 306 2258 ραννοιτούς
322 2177 474 2259 πρέσβεις
491 2173 569 2250 τοὺς
580 2174 881 2257 ἐπαγγελλομένους
893 2168 974 2255 ὑμῖν
984 2192 1049 2236 πα-

101 2272 315 2356 ραδώσειντά
328 2270 553 2358 φυλακτήρια,
577 2273 631 2339 καὶ
648 2285 714 2350 τοῖς
726 2270 971 2355 σπονδοφόροις
982 2282 1049 2346 τοῖς
1067 2283 1119 2336 302

100 2370 157 2450 τάς
174 2372 434 2457 μυστηριώτιδας
454 2369 600 2450 σπονδάς
618 2374 855 2456 ἐπαγγέλλουσι
871 2371 969 2456 μόνοι
982 2377 1049 2434 τών

97 2470 262 2557 Ἑλλήνων
281 2478 407 2551 Φωκεῖς
425 2468 487 2538 ούκ
505 2472 706 2537 ἐσπείσαντο.
728 2473 781 2537 καὶ
792 2466 1049 2552 πάλινἉρχιδά-

101 2595 166 2654 μου
188 2577 247 2636 τοῦ
268 2571 431 2649 Λάκωνος
448 2567 719 2655 παραλαμβάνειν
740 2567 836 2646 όντος
858 2569 990 2653 ἑτοίμου
1009 2562 1049 2632 τά

101 2674 201 2753 χωρία
223 2670 276 2735 καὶ
299 2668 478 2754 φυλάττειν
500 2666 562 2736 οὐκ
579 2672 797 2754 ἐπείσθησαν,
824 2663 896 2734 ἀλλ’
915 2663 1050 2748 ἀπεκρί-

103 2791 204 2833 ναντο
224 2762 315 2856 αὐτῷ
332 2766 371 2835 τά
388 2775 445 2853 τής
464 2769 621 2855 Σπάρτης
633 2764 725 2834 δεινά
737 2767 879 2832 δεδιέναι
890 2764 945 2832 καὶ
957 2760 1001 2849 μή
1013 2758 1053 2828 τά

30 2875 84 2931 134
104 2862 183 2950 παρ’
203 2863 323 2944 αὐτοῖς.
356 2863 531 2933 κάνταῦθα
555 2864 649 2933 ούπω
674 2869 866 2932 διελέλυσθε
888 2868 1051 2950 Φιλίππῳ,
1070 2876 1123 2932 30³

104 2960 178 3029 ἄλλ’
197 2966 233 3028 ἐν
250 2973 290 3051 τῇ
307 2961 391 3052 αὐτή
408 2961 512 3049 ἡμέρᾳ
530 2971 607 3048 περί
620 2990 655 3031 τε
666 2972 723 3049 τῆς
736 2960 867 3048 είρήνης
879 2961 1054 3048 ἐβουλεύε-

104 3073 165 3129 σθε
177 3065 300 3149 καὶτῆς
317 3066 488 3149 ἐπιστολῆς
498 3062 636 3150 ἠκούετε
646 3072 704 3150 τῆς
714 3067 900 3146 Προξένου,
914 3060 966 3128 ότι
977 3069 1055 3127 Φω-

104 3177 171 3241 κείς
182 3160 223 3230 ού
235 3163 510 3249 παραδεδώκασιν
525 3161 614 3247 αὐτῷ
632 3162 672 3228 τά
690 3171 807 3248 χωρία,
831 3164 884 3229 καὶ
897 3164 929 3227 τί
938 3158 977 3226 τά
989 3184 1055 3243 μυ-

105 3263 221 3349 στήρια
244 3267 498 3351 ἐπαγγέλλοντες
520 3264 646 3350 μόνους
667 3270 736 3330 τών
760 3261 872 3331 άλλων
888 3260 1054 3346 Ἑλλήνων

105 3360 281 3449 ἀπέφηναν
301 3367 435 3441 Φωκέας
447 3361 488 3431 ού
501 3363 717 3448 δεδεγμένους
728 3359 786 3438 τάς
798 3358 958 3442 σπονδάς,
971 3357 1055 3424 ἀλλὰ

105 3464 160 3530 καί
171 3461 249 3541 τούς
260 3465 359 3549 δεῦρο
373 3463 576 3548 ἐληλυθότας
588 3463 740 3548 πρέσβεις
752 3458 931 3531 δεδεκότας.
957 3456 1006 3522 ότι
1020 3458 1053 3524 δὲ
