2340 3916
160 180 202 243 4‘2
378 220 381 225 -
507 184 757 242 ΑΙΣΧΙΝΟΥ

162 337 267 418 εὐθὺς
284 341 408 427 ἐκλήθη
427 352 591 424 πορνεῖον.
628 339 713 409 άστε
731 340 775 409 οὐ
793 342 898 412 πολλά
915 358 1054 429 πορνεῖα
1072 354 1111 432 τῇ

162 448 220 528 τῆς
231 441 378 526 πράξεως
391 438 538 529 εὐχερείᾳ
555 445 743 526 πεποίηκας.
777 441 821 527 μή
839 436 918 527 οὖν,
942 441 1030 511 ὅπου
1047 468 1112 512 πο-

162 539 195 607 τὲ
205 545 374 624 ἔπραττες,
386 538 508 624 ἐράτα,
521 535 588 607 άλλ’
602 536 646 617 άς
656 547 754 607 τοῦτο
767 540 808 607 οὐ
819 550 1015 631 πεποίηκας,
1026 542 1109 612 άπα-

162 645 273 724 λαγοῦ.

238 736 328 816 Ἥξει
345 735 389 821 δ’,
413 734 456 815 ὡς
472 741 575 821 ἔοικε,
597 739 652 804 καί
670 738 780 823 ἔτερος
797 739 895 826 λόγος
911 767 959 819 τις
970 738 1037 808 άπδ
1049 749 1112 808 τοῦ
1133 766 1152 815 ι’

54 920 56 925 Α
164 833 269 902 αὐτοῦ
291 842 453 920 σοφιστοῦ
475 840 698 920 συγκείμενος.
734 840 821 922 λέγει
840 838 921 927 γάρ,
945 837 989 918 ὡς
1010 838 1112 908 οὐδέν

162 939 251 1003 ἐστιν
264 931 466 1017 ἀδικώτερον
482 933 608 1019 φήμης,
631 930 770 1019 άγοραῖα
782 938 939 1023 τεκμήρια
953 941 1008 1005 καὶ
1025 963 1112 1005 παν-

163 1041 264 1112 τελεῖς
275 1029 450 1100 άκόλουθα
460 1040 506 1122 τῷ
518 1029 623 1098 αὑτοῦ
633 1038 694 1121 βίῳ
713 1034 943 1120 παρεχόμενος.
977 1043 1113 1121 πρῶτον

163 1134 225 1218 μὲν
242 1132 305 1217 γάρ
323 1130 385 1218 τήν
402 1135 439 1198 έν
449 1138 597 1220 Κολωνῷ
615 1138 788 1199 συνοικίαν
804 1132 866 1218 τήν
875 1134 1040 1220 Δήμωνος
1051 1161 1112 1202 κα,

164 1234 330 1317 λουμένην
347 1234 455 1316 ψευδῆ
471 1250 553 1316 φησι
570 1229 632 1316 τήν
649 1232 841 1316 ἐπωνυμίαν
854 1235 966 1316 ἔχειν’
988 1231 1029 1301 οά
1047 1232 1112 1318 γάρ

165 1328 248 1399 εἶναι
258 1330 437 1415 Δήμωνος·
460 1335 570 1397 ἔπειτα
580 1327 640 1396 τόν
648 1327 770 1415 Ἑρμῆν
781 1329 1041 1400 τὸνἉνδοκίδον
1051 1358 1094 1399 κα

166 1429 331 1514 λούμεναν
351 1425 631 1511 οόκἈνδοκίδον,
653 1425 721 1495 ἀλλ’
734 1434 892 1515 Αἰγηίδος
909 1438 1017 1517 φυλῆς
1029 1429 1114 1499 εἶναι

97 1548 148 1604 139
165 1526 333 1615 άνάθημα.
367 1531 552 1613 παραφέρει
570 1524 599 1593 δ’
614 1524 719 1594 αὐτόν
736 1530 773 1595 ἐν
792 1529 989 1615 σκάμματος
1007 1534 1109 1616 μέρει,
1133 1548 1170 1604 ιε

166 1627 210 1707 ὡς
220 1626 303 1715 ήδδς
315 1625 399 1714 άνήρ
413 1629 467 1694 καὶ
479 1627 553 1708 περὶ
564 1625 621 1704 τάς
632 1629 716 1703 ἰδίας
727 1626 894 1715 διατριβάς
905 1636 1045 1713 γελοῖος·
1060 1635 1115 1714 ,,εί

165 1728 271 1814 μήκαὶ
284 1725 338 1813 ἐμὲ
349 1729 401 1793 δεῖ
405 1730 437 1809 “‚
450 1724 562 1810 φησὶν,
575 1721 781 1809 ,ὑπακούειν
791 1738 859 1805 τοῖς
870 1722 978 1811 ὄχλοις
988 1722 1032 1812 μή
1040 1735 1114 1812 Λη·

166 1829 337 1914 μοσθένην
348 1825 573 1910 καλούμενον,
596 1820 679 1890 άλλά
689 1823 858 1906 Βάταλον,
884 1823 935 1891 ότι
946 1823 1070 1910 ταύτην
1081 1828 1113 1904 ἐξ

166 1925 431 2011 ὑποκορίσματος
442 1930 556 2008 τίτθης
566 1919 628 2007 τήν
640 1926 831 2007 ἐπωνυμίαν
842 1928 937 2007 ἒχω.“
966 1928 996 1989 εί
1005 1922 1040 1990 δὲ
1055 1929 1114 1991 Τί-

165 2048 287 2110 μαρχος
300 2019 419 2104 ωραῖος
430 2022 559 2104 ἐγένετο
576 2022 630 2086 καὶ
642 2017 823 2086 σκώπτεται
838 2027 878 2107 τῇ
889 2016 950 2087 τοῧ
960 2019 1114 2106 πράγμα-

165 2148 221 2199 τος
238 2124 378 2206 διαβολῇ
394 2118 449 2184 καὶ
465 2115 510 2202 μή
529 2130 597 2194 τοῖς
613 2114 719 2183 αὑτοῦ
737 2122 860 2203 ἔργοις,
884 2115 926 2186 οὐ
938 2119 1047 2203 δήπου
1059 2117 1113 2186 διὰ

166 2215 252 2286 τοῦτ’
265 2215 371 2283 αὐτόν
387 2235 468 2302 φησι
486 2217 556 2282 δεῖν
574 2223 730 2302 συμφορᾷ
750 2229 946 2300 περιπεσεῖν.
981 2213 1045 2300 ἐγώ
1063 2216 1110 2301 δὲ,
1134 2242 1164 2294 12

98 2396 101 2401 ῃ
168 2310 195 2382 ά
213 2315 447 2401 Δημόσθενες,
471 2314 545 2397 περὶ
561 2313 624 2398 μὲν
640 2320 707 2381 τῶν
724 2311 951 2400 ἀναθημάτων
972 2317 1114 2383 καὶτῶν

167 2420 261 2483 ocanni
264 2442 283 2481 v
293 2413 348 2481 καὶ
359 2419 427 2480 τῶν
444 2410 620 2498 κτημάτων
631 2414 685 2480 καὶ
697 2413 831 2480 πάντων
842 2413 926 2492 ὅλως
936 2422 1004 2481 ταῖν
1016 2411 1114 2500 άφά-

167 2541 238 2582 νων
249 2510 394 2590 πολλοὺς
405 2513 460 2579 καὶ
471 2509 705 2589 παντοδαποὺς
718 2512 773 2578 καὶ
790 2511 948 2580 οὐδέποτε
961 2513 1039 2590 τούς
1051 2512 1115 2581 αὐ-

166 2613 245 2694 τοδς
261 2611 374 2681 άκοάω
391 2611 512 2697 λόγους
531 2613 743 2697 λεγομένους·
768 2609 808 2678 οὐ
819 2612 884 2696 γάρ
902 2616 985 2678 είσιν
1002 2614 1039 2678 έν
1050 2610 1114 2677 αό-

167 2725 234 2789 τοῖς
246 2709 322 2779 οὔτε
334 2712 430 2776 καλαὶ
442 2707 519 2777 οὔτε
533 2712 662 2793 αἰσχραὶ
675 2708 817 2792 πράξεις,
830 2705 925 2775 ἄλλό
938 2709 1113 2790 προσαψά-

168 2834 266 2894 μενος
283 2804 396 2875 αάτνῐν
414 2811 469 2877 καὶ
486 2808 702 2894 παρατυχών,
731 2807 821 2886 ὅστις
844 2803 886 2875 άν
910 2801 948 2896 ή,
972 2806 1056 2876 κατά
1073 2807 1110 2877 τό

100 2924 151 2979 140
170 2907 311 2992 μέγεθος
321 2913 379 2992 τής
390 2903 496 2974 αὑτοῦ
508 2906 604 2992 δόξης
619 2907 722 2992 λόγον
738 2910 884 2992 παρέχει·
915 2907 989 2988 περὶ
1008 2905 1114 2974 δδτόν

168 3011 236 3072 τῶν
248 3002 440 3088 άνθράπων
450 3009 527 3090 βίον
539 3005 593 3071 καὶ
605 3002 663 3082 τάς
679 3003 812 3088 πράξεις
828 3001 973 3088 άψενδής
989 3029 1038 3081 τις
1048 3001 1113 3070 άπὸ

168 3101 378 3188 ταύτομάτου
389 3109 550 3168 πλανᾶται
562 3102 654 3188 φήμη
666 3100 749 3169 κατά
760 3102 822 3188 τήν
832 3100 940 3183 πόλιν,
952 3102 1007 3167 καὶ
1021 3105 1116 3186 διαγ-

167 3202 275 3287 γέλλει
291 3214 359 3278 τοῖς
375 3207 508 3278 πολλοῖς
523 3198 581 3278 τάς
598 3204 683 3279 ίδίας
704 3200 855 3286 πράξεις,
878 3199 982 3267 πολλά
1002 3197 1037 3265 δὲ
1059 3198 1114 3266 καὶ

167 3296 362 3384 μαντεύεται
378 3298 452 3381 περὶ
469 3304 537 3365 των
553 3298 744 3384 μελλόντων
761 3303 906 3365 ἔσεσθαι.
939 3298 994 3364 καὶ
1007 3294 1113 3374 οὕτως
1134 3326 1165 3377 χο

167 3397 302 3482 ἐναργές
313 3397 378 3462 ἐστι
391 3399 445 3463 καὶ
455 3394 498 3464 οὐ
509 3401 738 3483 πεπλασμένον
755 3394 775 3464 δ
792 3398 893 3482 λέγω,
918 3393 999 3464 ὥσθ’
1012 3392 1116 3482 εὑρή-
