2340 3916
50 200 78 251 p.
97 182 141 232 τι.
215 179 306 233 Πεει
322 178 399 231 νοτ
416 178 678 231 αιιτοετεετον
696 180 859 235 κλωεον.
977 191 1018 251 53

51 354 168 443 πρῶτα
191 354 245 421 ἐπὶ
267 348 307 421 τοὶ
324 348 553 438 Νικοστράτου
577 346 713 442 ᾄξαντες
736 342 833 422 οῦτοί
854 360 932 423 είσι·
952 366 1019 424 Χα-

53 450 171 575 ριῦδης
194 450 290 520 δὲ’
254 479 327 522 τοτε
339 451 404 573 μὲν
421 446 573 539 οῦδαμοῦ
589 447 902 541 ἧμφισβητησεν,”
878 476 1020 544 υστερον

54 548 154 623 6’
113 580 156 621 ου
180 549 283 641 μόνον
306 547 405 631 αῦτὸς
428 546 511 620 ἄλλα
535 550 645 620 καλ
611 581 648 620 το
668 554 761 620 ἐκ
720 581 777 639 της
796 556 927 641 ἑταίρας
945 582 1019 625 παι·

55 658 129 723 δίον
151 655 308 722 εἰσποιῶν
332 640 425 738 ἦλθε.
469 654 565 721 τοῦτο
593 648 626 720 δ’
656 642 696 739 ἦν
721 649 813 745 αὐτῷ
839 650 883 733 ὥς
911 649 929 742 6
953 660 1020 725 τω”ν

53 750 228 843 χρημάτων
251 750 527 841 κληρουομήσοντι
551 747 572 839 ἢ
594 750 630 821 τὸ
654 749 830 823 παιδίον’
810 750 911 823 αστόν
928 754 1020 843 ποιή·

54 874 154 923 σοντι.
196 850 395 941 αἰσθόμενος
420 854 456 921 δε·
479 843 593 922 καλ
551 881 647 933 ουτος
664 849 714 922 ὅτι
732 856 807 942 περὶ
826 858 887 923 τοῦ
903 858 1021 941 γένους

55 951 357 1043 ίλεγχθησοιτο,
320 982 381 1041 την
398 981 459 1042 μεν
475 982 535 1023 του
525 957 681 1023 παιδίου
698 950 944 1043 ἀμφισβήτησιν
961 982 1021 1024 πα

56 1056 212 1145 ρέλυσεν,
232 1057 340 1147 ἑαυτῷ
358 1055 395 1122 δὲ
413 1051 493 1122 κατὰ
512 1052 606 1124 δόσιν
623 1058 901 1178 παρακατέβαλεν.

126 1151 242 1244 Ἐχρῆν
259 1124 381 1242 μλῦ
337 1183 416 1235 ουν,
436 1183 462 1222 ω
450 1145 653 1243 ἅνδρες,’Ι
634 1178 723 1235 οστις
741 1184 824 1225 κατα
814 1155 932 1226 δόσιν
944 1186 1020 1245 χρη·
1040 1164 1070 1214 ll

54 1254 167 1343 ματων
188 1251 405 1343 ἀμφισβητῶν
427 1250 601 1343 ἡττηθείη,
625 1253 670 1343 μὴ
692 1254 774 1325 κατολ
796 1255 832 1325 τό
854 1261 946 1337 τέλος
970 1267 1021 1345 ζη·

55 1360 231 1444 μιοῦσθαι,
255 1351 327 1425 ἀλλ’
349 1351 440 1442 ἐφ’”
421 1379 483 1424 οσα
506 1382 567 1443 περ
585 1354 807 1444 ληγόμενος”
786 1384 855 1447 ηει,
878 1363 1022 1428 τοσαῦτα

56 1458 97 1545 τῇ
112 1454 206 1525 πόλει
223 1451 407 1525 ολποτίνειν
426 1452 512 1524 οῦτω
530 1454 592 1544 γάρ
611 1450 652 1525 ῦν
669 1453 749 1526 οὔθ’
768 1463 802 1527 οἱ
816 1456 911 1547 νόμοι
929 1486 1021 1527 κατε-

56 1560 242 1646 φρονοῦντο
257 1552 334 1625 οῦτε
346 1552 476 1642 τὰγένη
488 1550 654 1645 ὑβρίζετο,
673 1556 735 1643 πρὸ
750 1559 787 1626 δὲ
798 1557 926 1628 τούτων
942 1555 1020 1628 οὐδ’

56 1650 97 1726 ἂν
124 1659 192 1725 ταῖν
213 1654 407 1725 τεθνεώτων
435 1652 546 1736 οῦδελς
573 1655 804 1739 κατεψεύδετο.
847 1657 960 1745 ἐπειδὴ
985 1660 1023 1728 δὲ

56 1752 157 1825 ἅπασι
180 1758 235 1824 καὶ
257 1760 324 1825 τιῦυ
342 1752 524 1844 ἀλλοτρίων
541 1751 712 1844 ἁπάντων,
732 1754 811 1826 καθ’
830 1754 850 1827 6
866 1788 897 1826 τι
914 1755 956 1827 ίίν
973 1788 1023 1838 τις

56 1854 231 1945 βοῦληται,
254 1852 475 1945 ἀμφισβητεῖν
499 1859 640 1943 ἔξεστιν,
669 1851 755 1943 ῦμῦς
779 1856 840 1945 χρὴ
864 1862 940 1947 περὶ
964 1855 1022 1926 αῦ·

56 1961 124 2026 των
147 1952 192 2036 οῦς
215 1951 287 2025 οἷόν
310 1953 341 2024 τ’
361 1952 578 2044 ἀκριβέστατα
589 1955 754 2039 ,ἐξετάζειν
778 1960 833 2025 καὶ
852 1959 959 2046 μηδὲν
977 1966 1023 2039 είς

55 2052 136 2127 ὅσον
160 2054 310 2126 δύνασθε
333 2064 556 2146 παραλείπειν.
600 2059 636 2125 ἐν
658 2055 772 2144 μόναις
796 2059 833 2127 δὲ
860 2074 933 2139 ταῖς
956 2063 1023 2129 τοῖν
1041 2068 1074 2119 1²

57 2156 190 2248 κλήρων
213 2164 408 2244 εἰσαγωγαῖς
433 2163 526 2226 δοκεῖ
553 2185 607 2245 μοι
631 2155 810 2245 προσήκειν
838 2168 1024 2248 τεκμηρίοις

56 2262 181 2347 μᾶλλον
201 2253 223 2345 ἢ
245 2256 385 2346 μάρτυσι
407 2254 583 2326 πιστεῦειυ.
626 2260 702 2346 περὶ
725 2256 866 2345 μὲνγὰρ
884 2262 951 2329 των
968 2256 1024 2328 δίλ-

56 2368 126 2428 λων
153 2365 364 2447 συμβολαίων
392 2355 433 2427 06
462 2355 551 2428 πάνυ
580 2355 722 2445 χαλεπὸν
751 2354 828 2437 τοῦς
852 2356 891 2426 τολ
914 2362 1026 2445 ψευδῆ

56 2461 306 2549 μαρτυροῦντας
324 2460 482 2546 ἐλέγχειν·
501 2462 619 2541 ζῶντος
636 2455 698 2545 γὰρ
717 2460 771 2526 καὶ
789 2456 950 2545 παρόντος
966 2462 1027 2526 τοῦ

56 2557 240 2648 πράξαντος
269 2562 569 2648 καταμαρτυροῦσι·
600 2560 673 2643 περὶ
698 2558 735 2625 δὲ
757 2560 824 2625 των
855 2562 1027 2643 διαθηκῶν

57 2664 128 2740 πως
153 2656 195 2728 66
217 2687 266 2738 τις
289 2667 385 2746 γνοίη
407 2656 484 2740 τοῦς
508 2656 551 2747 μὴ
573 2654 703 2743 τάληθῆ
726 2659 897 2744 λέγοντας,
930 2664 959 2725 εί
982 2655 1027 2746 μὴ

56 2759 149 2831 πολνυ
166 2756 292 2848 μεγάλα
308 2757 349 2827 τολ
368 2762 568 2848 διαφέροντα
587 2768 654 2845 είη,
680 2752 784 2825 αὐτοῦ
801 2757 862 2845 μὲν
880 2754 960 2826 καθ’
986 2748 1028 2827 οῦ

56 2863 263 2951 μαρτυροῦσι
279 2863 477 2948 τεθνεῶτος,
502 2863 569 2928 των
588 2859 625 2927 δε
647 2861 820 2946 συγγευωυ
837 2859 1006 2946 μηδὲν
960 2888 1027 2927 των

57 2962 330 3051 πεπραγμένωνε
333 2959 468 3048 ίδότων,
488 2989 546 3028 του
535 2960 597 3061 δὲ
616 2962 749 3047 ἐλέγχου
761 2955 955 3047 μηδαμῦς’
936 2988 1026 3047 ακρι-

58 3066 142 3151 βοῦς
160 3063 375 3149 γιγνομένου;
400 3067 448 3129 ἔτι
473 3063 526 3147 δέ,
551 3089 576 3127 ω
565 3050 731 3148 ’ἄνδρες,
756 3061 811 3127 καλ
835 3062 902 3127 v6v
927 3065 1027 3128 διατι
1046 3072 1079 3125 13

58 3164 215 3251 θεμένων
232 3190 263 3230 οι
256 3162 396 3231 πολλοὶ
409 3157 489 3230 οῦδε
507 3114 639 3247 λέγουσι
650 3176 718 3239 τοις
736 3162 1030 3249 παραγιγνομένοις

62 3361 245 3491 διαθηκας,
280 3348 460 3452 μάρτυρας
475 3368 706 3451 παρίστανται,
736 3364 797 3428 τοῦ
826 3361 862 3427 δε
892 3317 1032 3445 συμβαί-

61 3462 179 3550 υουτῦς
198 3467 266 3532 ε’στι
284 3465 340 3532 καὶ
356 3478 578 3551 γραμματεῖον
596 3457 777 3547 τλλλαγηναι
802 3455 911 3528 καὶ’
874 3465 1032 3527 ταναντία
