2340 3916
163 209 204 273 82
519 211 773 268 ΑΙΣΧΙΝΟΤ

164 398 228 456 ραν
240 368 376 454 καιροὺς
387 370 545 453 λέγονται.
578 381 667 435 ποιεί
679 369 792 454 δέμον
803 367 864 455 τήν
883 375 1088 456 δημηγορίαν
1100 368 1118 438 ὁ

97 483 149 538 244
168 471 229 556 μὲν
240 469 423 555 κατήγορος
435 465 618 553 διαιρετήν,
642 463 679 532 τό
692 466 846 553 ψήφισμα
864 471 898 534 δέ
909 469 963 534 καί
975 465 1120 554 τάληθὲς

164 565 257 653 μίανὲ
279 567 390 650 λόγων
400 563 465 651 γάρ
476 564 520 650 μή
534 566 767 646 προτεθέντων
778 560 824 643 εἰς
834 561 896 651 τήν
906 563 1051 649 ὑστέραν
1062 569 1119 632 ἐκ-

163 671 319 753 κλησίαν,
342 673 410 731 τω”ν
429 664 464 732 δὲ
483 667 657 749 προέδρων
678 662 877 731 κωλυόντων
895 661 957 730 οὐκ
975 666 1055 749 ἐνήν
1070 671 1119 732 εἰ-

163 779 246 832 πεῖν.
279 770 313 831 τί
327 764 363 832 δέ
380 766 436 831 καί
451 762 672 850 βουλόμενος,
697 770 787 845 εἰπερ
804 761 907 830 ταύτά
920 762 1119 848 Φιλοκράτει

163 861 375 949 προειλόμην,
383 861 592 948 κατηγόρουν
603 861 664 946 μὲν
676 860 757 945 πρὸς
768 861 847 938 τούς
857 859 979 939 αὐτοὺς
990 858 1118 944 άκροα-

57 977 67 991 ’
163 960 222 1041 τάς
237 968 277 1048 τῇ
295 968 490 1048 προτεραίᾳ,
511 966 590 1045 μίαν
607 961 643 1028 δὲ
661 961 767 1027 νύκτα
787 961 949 1028 διαλιπών
969 961 1118 1046 συνηγό-

164 1085 265 1146 ρονν;
288 1059 411 1140 πότερα
424 1055 466 1135 ὡς
478 1055 576 1135 αὐτὸς
594 1053 816 1144 εόδοξήσωνή
832 1054 876 1136 ὡς
887 1061 1014 1126 ἐκείνον
1027 1055 1118 1143 νίφε-

164 1157 292 1243 λήσων;
325 1153 392 1223 ἀλλ’
405 1154 466 1222 οὐκ
485 1160 565 1242 ἐνήν
582 1153 753 1241 άμφότερα
774 1158 1023 1240 ἐξενέγκασθαι,
1047 1155 1115 1224 ἀλλ’

165 1254 230 1323 ὑπὸ
243 1253 378 1322 πάντων
390 1257 451 1340 μὲν
461 1264 640 1340 μισεῖσθαι,
653 1260 823 1339 περαίνειν
834 1258 870 1322 δέ
880 1260 994 1342 μηδέν.

250 1355 354 1422 Κάλει
367 1357 404 1422 δέ
413 1381 469 1440 μοι
480 1356 534 1422 καί
550 1351 735 1440 Ἀμύντορα
746 1351 807 1423 τόν
828 1356 952 1445 Ἐρχιᾶ,
984 1358 1038 1423 καί
1054 1356 1117 1442 τήν
1131 1385 1160 1440 6η

165 1460 350 1541 μαρτυρίαν
362 1451 544 1539 ἀνάγνωθι.
579 1451 619 1522 ὃν
630 1453 665 1521 δὲ
676 1455 801 1540 τρόπον
814 1458 1010 1540 γέγραπται,
1033 1480 1117 1539 προ-

164 1560 311 1622 διελθεῖν
322 1551 402 1638 ὑμῖν
412 1553 582 1640 βούλομαι.
611 1568 774 1639 μαρτυρεῖ
784 1551 953 1639 Ἀμύντωρ
965 1561 1116 1642 Αἰσχίνη,

164 1652 218 1720 ὅτε
235 1651 429 1738 ἐβουλεύετο
447 1649 464 1719 ὁ
484 1656 586 1738 δήμος
601 1654 675 1735 περὶ
692 1660 748 1736 τῆς
766 1659 949 1739 συμμαχίας
963 1661 1021 1739 τής
1033 1651 1117 1739 πρὸς

164 1759 331 1821 Φίλιππον
344 1749 426 1819 κατά
444 1751 480 1818 τό
494 1754 736 1837 Δημοσθένους
748 1750 901 1838 ψήφισμα
918 1755 955 1820 ἐν
966 1761 1006 1840 τή
1017 1749 1117 1819 ὑστέ-

164 1878 206 1938 ρᾳ
217 1861 284 1919 τῶν
292 1857 391 1919 δυοῖν
399 1854 591 1937 ἐκκλησιῶν,
604 1848 659 1918 ὅτε
670 1848 732 1917 οὐκ
744 1853 819 1938 ἐξήν
832 1856 1040 1938 δημηγορεῖν,
1055 1849 1117 1918 άλ-

97 1958 148 2012 245
164 1951 204 2016 λά
216 1949 255 2017 τά
267 1951 408 2035 περὶτῆς
421 1950 554 2036 εἰρήνης
571 1951 626 2017 καὶ
640 1956 823 2036 συμμαχίας
835 1956 1027 2035 ψηφίσματα
1040 1951 1116 2016 ἐπε-

163 2053 332 2132 ψηφίζετο,
342 2050 378 2112 ἐν
389 2044 492 2134 ταάτη
503 2056 544 2133 τή
555 2051 711 2136 ἐκκλησίᾳ
717 2052 942 2135 Δημοσθένην
953 2050 1115 2126 ἐπιδείξα-
1130 2069 1160 2123 σε

164 2154 246 2211 σθαι
265 2144 547 2231 παρακαθήμενον
569 2147 723 2232 ψήφισμα
743 2150 973 2233 γεγραμμένον
995 2149 1113 2236 ἐαυτῷ,

164 2237 253 2334 ἐφήδ
272 2247 492 2330 ἐπεγέγραπτο
511 2245 547 2314 τό
558 2250 802 2334 Δημοσθένους
819 2245 943 2333 ὄνομα,
966 2249 1021 2315 καί
1033 2245 1116 2314 άνα-

163 2353 362 2412 κοινοῦσθαι
373 2342 476 2413 αὐτόν
493 2343 600 2435 αὐτῷ,
623 2352 653 2413 εἰ
668 2350 715 2436 δῷ
727 2348 920 2431 ἐπιψηφίσαι
936 2359 1002 2424 τοῖς
1016 2350 1117 2430 προέ-

94 2460 145 2514 246
162 2448 267 2528 θροις,
280 2445 334 2511 καί
346 2442 438 2531 εἶναι,
448 2443 497 2531 ἐφ’
509 2442 558 2524 οἷς
569 2445 631 2532 τήν
642 2445 778 2531 εἰρήνην
790 2446 843 2511 καὶ
854 2444 916 2530 τήν
927 2450 1116 2529 συμμαχίαν

165 2549 287 2628 ἔγραψε
298 2555 482 2629 ποιεῖσθαι,
504 2547 556 2612 ἐπὶ
564 2559 632 2623 τοῖς
642 2543 771 2630 αὐτοῖς,
793 2541 840 2628 ἐφ’
854 2538 968 2627 οἷσπερ
987 2545 1116 2610 καίΦι-

164 2642 325 2726 λοκράτης
337 2644 519 2728 ἐγεγράφει.
551 2642 643 2710 κάλει
657 2647 694 2709 δέ
702 2668 758 2728 μοι
774 2640 956 2727 Ἀμύντορα
968 2639 1029 2709 τόν
1039 2637 1116 2725 Ἐρ-

163 2748 236 2829 χιά,
260 2741 314 2807 καί
325 2743 509 2827 ἐκκλήτευε,
523 2743 582 2810 ἐάν
592 2741 635 2827 μή
649 2746 732 2830 θέλη
745 2744 837 2828 δευρὶ
846 2755 1006 2828 παρεῖναι.

518 2848 759 2909 MAPTYPIA.

250 2942 315 3020 Τής
327 2935 387 3021 μὲν
399 2944 581 3022 μαρτυρίας
592 2937 771 3026 άκηκόατε,
786 2930 955 3023 εόάνδρες·
977 2955 1113 3010 σκοπεί-
1127 2970 1160 3025 ςς

161 3056 195 3097 τε
208 3024 260 3116 δη,
280 3030 401 3115 πότερα
412 3031 491 3120 ὑμῖν
509 3040 828 3124 δοκεῐΔημοσθένης
839 3041 920 3124 ἐμοῦ
930 3065 1116 3128 κατηγορη-

161 3131 253 3198 κέναι
271 3126 293 3216 ή
309 3130 508 3203 τούναντίον
524 3133 625 3215 αὐτὸς
644 3135 749 3204 αὑτοῦ
761 3139 813 3204 ἐπὶ
827 3146 875 3226 τῷ
885 3139 953 3225 ἐμῷ
964 3135 1113 3225 ὀνόματι.

162 3227 272 3316 ἐπειδή
294 3232 327 3298 δὲ
346 3233 400 3299 καί
419 3232 480 3318 τήν
497 3239 702 3321 δημηγορίαν
713 3262 779 3322 μου
790 3237 958 3323 διαβάλλει
970 3239 1024 3305 καὶ
1036 3239 1116 3317 τούς

163 3330 355 3412 εἰρημένους
373 3330 493 3416 λόγους
509 3335 560 3401 ἐπί
583 3333 623 3401 τά
639 3343 736 3420 χείρω
753 3340 962 3422 διεξέρχεται,
976 3334 1053 3409 ,οὔτ’
1072 3335 1117 3405 άν

92 3434 143 3488 247
162 3423 348 3514 άποδραίην
359 3429 427 3497 οὔτ’
438 3428 481 3498 άν
493 3442 559 3500 των
571 3431 632 3500 τότ’
647 3438 830 3520 εἰρημένων
841 3434 941 3503 οὐδὲν
952 3433 1116 3522 άρνησαί-
