2340 3916
144 184 211 245 XX
526 189 735 238 paturnelo.

230 353 391 412 Relicuum
407 357 498 412 estut
509 347 549 409 de
562 348 691 409 consilio
704 349 885 428 rationeque
900 347 992 407 huius
1005 347 1118 408 editio·

146 441 195 499 nis
217 439 322 517 paucis
346 456 507 516 exponam.
549 434 726 514 Numquam
745 453 843 512 usque
866 432 1011 494 adhunc
1034 433 1120 493 diem

147 531 292 603 quattuor
306 523 460 582 orationes
480 519 669 580 coniunctim
686 518 789 579 editae
807 527 887 592 sunt,
912 517 1119 596 singularum·

32 623 36 628 '
147 628 207 688 que
222 627 406 687 quamquam
420 605 517 666 maior
530 624 602 684 pars
618 604 716 665 doctis
732 602 994 682 diligentibusque
1008 623 1120 678 recenr

145 693 285 753 sionibus
295 693 421 753 minime
434 698 549 764 carent,
564 698 669 750 tamen
683 709 720 749 ea
731 708 811 768 quae
826 696 873 749 est
884 695 991 748 eontra
1001 688 1120 748 Demo-

145 779 287 839 sthenem
309 785 379 857 post
400 777 512 856 primas
535 775 688 835 editiones
702 775 779 833 miro
794 773 885 833 modo
900 774 1044 851 neglecta
1060 783 1120 834 est.

145 861 239 923 Adde
267 863 351 941 quod
377 862 469 921 huius
495 861 590 920 etiam
616 879 699 919 nova
725 859 901 938 fragmenta
922 859 1120 936 prodierunt,

146 947 290 1009 Parisina
312 947 459 1019 maxime,
484 964 564 1024 quae
578 944 696 1024 Eggeri
715 945 864 1024 principis
886 942 1011 1003 editoris
1027 964 1121 1023 prae·

147 1034 238 1112 cipua
265 1032 459 1112 benignitate
487 1031 590 1090 statim
622 1049 741 1090 mecum
774 1030 996 1089 communicata
1033 1037 1121 1090 sunt.

147 1117 242 1177 Volui
264 1125 380 1191 autem,
413 1115 517 1195 quoad
544 1116 609 1176 eius
637 1116 705 1175 sine
731 1114 943 1194 splendidiore
965 1123 1122 1193 apparatu

145 1202 213 1260 lieri
235 1211 365 1280 poterat,
388 1200 538 1261 librorum
558 1201 844 1278 manuscriptorum,
867 1207 975 1278 utpote
990 1207 1123 1279 propter

146 1287 300 1364 insignem
327 1286 544 1365 antiquitatem
572 1287 697 1363 cognitu
725 1284 986 1364 dignissimorum,
1024 1303 1123 1363 quam

146 1370 355 1430 fidelissimam
369 1371 536 1450 imaginem
551 1370 646 1429 oculis
661 1369 817 1431 subicere:
833 1387 895 1449 qua
910 1370 943 1428 in
958 1389 991 1430 re
1005 1368 1121 1430 biblio·

146 1455 237 1533 polae
272 1456 389 1533 insigni
421 1455 571 1514 facilitate
600 1462 631 1514 et
658 1456 801 1515 comitate
834 1456 959 1534 egregie
992 1454 1122 1515 adiutus

145 1559 222 1599 sum.
258 1539 371 1600 Adieci
393 1548 563 1601 ceterarum
583 1541 755 1600 orationum
773 1538 961 1619 fragmenta,
987 1538 1122 1621 Sauppii

148 1625 294 1699 editione,
318 1634 353 1685 ut
374 1646 432 1705 par
454 1632 533 1700 erat,
557 1624 617 1686 hac
639 1627 672 1684 in
693 1632 782 1705 parte
804 1625 1008 1686 fundamento
1030 1646 1120 1700 usus,

146 1728 248 1788 neque
270 1710 381 1770 inutile
401 1711 596 1789 ingratumve
619 1708 707 1783 duxi,
735 1711 833 1770 vitam
852 1709 1024 1790 Hyperidis
1048 1711 1122 1771 Plu·

146 1794 301 1855 taroheem
334 1795 511 1874 iudiciaque
538 1797 705 1875 praecipua
738 1804 878 1856 veterum
909 1797 1120 1875 praemittere.

146 1879 291 1959 Denique
314 1888 497 1960 apparatum
519 1881 669 1954 criticum,
695 1900 756 1959 quo
783 1882 867 1960 ipsas
893 1881 1048 1940 orationes
1072 1883 1120 1941 in-

146 1964 253 2037 struxi,
270 1983 363 2043 quam
376 1965 591 2025 brevissimum
606 1983 760 2044 quamque
773 1966 904 2025 maxime
920 1967 1121 2045 perspicuum

146 2047 278 2108 reddere
300 2049 420 2123 studui,
444 2049 578 2128 ideoque
601 2057 632 2108 et
647 2051 838 2110 coniecturas
853 2050 989 2110 viromm
1012 2051 1119 2113 docto-

146 2153 213 2191 rum
235 2153 299 2192 non
321 2136 388 2193 sine
410 2134 513 2212 aliquo
536 2134 657 2194 delectu
678 2135 822 2214 apposui,
845 2144 1009 2214 notasque,
1041 2155 1120 2215 quas

145 2217 248 2275 statim
270 2219 478 2297 explicaturus
500 2238 575 2290 sum,
600 2227 631 2278 et
651 2219 684 2277 in
701 2218 890 2280 orationihus
910 2229 941 2280 et
963 2221 996 2278 in
1019 2221 1119 2281 adno-

145 2303 264 2361 tatione
287 2302 467 2382 frequenter
488 2302 626 2362 adhibui.

230 2385 281 2445 De
309 2388 354 2447 eis
382 2396 486 2448 autem
512 2407 591 2467 quae
614 2407 696 2447 nova
717 2395 913 2448 accesserunt
933 2388 1121 2467 fragmentis

145 2469 223 2530 haec
243 2492 365 2533 moneo.
410 2471 594 2533 Orationum
615 2492 694 2552 quae
723 2473 757 2532 in
778 2473 944 2534 voluminis
965 2472 996 2532 Α
1018 2476 1121 2553 prima

146 2563 233 2634 parte
255 2559 441 2617 exstiterunt
462 2578 532 2619 cum
553 2558 593 2617 sit
615 2557 756 2618 condicio
770 2559 902 2618 maxime
922 2559 1118 2634 miserabilis,

145 2641 276 2718 quodvis
311 2643 461 2703 auxilium
497 2643 538 2702 ad
572 2643 803 2722 amplificandas
843 2644 988 2723 reliquias
1026 2645 1120 2705 nobis

145 2724 281 2786 oblatum
304 2729 474 2807 gratissimo
490 2729 593 2787 animo
609 2729 748 2807 accipere
764 2727 921 2788 debemus.
957 2729 1071 2807 Itaque
1087 2738 1120 2791 et

145 2809 398 2890 Babingtoniana
427 2814 614 2893 fragmenta,
645 2815 784 2892 quamvis
807 2814 935 2893 exigua,
966 2821 997 2874 et
1018 2817 1120 2894 magis

146 2896 239 2956 etiam
252 2896 395 2958 Parisina
416 2900 513 2958 multo
535 2897 685 2978 ampliora
706 2908 818 2978 magno
840 2900 875 2958 in
896 2898 954 2959 hac
977 2898 1120 2961 editione

146 2981 216 3039 usui
244 2982 381 3043 fuerunt.
432 2983 507 3056 illa,
536 3002 666 3062 quorum
699 2983 912 3064 apographum
949 2983 1120 3062 diligenter

146 3066 319 3126 confectum
341 3066 380 3126 ab
409 3069 476 3148 ipso
499 3068 697 3148 Bahingtone
725 3070 846 3148 accepi,
879 3077 946 3129 octo
968 3077 1041 3129 sunt
1060 3092 1119 3131 nu-

147 3169 245 3224 mero,
275 3172 292 3211 e
319 3152 430 3230 quihus
452 3173 549 3214 unum
574 3155 615 3216 ad
642 3154 900 3235 Lycophroneam
929 3155 1120 3234 pertinuisse

146 3234 283 3310 videtur3
319 3244 453 3298 ceterum
483 3241 543 3299 tria
578 3248 713 3312 tantum,
747 3259 827 3320 qnae
861 3240 1009 3300 orationis
1042 3261 1118 3302 con-

145 3325 194 3376 tra
221 3319 462 3383 Demosthenem
488 3332 575 3400 sunt,
606 3325 729 3386 relicuis
760 3326 829 3386 eius
857 3326 1005 3386 orationis
1032 3326 1118 3407 frag·

145 3404 257 3463 mentis
286 3406 412 3468 inserui.
462 3409 605 3489 Eggerus
633 3409 796 3472 duodecim
823 3412 940 3491 primae
967 3412 1118 3473 orationis

141 3487 318 3570 fragmenta
338 3494 590 3578 splendidissime
611 3495 720 3572 edidit,
741 3496 867 3557 tertium
887 3496 1039 3558 decimum
1060 3519 1118 3579 po·
