2340 3916
116 189 158 249 74
533 180 662 232 ΙΣΑΙΟΤ
771 211 774 215 -
979 182 1033 234 On.
1050 182 1078 234 0.

117 357 154 425 ἐν
180 357 239 445 μιᾷ
264 351 365 446 ψήφῳ
391 355 447 423 καὶ
474 355 525 423 ἕνλ
549 349 654 441 ιἰγυόνι
672 361 775 422 οίετοιι
792 348 960 441 νἰδελφοῦς
977 380 1078 425 κατα-

113 451 250 542 στήσειν
286 457 401 547 ἐκείνῃ
426 452 504 535 νοός
529 451 631 524 οὐδὲν
656 451 900 544 προσήκοντας,
936 456 992 524 καλ
1018 453 1078 526 τόν

116 559 240 646 κλήρου
257 551 451 626 ἀνεπίδικον
469 559 557 638 ἕξειν
574 551 684 644 αὐτός,
703 557 758 623 καλ
775 556 833 642 τής
851 550 999 644 ἀδελφῆς
1017 561 1077 644 τῆς

115 658 244 726 ἐκείνου
262 654 377 748 κύριος
394 653 607 744 γενήσεσθαι,
625 659 681 726 καὶ
693 652 755 744 τήν
769 652 936 744 διαθήκην
948 652 1077 747 όκυρον

76 771 96 823 ὃ
115 754 275 845 ποιήσειν.
311 761 444 828 πολλῶν
463 757 501 825 δέ
518 758 573 826 καλ
593 759 714 826 δεινοῖν
730 753 838 826 όντων
856 751 879 826 δι’
896 763 1077 848 διαμεμαρ-

112 856 257 948 τόρηκεν
279 854 493 949 Ἀνδροκλῆς,
526 852 618 927 τοῦτ’
648 853 729 927 αότό
763 860 894 948 πρῶτον
921 860 1076 943 ἐπιδείξω

45 1013 49 1019 .
112 953 211 1048 ὑμῖν,
239 953 282 1039 ὦς
301 959 431 1028 διέθετο
449 959 504 1027 καλ
523 955 696 1046 ἐποιήσατο
713 954 791 1028 υίδν
807 961 939 1029 τουτονὶ
956 963 1077 1049 Χαιρέ-

113 1080 262 1149 στρατον.
300 1056 414 1147 ἐπειδή
430 1055 494 1149 μάρ
511 1062 559 1151 τῷ
576 1056 797 1147 Φιλοκτήμονι
815 1062 850 1129 ἐκ
863 1060 925 1148 μὲν
941 1063 1000 1148 τής
1017 1089 1077 1148 γυ·

113 1157 227 1240 ναικὸς
245 1149 269 1248 ή
285 1158 428 1252 συνῴκει
446 1155 509 1229 οόκ
526 1150 570 1248 ήν
586 1165 722 1230 παιδίον
738 1155 857 1248 οὐδέν,
876 1163 1022 1256 πολέμου
1042 1158 1075 1230 δ’

113 1257 207 1341 όντος
226 1258 420 1331 ἐκινδύνευε
437 1263 493 1330 καλ
506 1259 625 1342 ίππεδς
637 1258 895 1352 στρατευόμενος
912 1264 969 1331 καὶ
986 1261 1077 1352 τριή-

113 1389 238 1452 ραρχος
256 1359 410 1442 πολλάκις
429 1365 592 1452 ἐκπλέων,
611 1365 724 1445 ἔδοξεν
736 1357 828 1454 αὐτῷ
839 1364 1021 1432 διαθέσθαι
1037 1361 1079 1432 τοὶ

113 1456 232 1550 αὖτοό,
259 1460 304 1552 μή
323 1470 446 1553 ἐρημον
471 1471 635 1554 καταλίπῃ
652 1461 712 1535 τόν
728 1462 837 1551 οἶκον,
866 1473 899 1532 εί
912 1492 943 1532 τι
961 1463 1075 1534 πόθοι.

76 1560 157 1634 6τώ
183 1564 246 1652 μὲν
271 1553 335 1636 οόν
352 1561 487 1661 ἀδελφοὶ
505 1561 611 1658 αὐτῷ,
639 1561 745 1654 όόπερ
764 1564 956 1653 ἐγενέσθην,
975 1562 1076 1654 ἄμφω

112 1660 233 1734 όιπαιδε
268 1664 539 1755 ἐτελευτησοίτην·
573 1682 649 1736 ταῖν
685 1666 723 1736 δέ
756 1661 922 1754 ἀδελφοῖν
946 1669 990 1756 τῇ
1015 1667 1077 1755 μὲν

113 1767 225 1858 ἑτέρᾳ,
252 1756 276 1856 ή
292 1761 310 1837 ὁ
327 1769 470 1858 Χαιρέας
487 1765 648 1860 συνῴκει,
675 1762 737 1836 οόκ
758 1756 802 1856 ήν
819 1762 921 1857 όὶρρεν
938 1773 1077 1838 παιδίον

112 1862 194 1936 οὐδὲ
221 1868 349 1954 ἐγένετο
375 1865 481 1938 πολλοὶ
498 1873 554 1956 ἔτη
571 1865 791 1957 συνοικούσῃ,
820 1870 856 1936 ἐκ
875 1868 912 1937 δέ
928 1871 988 1955 τής
1008 1870 1077 1937 ἑτέ-

113 1995 189 2056 ρας,
222 1957 247 2058 ή
277 1966 420 2062 συνῴκει
454 1967 685 2059 Φανόστρατος
715 1964 845 2056 οὑτοσί,
879 1966 984 2056 ήστην
1010 1966 1077 2039 νίοδ

114 2065 184 2136 δυό.
211 2065 341 2140 τούτων
356 2067 416 2140 τόν
433 2068 662 2160 πρεσβύτερον
678 2071 810 2141 τουτονί
827 2072 1077 2160 Χαιρέστρατον

77 2181 93 2229 7
112 2166 286 2257 ἐποιήσατο
312 2167 403 2240 υίόν·
430 2172 486 2239 καλ
513 2177 658 2260 ἔγραψεν
674 2167 780 2251 οὕτως
799 2173 835 2240 ἐν
854 2168 1018 2260 διαθήκῃ,
1046 2178 1078 2240 εί

111 2265 156 2356 μή
181 2271 310 2356 μένοιτο
337 2265 429 2363 αὐτῷ
453 2275 589 2341 παιδίον
615 2274 652 2340 ἐκ
675 2274 735 2359 τής
752 2269 927 2359 γυναικός,
954 2276 1078 2342 τοῦτον

110 2378 331 2461 κληρονομεῖν
356 2374 425 2442 τοῖν
451 2374 582 2465 ἑαυτοῦ,
626 2375 682 2442 καὶ
708 2369 771 2460 τήν
789 2369 957 2460 διαθήκην
979 2375 1076 2442 κατέ·

110 2481 191 2541 θετο
208 2468 298 2561 παρὰ
313 2476 362 2566 τῷ
377 2476 523 2562 κηδεστῇ
534 2475 671 2564 Χαιρέα,
689 2477 737 2565 τῷ
752 2470 814 2560 τήν
833 2475 949 2562 ἑτέραν
967 2469 1079 2544 αὐτοῦ

107 2567 261 2662 ἀδελφήν
287 2579 403 2664 ἔχοντι.
446 2575 502 2644 καὶ
528 2569 610 2663 ὑμῖν
626 2571 649 2661 ή
664 2601 701 2642 τε
721 2571 866 2662 διαθήκη
893 2569 976 2662 αὕτη
995 2571 1077 2647 οἶνα-

109 2673 341 2762 γνωσθήσεται
368 2677 424 2745 καὶ
452 2679 487 2745 ολ
517 2673 778 2765 παραγενόμενοι
812 2672 1076 2765 μαρτυρήσουσι.

110 2781 182 2842 Καί
195 2800 250 2862 μοι
267 2772 449 2863 ἀνάγνωθι.

381 2938 560 2992 ΔΙΑΘΗΚῊ.
589 2938 799 2990 ΜΑΡΤΤΡΕΣ.

76 3092 94 3143 8
146 3147 158 3170 .
183 3071 239 3157 Ὡς
257 3079 319 3167 μὲν
346 3080 476 3150 διίθετο
493 3082 550 3150 καὶ
569 3076 623 3168 ἐφ’
643 3075 694 3160 οἷς
711 3076 886 3167 ἐποιήσατο
904 3077 981 3152 υίόν
999 3086 1079 3153 τοῦ-

110 3207 181 3266 τον,
199 3174 374 3267 ἀκηκόατε·
393 3175 438 3262 ὦς
457 3177 491 3250 δ’
512 3177 584 3265 ἐξόν
602 3177 694 3272 αὐτῷ
704 3175 799 3249 ταῦτ’
819 3186 971 3272 ἔπραξεν,
990 3179 1080 3254 ὅθεν

112 3278 302 3351 δικαιότατα
317 3275 461 3371 ήγοῦμαι
477 3280 518 3352 τὰ
533 3277 659 3353 τοιαῦτ’
679 3279 764 3349 εἶναι
781 3280 979 3371 μανθάνειν,
998 3287 1079 3354 τοῦ-

110 3411 169 3453 τον
194 3377 275 3471 ὑμῖν
301 3379 403 3454 αὐτόν
426 3387 431 3472 Ι
455 3384 633 3473 παρέξομαι
668 3377 727 3451 τόν
760 3379 871 3471 νόμον.
925 3390 997 3454 Καί
1019 3411 1076 3474 μοι

110 3478 291 3571 ἀνάγνωθι.
