2340 3916
447 209 657 260 raannsmo.
990 200 1042 262 XI

68 367 223 428 Christum
250 367 444 427 saeculorum
468 371 675 430 monumentis
702 372 766 431 iota
793 371 922 450 longum
952 379 983 431 et
1012 386 1039 432 ει

68 452 294 533 diphthongum
316 472 441 532 prorsus
460 454 624 527 confundi,
649 474 752 534 neque
766 453 917 532 πολείτηε
938 457 1039 517 solum

68 547 99 598 et
113 537 230 611 νεικᾶν,
248 537 304 598 sed
320 539 412 597 etiam
426 533 469 613 ἰμί
485 538 626 618 adeoque
641 534 741 601 ἑετείν
756 541 790 599 in
811 542 939 619 privatis
955 550 1038 602 certe

66 621 231 702 Aegyptiis
247 621 360 683 libellis
375 642 527 703 persaepe
543 633 673 698 exstare,
698 623 732 685 id
753 625 837 703 quod
852 633 883 685 et
897 627 999 705 ipsum
1021 647 1038 686 e

66 708 291 788 pronuntiandi
313 709 433 768 ratione
455 709 668 788 repetendum,
693 729 774 790 quae
789 725 817 771 ει
832 710 1036 790 diphthongo,
1053 742 1060 769 ι

66 795 127 851 nisi
139 792 191 851 ubi
203 793 317 852 vocalis
336 793 559 873 insequebatur
572 790 657 871 (nam
669 789 884 871 Ἀλεξάνδρηα
896 803 927 857 et
939 789 1038 871 (αρα-

65 876 163 950 πιῆον
185 875 335 957 scribnnt)
359 880 424 937 iota
443 880 590 958 simplicis
611 880 726 939 vocalis
744 899 855 940 sonum
875 880 1036 941 tribuerat.

66 961 168 1021 Huius
184 964 306 1041 generis
328 963 362 1022 in
377 962 550 1043 Hyperidis
571 963 651 1024 libro
667 965 864 1045 reperiuntur
878 961 1037 1040 προδεδά-

65 1063 175 1126 sacrm,
190 1043 354 1127 μιρακίων,
370 1043 604 1128 ἐκλελιμμέναε,
619 1044 757 1128 μεικράε,
775 1047 931 1128 βέλτειον,
948 1044 1038 1126 ἀφει-

64 1129 193 1211 γμέναε,
216 1133 339 1213 aliaque
355 1133 495 1213 exempla
510 1135 631 1195 circiter
650 1135 770 1214 viginti.
808 1133 902 1213 Quod
922 1136 1038 1195 inistis

64 1217 177 1277 libellis
201 1219 293 1277 etiam
314 1235 330 1279 ε
353 1227 384 1278 et
405 1235 436 1296 η,
459 1235 478 1279 0
501 1227 533 1278 et
555 1236 592 1299 ur,
615 1238 683 1279 raro
710 1237 834 1298 quoque
856 1235 888 1281 οι
911 1229 983 1280 ctu
1007 1229 1037 1280 et

64 1303 243 1381 saepissime
265 1319 297 1363 ut
313 1311 344 1364 et
359 1320 375 1365 ε
390 1303 633 1378 confunduntur,
659 1323 764 1365 earum
783 1324 885 1365 rerum
905 1325 969 1364 non
985 1324 1037 1366 ex·
1138 1340 1141 1345 ·

64 1396 148 1446 stant
164 1387 224 1446 nisi
239 1407 395 1467 perpauca
406 1389 545 1468 vestigia,
561 1390 589 1448 si
600 1389 726 1468 quidem
740 1390 891 1469 scriptura
907 1405 1036 1452 ακουειν

64 1469 206 1533 κελευειν
234 1492 290 1551 pro
318 1467 448 1536 ἀκούειν
483 1471 535 1535 καὶ
561 1471 704 1537 κελεύειν
735 1474 811 1534 inde
839 1474 1035 1554 explicanda,

64 1558 148 1636 quod
168 1556 310 1617 librarius
330 1558 471 1618 voculam
485 1560 576 1619 istam
591 1554 628 1620 κέ
643 1558 875 1639 pronuntiabat.
904 1558 1038 1619 Videtur

63 1642 122 1702 hoc
143 1644 204 1701 iam
225 1651 299 1716 tum,
323 1644 356 1701 in
372 1642 518 1724 Aegypto
542 1651 634 1716 certe,
657 1645 749 1703 moris
765 1643 876 1716 fnisse,
900 1642 1036 1721 plebem·

64 1747 124 1805 que
141 1728 232 1786 etiam
247 1722 359 1799 ἀνύγω
374 1727 429 1806 pro
445 1725 569 1800 ἀνοίγω
587 1727 689 1788 dicere
703 1729 850 1806 coepisse,
868 1735 899 1787 et
914 1729 1036 1807 quanti·

63 1813 136 1869 tatis
158 1812 311 1870 vocalium
331 1813 482 1871 minorem
496 1813 648 1871 rationem
667 1811 827 1888 habuisse3
852 1821 988 1872 ceterum
1002 1813 1036 1872 ie

63 1915 189 1955 monere
217 1915 280 1954 non
310 1915 386 1974 opus
415 1904 475 1969 est,
512 1893 538 1957 Η
566 1896 701 1957 litteram
729 1898 900 1976 genuinum
926 1916 1035 1957 sonum

64 1981 118 2040 diu
141 1981 232 2039 etiam
254 1989 324 2058 post
348 1978 503 2040 Christum
525 1981 701 2042 retinuisse.

147 2066 197 2124 De
212 2063 383 2145 Hyperidis
399 2065 504 2126 codice
526 2065 586 2126 hoc
600 2085 724 2147 qnoque
740 2086 804 2126 non
820 2066 1033 2139 omittendum,

63 2160 218 2211 extremae
245 2151 367 2211 litterae
395 2152 660 2230 praepositionum
688 2147 724 2213 ἐν
753 2161 784 2212 et
810 2148 866 2213 εὺν
889 2152 922 2210 in
945 2172 1033 2211 voca·

62 2235 141 2294 bulis
170 2236 344 2313 compositis
376 2236 530 2315 legitimas
558 2237 744 2298 mutationes
778 2257 872 2317 saepe
898 2236 1034 2315 neglegi.

62 2320 327 2380 Pronuntiabatur
347 2322 416 2381 sine
433 2320 526 2382 dubio
548 2321 725 2397 ευγχωρεῖν
746 2330 777 2382 et
792 2317 1034 2400 ευλλαμβὰνειν,

61 2408 140 2464 sicut
160 2407 193 2464 in
209 2405 323 2465 Latina
343 2406 453 2484 lingua
474 2407 683 2484 „imperator“
707 2415 738 2466 et
752 2407 954 2481 „attollere“;
979 2405 1035 2465 sed

61 2488 281 2549 inscribendo
304 2491 358 2549 alii
380 2491 643 2569 praepositionem
670 2491 813 2569 sequenti
840 2490 963 2549 litterae
985 2510 1033 2549 ac-

61 2573 312 2644 commodabant,
336 2574 390 2632 alii
413 2575 581 2652 genuinam
602 2573 731 2633 formam
754 2576 783 2634 ei
805 2573 1034 2653 relinquebant.

60 2660 172 2736 Itaque
194 2657 245 2716 hic
266 2656 423 2731 librarius,
448 2677 633 2738 quamquam
655 2659 818 2738 aliquoties
841 2653 982 2734 ἔγκλημα
1005 2667 1035 2718 et

62 2740 228 2822 ευλλήψει,
250 2742 374 2821 saepius
397 2751 501 2803 tamen
523 2739 670 2805 ἑνκαλεῖν
692 2751 723 2803 et
739 2743 988 2819 ευνκατηγορεῖν
1004 2752 1035 2804 et

62 2825 223 2891 (υνλέξειν
245 2827 360 2901 scribit,
385 2829 478 2888 etiam
500 2824 773 2906 (υνεκευὰζεεθαι,
803 2829 837 2895 in
866 2848 926 2908 quo
949 2828 1035 2908 apud
1126 2866 1128 2870 ,

61 2935 126 2986 nos,
152 2915 231 2974 sicut
253 2913 287 2972 in
310 2914 433 2987 ceteris,
463 2912 562 2973 altera
589 2914 666 2973 ratio
693 2915 795 2976 evicit.
839 2912 1035 2974 Contrarium

60 2998 154 3076 plane
177 2998 290 3059 accidit
310 2999 344 3057 in
367 2993 403 3058 ἐκ
423 2999 662 3078 praepositione,
687 3017 780 3077 quam
801 3018 857 3058 nos
880 3012 1035 3077 sempera

62 3083 174 3155 littera,
199 3083 255 3143 sed
277 3082 449 3164 Hyperidis
470 3082 615 3144 librarius
637 3091 711 3144 ante
732 3084 763 3160 b,
785 3083 840 3143 ubi
862 3103 970 3146 revera
986 3080 1034 3142 so·

61 3187 119 3226 nus
148 3168 375 3242 emolliebatur,
406 3189 511 3230 aurem
539 3188 626 3229 suam
653 3177 775 3228 secutus
806 3177 837 3229 et
860 3168 1035 3247 exemplum

61 3252 225 3311 multorum
248 3272 284 3312 ea
307 3272 386 3331 quae
408 3263 455 3315 est
478 3251 498 3314 Γ
520 3262 698 3314 constanter
718 3252 833 3315 scribit.
877 3252 966 3314 Idem
988 3252 1033 3312 fe·

62 3339 152 3396 risset
167 3346 239 3396 ante
254 3333 278 3397 Β
295 3345 325 3396 et
341 3335 384 3415 M,
402 3340 504 3412 credo,
521 3340 547 3398 si
561 3340 624 3400 tale
640 3338 825 3399 vocabulum
839 3357 969 3418 usquam
985 3357 1032 3397 oc·

62 3431 212 3499 currerem
251 3417 470 3500 ἑκλελιμμέναι
497 3423 599 3484 semel'
619 3425 772 3504 totiesque
801 3418 1033 3497 ἑγλειπομένην

62 3508 224 3587 reperitur.
273 3507 371 3568 Porro
403 3504 427 3568 Ν
457 3504 686 3585 terraneam
717 3509 810 3590 quob
835 3508 957 3568 meam
976 3511 1059 3559 aare
