2340 3916
368 212 499 270 ΚΑΤΑ
530 212 796 269 TIMAPXOY.
1015 210 1058 273 39

110 372 305 459 Φιλωτάδην
317 368 378 438 τὸν
386 373 628 455 Κυδαθηναιᾶ,
654 370 713 435 ἕνα
724 378 791 437 τιδν
801 379 962 457 πολιτῶν,
974 370 1057 439 άπε-

111 470 275 553 λεόθερου
305 468 389 536 εἶναι
413 471 534 537 ἑαυτοῦ
562 469 616 535 καὶ
638 476 751 546 πείσας
779 465 1057 555 ἀποψηφίσασθαι

110 567 188 647 τοῦς
198 570 356 655 δημότας,
374 569 506 647 ἐπιστάς
516 575 555 655 τῇ
574 574 753 655 κατηγορίᾳ
764 570 816 636 ἐπὶ
826 577 888 635 τοῦ
899 574 1056 657 δικαστη-

110 676 185 751 ρίου
203 670 257 735 καὶ
269 667 382 754 λαβών
396 673 441 745 εἰς
451 664 512 752 τήν
530 669 650 733 ἑαυτοῦ
665 680 757 751 χεῖρα
773 665 812 733 τά
824 664 896 751 ίερά
908 669 962 735 καὶ
974 666 1056 753 ὀμό-

110 787 170 844 σας
181 768 225 851 μή
238 773 351 853 λαβεῖν
362 770 453 851 δῦρα
465 765 546 851 μηδὲ
556 764 734 851 λήψεσθαι,
742 766 796 831 καὶ
807 764 1056 850 έπομόσαςτοῦς

38 877 44 929 .“
58 875 93 925 15
112 862 246 946 ὁρκίους
257 862 583 944 θεοῦςκαὶέξάλειαν
597 859 952 953 αὑτηίέπαρασάμενος,
967 869 1056 950 εἰλη-

108 965 179 1045 φὼς
190 960 333 1048 ἠλέγχθη
346 960 434 1047 παρά
446 966 661 1029 Λευκωνίδου
677 969 739 1027 τοῦ
750 963 945 1030 Φιλωτάδου
959 968 1057 1048 κηδε-
1076 974 1125 1029 13⁸2

108 1068 190 1129 στοῦ
202 1058 254 1128 διά
272 1062 458 1148 Φιλήμονος
474 1067 535 1128 τοῦ
554 1058 735 1144 ὑποκριτοῦ
747 1069 851 1127 εῖκοσι
860 1068 959 1146 μνῦς,
971 1059 1011 1139 ῦς
1020 1064 1057 1128 ἐν

108 1158 330 1250 όλίγῳχρόνῳ
341 1158 613 1244 πρόςΦιλοξένην
622 1156 772 1244 άνήλωσε
781 1157 842 1246 τήν
853 1162 1057 1246 ἑταίραυ,καὶ

108 1256 282 1341 προῦδωκε
301 1257 360 1326 τὸν
378 1257 492 1344 άγωνα
505 1261 558 1324 καὶ
569 1258 629 1324 τόν
640 1256 743 1341 ὅρκον
761 1258 972 1345 ἐπιώρκησεν.
1007 1258 1057 1326 ὅτι

109 1353 1056 1443 δ’άληθήλέγω,κάλειμοιΦιλήμονατόνδόντατόα’ργόρι-

107 1482 148 1522 ον
163 1457 315 1547 Τιμάρχῳ
327 1458 602 1540 καὶΛευκωνίδην
612 1452 672 1523 τόν
678 1455 873 1523 Φιλωτάδου
884 1455 1055 1543 κηδεστήν,

107 1558 161 1621 καί
174 1563 241 1623 τῦν
254 1564 437 1642 συνθηκῶν
453 1554 628 1639 ἀνάγνωθι
651 1554 690 1620 τά
708 1551 908 1639 ἀντίγραφα,
930 1553 1005 1623 καθ’
1018 1553 1057 1634 ῦς

106 1653 168 1738 τήν
185 1663 307 1741 πρᾶσιν
323 1655 496 1740 ἐποιήσατο
514 1660 574 1719 τοῦ
595 1650 732 1736 άγωνος,

303 1758 562 1820 MAPTYPIAI.
607 1757 857 1818 ΣΤΝΘΗΚΑΙ.

40 1863 89 1914 116
192 1855 273 1937 Περὶ
284 1852 344 1939 μὲν
355 1846 419 1920 οῦν
431 1849 508 1927 τοῦς
520 1857 652 1928 πολίτας
669 1851 723 1917 καὶ
740 1847 818 1928 τοῦς
831 1856 975 1929 οἰκείους
986 1845 1055 1929 οἷος

107 1955 292 2038 γεγένηται,
311 1954 364 2018 καὶ
382 1949 444 2036 τήν
462 1949 619 2039 πατρῴαν
637 1946 754 2016 οῦσίαν
767 1945 810 2026 ῦς
821 1954 961 2033 αίσχρῦς
972 1946 1055 2035 άνή-

108 2057 210 2134 λωκε,
230 2050 284 2116 καὶ
295 2047 356 2134 τήν
369 2049 468 2133 ὕβριν
480 2048 540 2133 τήν
556 2052 601 2126 είς
611 2046 647 2115 τὸ
660 2049 781 2115 ἑαυτοῦ
792 2053 884 2134 σῶμα
897 2044 942 2126 ῦς
952 2045 1056 2131 ὑπερ-
1074 2072 1125 2126 133

108 2148 249 2232 εωρακε,
272 2147 415 2233 συνῇστε
438 2152 498 2232 μὲν
524 2150 579 2214 καί
603 2147 682 2229 πρὶν
708 2146 762 2232 ἐμὲ
779 2149 902 2232 λέγειν,
934 2151 1056 2227 [κανοῖς

108 2246 140 2312 δ’
150 2244 484 2332 ῦμάςῦπομιμνήσκει
496 2250 549 2313 καὶ
562 2243 660 2328 ὁπαρ’
669 2245 865 2331 έμοῦλόγος·
880 2246 941 2313 δύο
954 2248 992 2313 δέ
1000 2273 1056 2332 μοι

109 2353 165 2430 τῆς
181 2353 377 2430 κατηγορίας
393 2350 463 2429 εἴδη
483 2350 660 2429 λέλειπται,
684 2341 733 2430 ἐφ’
747 2341 795 2422 οἷς
811 2345 954 2428 ἐμαυτόν
971 2342 995 2410 τ’
1009 2352 1056 2414 εί·-

108 2458 183 2511 πεῖν
194 2443 331 2529 εὔχομαι
347 2458 415 2522 τοῖς
428 2454 519 2521 θεοῖς
531 2452 611 2509 πάσι
621 2445 675 2510 καὶ
686 2442 805 2520 πάσαις
818 2439 902 2524 ὑπὲρ
917 2451 974 2527 τῆς
993 2444 1055 2511 πό-

109 2551 189 2619 λεως
208 2539 252 2620 ὡς
269 2542 473 2629 προῄρημαι,
503 2539 588 2627 ὑμεῖς
604 2567 638 2607 τε
656 2547 839 2627 βουλοίμην
863 2536 906 2607 άν
924 2536 972 2618 οἷς
989 2542 1054 2628 έγιδ

110 2643 216 2724 μέλλω
234 2644 341 2724 λέγειν
359 2645 531 2725 προσέχειν
542 2639 601 2707 τόν
618 2646 703 2707 νοῦν
719 2640 772 2707 καὶ
784 2649 1054 2724 παρακολουθεῖν

38 2749 86 2802 117
109 2736 274 2824 εὐμαθῶς.
297 2737 407 2806 ἔστιδ’
422 2736 438 2807 ὁ
450 2740 510 2825 μὲν
522 2737 652 2823 πρῦτός
663 2765 719 2823 μοι
733 2739 831 2823 λόγος
842 2740 1055 2825 προδιήγησις

106 2845 163 2922 τῆς
184 2836 362 2922 άπολογιάς
384 2829 423 2923 ής
443 2837 556 2906 άκοῦω
579 2841 710 2924 μέλλειν
726 2844 918 2924 γίγνεσθαι,
940 2843 996 2905 ἵνα
1009 2840 1053 2926 μή

107 2943 204 3000 τοῦτο
215 2938 297 3019 ἐμοῦ
309 2936 553 3019 παραλιπόντος
563 2934 581 3003 ὁ
593 2934 651 3014 τάς
662 2944 729 3003 τῶν
747 2936 858 3021 λόγων
869 2940 983 3021 τέχνας
994 2965 1055 3004 κα-

106 3034 406 3118 τεπαγγελλόμενος
418 3033 496 3113 τοῦς
512 3039 608 3113 νέους
620 3035 789 3101 διδάσκειν
799 3032 909 3121 άπάτη
918 3037 982 3102 τινὶ
993 3060 1056 3102 πα-

109 3131 369 3216 ραλογισάμενος
386 3129 471 3217 ὑμᾶς
488 3130 648 3219 άφέληται
666 3131 702 3199 τό
714 3139 772 3218 τῆς
789 3132 916 3210 πόλεως
927 3136 1056 3218 συμφέ-

108 3255 176 3310 ρον.
211 3228 229 3296 ὁ
251 3234 287 3297 δὲ
313 3232 466 3315 δεύτερός
489 3235 562 3299 ἐστί
577 3258 633 3317 μοι
651 3232 748 3315 λόγος
767 3230 971 3315 παράκλησις
988 3239 1056 3298 τῶν

108 3335 252 3396 πολιτῶν
264 3327 349 3413 πρός
360 3328 491 3415 άρετήν.
526 3328 593 3412 ὁρῶ
606 3328 640 3396 δὲ
659 3327 804 3407 πολλοῦς
821 3333 882 3415 μὲν
892 3337 960 3396 τιῦν
971 3355 1055 3396 νεω-

109 3429 212 3506 τέρων
230 3430 493 3512 προσεστηκότας
511 3430 594 3509 πρὸς
609 3435 657 3516 τῷ
674 3434 887 3513 δικαστηρίω,
911 3424 1056 3505 πολλοῦς
