2340 3916
428 169 725 228 λΠυςΠΑςνιΑτιΑ.
1016 175 1068 240 77

173 338 225 403 68.
251 340 418 420 Μέμνημαι
440 342 476 406 δὲ
498 345 644 422 καὶπερὶ
666 349 724 410 τοῦ
746 349 802 424 τῆς
823 343 959 427 γνώμης
981 345 1060 414 ὀνό-
1093 372 1124 413 σε

88 445 189 505 ματος
217 425 318 493 εἰπὼν
347 427 393 492 ὡς
421 427 474 492 ἐπὶ
500 432 567 495 τῶν
595 430 744 497 παλαιῶν
773 431 808 496 έν
834 428 893 514 ίςῳ
921 431 986 496 εἴτε
1010 437 1061 513 τῷ

88 511 232 577 διανοίας
260 510 323 576 εἴτε
352 512 403 577 καὶ
430 511 611 595 έννοήςεως
637 514 769 591 ἐλέγετο
796 551 838 561 -
860 552 902 562 -
929 517 981 581 καὶ
1007 514 1060 580 Αἰ-

88 597 195 676 ςχίνης
217 597 254 662 δέ
275 597 355 663 κατὰ
376 598 490 663 τούςδε
512 599 531 663 ὁ
556 599 754 678 (μικρατικὸς
774 600 811 666 ἐν
832 606 878 684 τῷ
901 601 1060 680 Μιλτιάδῃ

88 682 168 747 κατὰ
189 682 227 745 τὸ
251 680 330 746 αὐτὸ
354 684 586 764 ςημαινόμενον
608 686 756 765 κέχρηται
783 691 830 770 τῷ
852 685 985 764 ὀνόματι
1008 687 1059 751 καὶ

87 767 159 831 Ὑπ.
183 766 218 832 ἐν
240 773 286 850 τῷ
301 767 369 831 κατ’
383 767 456 832 Αὐτ.
474 770 525 834 καὶ
540 769 642 836 ἄλλοι.
680 769 824 834 Galenus
839 767 905 834 vol.
921 768 1054 849 XVIII,

86 850 108 914 2
130 873 163 936 p.
187 850 250 915 656
273 873 322 935 sq.
344 850 455 916 Κίλλα.
1082 864 1085 868 ⁴

324 1002 424 1068 XIII.
461 1006 571 1074 ΠΡΟ(
592 1008 826 1073 ΔΑΜΙΠΠΟΝ.
1068 1020 1100 1065 Χῑ

173 1121 225 1186 69.
254 1119 457 1205 πρόςκλησις
488 1124 507 1204 ἡ
541 1125 586 1190 εἰς
621 1126 821 1206 δικαετήριον
850 1130 972 1208 κλῆςις,
1007 1127 1058 1191 καὶ
1071 1145 1097 1185 ⁷0

88 1204 383 1288 προςναλέσασθαι
409 1211 448 1274 τὸ
476 1211 712 1290 παραγγέλλειν
739 1211 784 1276 εἰς
811 1212 915 1290 δίκην·
946 1212 1058 1292 Δημο-

88 1292 200 1372 ςθένης
229 1292 265 1358 ἐν
292 1299 338 1377 τῷ
361 1296 514 1373 περὶτοῦ
537 1294 665 1373 Ἁγνίου
692 1297 828 1379 κλήρου,
857 1295 930 1361 Ὑπ.
953 1297 1057 1380 ἐντῷ

87 1378 172 1456 πρὸς
192 1376 380 1458 Δάμιππον.
424 1377 586 1464 Ηαεροεε.

402 1530 498 1596 XIV.
535 1531 743 1600 ΔΗΛΙΑΚΟΕ
1067 1551 1109 1596 x11

174 1650 226 1716 cf.
255 1651 352 1714 Dem.
382 1651 423 1715 de
452 1672 573 1715 corona
603 1654 624 1732 ξ
654 1651 730 1733 1343
767 1649 880 1733 Biogr.
912 1648 947 1712 X
975 1660 1057 1715 orat.

87 1760 121 1822 p.
146 1736 209 1801 849
231 1736 275 1819 F3
304 1735 458 1822 Apollon.
487 1735 555 1799 Vit.
578 1735 699 1800 Aesch.
728 1759 761 1821 p.
784 1735 848 1800 402
870 1735 921 1800 ed.
945 1737 1057 1818 turic.;

87 1822 246 1906 Hermog.
269 1820 324 1886 III
345 1844 377 1907 p.
400 1819 464 1883 219
485 1818 557 1902 W.;
581 1819 672 1885 Max.
695 1821 789 1884 Plan.
812 1820 844 1885 V
866 1843 898 1907 p.
916 1820 980 1885 482
1000 1819 1057 1886 W.

175 1906 225 1980 70,
250 1902 335 1980 Θεὸς
345 1903 410 1989 μὲν
421 1895 465 1988 ἦν
477 1901 532 1968 ἀεί
543 1941 586 1951 -
599 1941 637 1951 -
654 1905 786 1987 λέγεται
801 1904 864 1987 γὰρ
880 1902 943 1987 τήν
958 1903 1057 2005 ᾼηνεί
1072 1929 1097 1968 υ

87 1991 243 2056 κύουσαν
265 1986 345 2065 τούς
366 1991 489 2064 παῖδας
511 1989 550 2054 ἐκ
572 1985 657 2065 Διὸς
685 1990 892 2056 ἐλαύνεσθαι
912 1987 980 2055 ὑπο
1000 1994 1060 2073 τῆς

75 2075 187 2161 Ἥρας
208 2073 292 2141 κατὰ
313 2079 379 2159 γῆν
401 2074 457 2139 καί
480 2070 563 2138 κατὰ
583 2074 779 2139 θάλασσαν·
802 2073 867 2159 ἤδη
891 2075 929 2142 δὲ
951 2071 1059 2179 αὐτήν

86 2161 326 2246 βαρυνομένην
341 2159 397 2224 καὶ
420 2155 618 2241 ἀποροῦσαν
641 2159 688 2236 εἰς
702 2158 765 2243 τήν
778 2164 845 2244 γῆν
866 2161 984 2226 ἐλθεῖν
998 2183 1061 2243 την

86 2243 255 2350 ἡμετέραν
270 2243 327 2308 καί
342 2240 451 2308 ’λῦσαι
471 2239 534 2327 τήν
556 2243 666 2328 ζώνην
689 2244 728 2310 ἐν
750 2249 796 2332 τῷ
817 2244 910 2332 τόπῳ
933 2242 970 2321 ὃς
992 2249 1059 2309 νῦν

88 2335 232 2414 Ζωστηρ
255 2333 415 2393 καλεῖται.
460 2328 572 2393 Prima
592 2333 697 2396 verba
713 2332 820 2395 Anon.
845 2331 888 2396 ad
901 2330 1024 2395 Hermo
1051 2379 1058 2392 .

88 2414 158 2480 VII
180 2438 212 2500 p.
236 2415 299 2480 956
320 2423 405 2496 μου,
434 2414 558 2478 relicua
579 2415 669 2479 Max.
692 2415 785 2479 Plan.
808 2415 841 2480 V
887 2464 894 2478 .
917 2414 979 2479 481
1002 2352 1048 2479 VI

88 2538 133 2548 —
154 2498 280 2565 Eadem
301 2500 407 2584 magis
429 2500 528 2564 etiam
548 2499 686 2584 ἱυίοςεε,
710 2498 769 2564 sed
783 2437 930 2584 paulIum
945 2501 1059 2562 immu-

88 2586 168 2650 tatis
191 2585 301 2651 verbis
325 2585 460 2650 exhibet
480 2584 595 2648 Ioann.
619 2585 684 2650 sie.
706 2584 755 2649 VI
777 2608 809 2670 p.
825 2584 889 2649 210
912 2583 982 2648 W.:
1007 2586 1060 2649 λέ-

87 2691 179 2746 γεται
200 2673 262 2751 γὰρ
284 2673 341 2750 τὴν
364 2672 456 2750 Λητὼ
479 2670 617 2737 κύουςαν
640 2671 674 2735 ἐκ
688 2672 771 2735 Διὸς
792 2671 979 2735 ἐλαύνεςθαι
994 2669 1058 2734 ὑπὸ

89 2760 147 2834 τῆς
169 2757 271 2834 Ἥρας
292 2757 371 2822 κατὰ
393 2759 498 2822 πᾶςαν
524 2759 586 2835 γῆν
614 2776 649 2821 τε
674 2757 726 2820 καὶ
747 2755 905 2821 θάλαεςαν
928 2756 1059 2833 Ζηλοτυ-

90 2958 138 3010 καί
164 2957 354 3012 ταυτοκλέους
380 2958 462 3011 BOG.
492 2987 526 2996 -
555 2960 589 3011 68
615 2957 683 3010 κατ’
705 2957 777 3011 αὐτὸ
802 2956 956 3010 Διοκλέους
981 2958 1058 3022 libri3

88 3043 144 3081 em.
163 3027 190 3077 S.
220 3054 252 3063 —-
283 3029 315 3078 70
337 3029 425 3082 Anon.
449 3027 486 3078 ad
507 3027 639 3092 Hermog.
658 3028 712 3078 VH
733 3043 759 3091 p.
783 3028 834 3077 956
855 3031 928 3077 not.:
952 3024 1060 3089 ὁὙπ.,

90 3094 211 3159 ὁριςθείς
230 3093 399 3158 ἑγκωμιάςαι
421 3094 474 3146 τὸν
492 3093 625 3148 Ἀπόλλω
649 3094 694 3145 καί
718 3094 754 3158 μή
778 3093 907 3158 δυνηθεὶς
925 3093 1060 3157 θεολογή-

90 3177 150 3227 ςαι,
172 3165 225 3214 τοῦ
250 3162 339 3225 μύθου
358 3160 504 3228 ἀπήρξατο
526 3164 579 3214 τοῦ
602 3162 668 3225 περὶ
689 3162 744 3226 τήν
762 3160 847 3227 Λητὼ
868 3159 1059 3225 γεγενημένου

90 3230 125 3283 ἐν
146 3234 182 3296 τῇ
200 3229 304 3297 Δήλῳ,
327 3231 373 3282 καί
397 3230 567 3295 βουλόμενος
589 3229 675 3282 δεῖξαι
698 3227 729 3281 ἐκ
752 3231 875 3282 παλαιοί)
898 3228 953 3294 τὴν
975 3227 1059 3281 πόλιν

90 3297 200 3351 οἰκείαν
218 3297 292 3350 εῖναι
308 3291 506 3360 Ἀπόλλωνος,
525 3323 557 3334 -
575 3325 610 3334 -
631 3297 658 3350 ἐξ
677 3296 916 3361 ὁμολογουμένων
935 3295 1060 3362 πραγμά·

91 3381 154 3418 των
176 3367 294 3432 ἤρξατο,
321 3365 544 3430 ἀναλογούντων
566 3368 608 3431 τῷ
632 3364 720 3428 γένει,
746 3364 839 3428 λέγων
861 3364 927 3417 θεὸς
949 3364 1000 3428 μὲν
1022 3363 1059 3429 ήν

90 3434 137 3489 ἀεί
155 3434 255 3487 καὶτὰ
273 3434 343 3501 ἑξῆς.
368 3463 401 3472 -
423 3437 497 3486 Max.
516 3435 610 3487 Plan.:
635 3433 806 3497 βουλόμενος
827 3432 881 3498 γὰρ
906 3431 1013 3485 ἐκεῖνος
1031 3431 1059 3485 ἐξ

89 3500 210 3570 ἀρχαίου
227 3502 314 3558 δείξαι
331 3507 391 3556 τοῖς
410 3499 567 3570 Ἀθηναίοις
585 3501 622 3554 τὰ
639 3501 669 3555 ἐν·
681 3500 771 3569 Δήλῳ
790 3498 851 3567 ἱερὰ
869 3500 1058 3568 προςήκοντα,
