2340 3916
146 212 191 276 44
526 208 741 261 Δυωαιυιου

148 373 367 462 προϊεμένους
389 368 429 438 τά
447 371 509 438 τοῦ
533 368 642 457 δήμου
667 370 896 458 συμφέροντας
926 372 1030 437 ταῦτα
1055 368 1121 459 γάρ

150 476 281 547 άπαντά
308 480 399 546 ἐστιν
428 472 481 564 ἐφ’
513 470 594 563 ὑμῖν
622 477 703 561 νῦν,
735 476 791 543 καλ
818 474 1030 544 πεντακόσιοι
1063 477 1121 544 καὶ

149 592 249 672 χίλιοι
277 579 371 664 ὅντες
398 579 460 671 τήν
488 577 618 669 ἁπάσης
644 584 702 669 τής
730 580 856 662 πόλεως
885 588 1054 671 σωτηρίαν
1083 585 1121 652 ἐν

149 705 221 772 ταῖς
239 691 354 781 χερσὶν
365 695 463 777 ἔχετε,
477 690 533 757 καὶ
544 682 564 776 ή
575 686 719 778 τήμερον
737 683 843 777 ήμέρα
861 689 917 757 καὶ
935 684 955 776 ή
976 683 1121 779 ὑμετέρα

150 800 263 885 ψῆφος
302 794 430 884 πολλήν
475 792 661 882 ἀσφάλειαν
706 797 746 883 νή
783 793 876 863 πόλει
921 795 1123 883 καταστήσει

149 902 189 972 τά
208 908 321 972 δίκαια
344 897 441 990 ὑμῶν
464 901 652 970 ἐθελόντων
670 906 813 989 κρίνειν,
836 896 856 987 ή
876 899 1050 990 μοχθηρὰς
1068 904 1120 971 ε’λ-

150 1015 251 1091 πίδας
274 1015 361 1096 ἔχειν
379 1006 511 1096 ποιήσει
533 1007 659 1088 πάντας
681 1009 820 1076 τοιαῦτα
845 1002 941 1096 ὑμῶν
969 1013 1032 1094 ἕδη
1062 1037 1122 1078 κα-

151 1114 352 1184 θιστάντων.

99 1232 148 1282 108
236 1216 287 1288 Οὐ
306 1221 553 1306 καταπληκτέον
573 1222 673 1306 ἐστίν,
693 1216 814 1308 άνδρες
830 1216 1018 1307 Ἀθηναῖοι,
1038 1217 1124 1290 οὐδὲ·

105 1349 143 1390 τοι
151 1327 320 1416 προετέον,
339 1324 398 1395 έάν
418 1328 624 1416 σωφρονῆτε,
638 1327 963 1414 τοίςΛημοσδένους
987 1326 991 1415 1
1017 1328 1126 1408 ἐλέοις

151 1431 214 1521 τήν
232 1430 351 1520 κοινήν
368 1429 424 1501 καλ
449 1437 584 1501 δικαίαν
602 1428 763 1522 δπδρ·τής
780 1432 907 1514 πόλεως
926 1429 1125 1519 άπολογίαν.

153 1535 265 1621 οὐδεὶς
283 1537 348 1630 γάρ
366 1535 462 1627 ὑμῶν
480 1535 641 1626 ἠνάγκαζε
654 1540 776 1607 τοῦτον
794 1536 834 1607 τά
849 1537 892 1626 μή
906 1538 1125 1629 προσήκοντα

151 1645 301 1736 χρήματα
328 1644 511 1733 λαμβάνειν
539 1640 617 1713 καθ’
644 1639 755 1732 ὑμῶν,
784 1647 895 1736 πολλῷ
923 1651 1025 1715 πλείω
1052 1649 1126 1714 τῶν

154 1755 280 1821 ίκανῶν
304 1749 350 1821 δι’
375 1747 462 1839 ὑμᾶς
484 1753 578 1841 ἕτερα
601 1753 817 1838 κεκτημένον,
846 1747 920 1820 οὐδ’
947 1748 1123 1839 ἀπολογεί-

153 1870 235 1928 σθαι
254 1862 320 1927 οὖν
335 1853 419 1948 ὑπὲρ
432 1859 500 1927 τῶν
515 1853 783 1946 ὡμολογημένων
797 1853 1021 1946 άδικημάτων,
1040 1858 1123 1948 γρά-

153 1980 262 2047 ψαντα
286 1960 366 2033 καθ’
388 1965 509 2032 ἑαυτοῦ
531 1963 684 2033 θάνατον
706 1962 768 2052 τήν
788 1970 918 2054 ζημίαν·
942 1961 1014 2033 ἀλλ’
1039 1960 1060 2053 ή
1086 1967 1126 2034 ἐκ

152 2072 214 2138 τοῦ
233 2067 336 2138 άλλου
360 2075 438 2157 βίου
457 2075 603 2157 ἔμφυτος
626 2072 879 2159 αἰσχροκέρδεια
902 2072 957 2140 καὶ
976 2078 1125 2161 πονηρία

100 2177 258 2244 109ταῦτα
276 2180 324 2256 είς
341 2173 404 2263 τήν
421 2173 573 2262 κεφαλήν
592 2171 681 2268 αὐτῷ
696 2177 845 2266 τέτραφε.
874 2175 918 2266 μή
938 2168 1001 2246 οὖν
1020 2174 1122 2265 ἄχθε-

154 2291 216 2350 σδε
241 2277 346 2350 αὐτοῦ
369 2287 544 2363 κλαίοντος
566 2282 622 2350 καὶ
642 2278 865 2372 ὀδυρομένου·
889 2281 975 2353 πολὺ
994 2281 1058 2373 γὰρ
1078 2280 1124 2352 ἂν

154 2386 363 2478 δικαιότερον
382 2386 548 2477 ἐλεήσαιτε
566 2386 628 2476 τήν
646 2388 774 2479 χάραν,
797 2385 841 2478 ἣν
859 2381 958 2472 οὗτος
976 2395 1024 2471 είς
1041 2388 1124 2472 τοὺς

153 2494 336 2576 κινδύνους
359 2501 561 2583 καθίστησιν
582 2498 720 2564 τοιαῦτα
743 2496 912 2585 πράττων,
940 2492 961 2585 ή
984 2493 1065 2577 τοὺς
1088 2499 1123 2578 ἐξ

153 2603 273 2689 ἕαυτής
296 2603 538 2690 γεγενημένους
561 2596 647 2691 ὑμᾶς
666 2602 817 2690 ίκετεύει,
840 2604 1123 2693 παραστησαμένη

153 2706 193 2776 τά
216 2703 358 2797 ὑμέτερα
385 2709 483 2776 τέκνα
506 2708 562 2776 καλ
585 2723 761 2796 γυναῖκας,
784 2708 1039 2799 τιμωρήσασθαι
1061 2707 1123 2779 τὸν

223 2858 281 2908 107.
316 2850 506 2921 προϊεμένους
537 2858 584 2908 ΑΒ
612 2858 678 2910 Bk.=
709 2856 882 2926 προιμένους
908 2861 970 2923 Nm,
1001 2856 1123 2926 προεμέ-

153 2938 222 2982 νους
243 2938 269 2974 v.
288 2950 322 2958 —
351 2915 383 2974 ἒν
404 2922 438 2989 τῇ
460 2917 543 2976 πόλει
565 2925 591 2976 Ν
608 2927 658 2979 Mr.
680 2954 715 2964 -
744 2922 822 2992 ἔχειν
843 2941 939 2995 ποιησ.
963 2918 1075 2987 πάντας
1097 2929 1123 2980 Ν

151 2992 218 3044 Μαι
236 2983 333 3055 ποιήσ.
351 2984 435 3042 πάντ.
455 2985 540 3075 έχριν.
560 3020 589 3029 -
614 2987 728 3060 ποιήσει
744 2990 1008 3075 Βοοτᾼνποιήσετε.
1110 3049 1125 3076 ἲ

222 3059 279 3110 108.
314 3060 531 3112 nummum
553 3060 577 3110 A
599 3077 638 3126 pr.
662 3060 752 3117 τουτ’.
774 3089 808 3097 -
835 3061 941 3128 ανδρες
963 3064 986 3114 Ν
1009 3063 1075 3114 Μαι
1100 3079 1122 3114 ω

152 3115 266 3191 ἄνδρες.
296 3126 366 3188 ολδ
391 3129 431 3179 18.
450 3154 484 3164 -
516 3119 690 3196 ἀπολογίαν]
710 3129 850 3195 τιμωρίαν
869 3131 902 3180 οἱ.
920 3130 973 3184 Bk.
990 3131 1019 3180 in
1037 3129 1121 3192 Add.;

154 3191 204 3243 sed
227 3193 262 3245 ef.
279 3195 331 3245 Mr.
350 3226 384 3236 -
413 3189 571 3263 λαμβάνειν
594 3198 629 3247 οἰ.
647 3195 731 3248 Wolf.
750 3211 804 3248 ree.
823 3197 915 3249 Turn:
934 3189 1123 3264 λαμβάνοντα

154 3259 248 3326 οοδδ.;
273 3253 431 3328 λαμβάνειν
453 3257 489 3314 τοὶ
507 3262 568 3312 ΔΙδ.
591 3290 625 3298 -
654 3252 868 3330 ἀπολογείσθαι
892 3280 931 3330 pr.
951 3264 987 3316 Ad
1006 3263 1041 3329 (A
1064 3279 1121 3320 εεο.

153 3327 218 3391 Bk.)
239 3333 267 3380 et
285 3345 347 3380 cum
364 3330 451 3381 Wolf.
469 3330 516 3381 R.=
536 3321 721 3383 ἀπολεῖσθαι.

222 3399 279 3451 109.
315 3388 462 3463 ἐλεήσαιτε
489 3398 575 3449 Dobr.
595 3395 662 3450 Bk.=
694 3390 840 3466 ἐλεήσετε,
867 3399 940 3464 quod
958 3416 1051 3452 revoc.
1068 3401 1122 3450 Mr.

152 3487 186 3500 -
205 3458 247 3524 είς
264 3456 332 3524 τούς
351 3463 428 3515 md.
447 3463 564 3518 καδίστ.
582 3467 608 3517 Ν
620 3468 686 3519 Μαι
705 3467 776 3518 καθ.
797 3462 840 3528 είς
857 3485 882 3520 τ.
899 3467 975 3521 κινδ.
992 3495 1026 3506 ·-
1044 3459 1124 3535 ἡμᾶς

61 3538 194 3648 Ψ·
211 3532 244 3582 N·
264 3558 296 3569 “
