2340 3916
163 183 224 247 138
389 187 393 194 ·
574 173 703 226 ιειιον
1010 173 1062 225 οι.
1082 173 1126 231 ιι

159 346 290 437 Ἀγνίας
308 337 386 435 ούν,
405 342 461 418 ὅτε
480 349 612 415 ἐκπλεῖν
629 341 888 433 παρεσκευάζετο
906 343 1127 435 πρεσβεύσων

164 453 216 519 ἐπὶ
246 447 366 528 ταύτας
393 443 451 527 τάς
479 444 612 536 πράξεις
639 452 676 513 αἳ
696 449 738 534 τῇ
765 442 859 514 πόλει
888 444 1127 535 συμφερόντως

164 550 269 639 εἶχον,
294 545 356 618 ούκ
374 542 427 637 ἐφ’
446 541 527 636 ἡμῖν
543 562 612 626 τοῖς
631 542 791 633 ἐγγύτατα
807 548 942 635 γένους,
968 556 1002 615 εί
1014 574 1046 615 τι
1064 546 1126 614 πά-

162 662 237 738 θοι,
259 645 300 719 τά
328 646 408 718 ὄντα
436 650 627 732 κατέλιπεν,
657 641 732 714 ἄλλ’
759 644 932 768 ἐποιήσατο
955 651 1127 768 θυγατέρα

163 746 266 820 αύτου
254 746 490 871 ἀδελφιδῆν
517 753 548 816 εί
535 749 612 815 ίδέ
630 774 662 814 τι
685 748 740 815 καὶ
763 741 848 835 αύτή
872 745 993 835 πάθοι,
1017 745 1126 817 Γλαύ

21 928 23 933 ,
164 880 245 921 κωνι
267 847 307 919 τά
329 847 408 919 ὅντα
432 851 565 943 ἐδήδοο,
590 842 765 939 άδελφρὶ”
746 874 817 916 οντι
840 841 1043 939 ὁμομητρίῳ
1070 851 1128 916 καὶ

128 947 256 1030 9ταύτ’
279 954 315 1019 ἐν
334 945 510 1036 διαθήκαις
529 949 697 1037 ἐνέγραψε.
732 946 863 1068 χρόνων
882 947 919 1016 δὲ
937 951 1127 1036 διαγενομέ

163 1079 233 1121 νων
255 1046 336 1138 μετά
357 1052 461 1118 ταῦτα
483 1050 620 1138 τελευτᾷ
647 1048 709 1135 μὲν
688 1042 958 1137 νΕύβουλίδης,
988 1053 1130 1139 τελευτᾷ

166 1146 197 1219 δ’
227 1146 248 1238 5
277 1148 429 1238 θυγάτηρ
458 1144 502 1236 ἢν
532 1115 704 1234 ἐποιήσατο
722 1142 873 1234 Ἁγνίας,
902 1146 1063 1236 λαμβάνει
1090 1119 1129 1217 δὲ

81 1249 86 1257 ’
163 1247 222 1320 τόν
245 1253 368 1341 κλήρου
390 1247 555 1320 Γλαύκων
577 1244 660 1318 κατά
682 1244 744 1336 τήν
768 1246 943 1336 διαθήκην.
978 1244 1072 1337 ήμεῖς
1093 1246 1127 1317 δ’

49 1397 51 1401 .
164 1346 205 1420 05
222 1345 349 1420 πώποτ’
367 1345 810 1439 ήξιοόσαμενάμφισβητήσαι
822 1345 903 1439 πρός
920 1344 978 1429 τάς
997 1352 1129 1419 ἐκείνου

165 1450 345 1539 διαθήκας,
375 1446 448 1520 ἄλλ’
479 1446 613 1543 ιβόμεθα
642 1455 715 1520 δεῖν
742 1451 821 1539 περὶ
848 1451 916 1519 τοῖν
938 1445 1044 1520 αύτού
1064 1447 1129 1538 τήν

165 1554 295 1621 ἐκείνου
318 1548 456 1639 γνάμην
479 1550 566 1622 εἶναι
587 1557 724 1639 κυρίαν,
747 1551 803 1618 καὶ
825 1547 953 1630 τούτοις
978 1554 1128 1640 ἐνεμένο-

163 1679 234 1738 μεν.
270 1646 343 1740 ἡδ’
362 1647 575 1740 Εὐβουλίδου
591 1648 743 1738 θυγάτηρ
755 1646 837 1739 μετά
852 1653 920 1720 τάν
943 1647 1030 1740 αύτή
1045 1670 1129 1739 συμ-

38 1822 49 1846 ,χ
163 1751 377 1842 πραττόντων
393 1749 548 1840 λαγχάνει
564 1748 765 1840 τούκλήρον
782 1752 839 1820 καὶ
857 1749 1017 1840 λαμβάνει
1035 1750 1129 1840 νική-

163 1872 249 1921 σασα
266 1849 344 1932 τούς
361 1849 444 1921 κατὰ
460 1848 522 1940 τήν
542 1849 709 1938 διαθήκην
720 1846 1046 1940 ἀμφισβητήσαντας,
1066 1858 1129 1936 ἔξω

162 1953 224 2039 μὲν
250 1942 335 2021 ούσα
363 1955 422 2039 τῆς
445 1948 647 2040 ἀγχιστείας,
679 1955 839 2020 ἐλπίσασα
862 1946 894 2020 δ’
920 1946 980 2040 (ως
1004 1951 1128 2042 ἔοικεν)

163 2047 247 2140 ήμάς
276 2048 358 2142 πρός
389 2047 498 2138 αύτήν
520 2047 583 2121 ούκ
605 2048 844 2140 άντιδικήσειν,
869 2047 920 2121 ότι
943 2048 1024 2121 ούδέ
1045 2051 1130 2143 πρδς

115 2179 148 2231 10
164 2148 222 2232 τάς
247 2149 409 2239 διαθήκας
432 2147 737 2239 ήμφισβητήσαμεν.
783 2146 879 2241 ἡμεῖς
904 2155 956 2240 δέ,
983 2149 1047 2240 ἐγω
1071 2156 1129 2222 καὶ

164 2257 328 2341 Στρατίος
351 2252 407 2320 καὶ
424 2254 652 2340 Στρατοκλῆς,
676 2247 789 2338 ἐπειδή
807 2267 876 2332 τοῖς
895 2250 1056 2340 ἐγγύτατα
1073 2258 1129 2341 γε’-

163 2379 243 2432 νους
275 2352 446 2439 ἐγεγένητο
471 2353 618 2431 ἐπίδικος
641 2346 659 2420 5
685 2354 821 2441 κλῆρος,
845 2351 1134 2443 παρεσκευάζοντοΧ

164 2447 307 2532 άπαντες
319 2449 513 2541 λαγχάνειν·
532 2453 613 2542 πρὶν
632 2451 670 2519 δέ
684 2453 843 2539 γενέσθαι
860 2450 917 2534 τάς
934 2451 1041 2541 λήξεις
1058 2457 1129 2523 τοῖν

165 2547 315 2622 δικιδν
296 2568 377 2641 ημῖν
399 2555 551 2643 τελευτᾷ
544 2551 620 2640 μὲν
642 2546 660 2620 5
683 2561 874 2671 Στρατίος,
892 2557 1030 2623 τελευτα
1052 2549 1126 2622 δ
1109 2582 1128 2622 ο

163 2656 391 2743 Στρατοκλῆς,
410 2661 562 2741 λείπομαι
581 2648 613 2721 δ’
634 2648 752 2739 575‘
709 2680 809 2774 μονος
826 2682 894 2725 των
912 2652 993 2743 πρός
1005 2651 1131 2745 πατρὸς

165 2746 214 2821 ὧν
230 2748 374 2837 άνεψιοῦ
390 2769 511 2873 παῖς,
498 2742 526 2821 ὦ
542 2751 633 2844 μόνῳ
644 2749 726 2821 κατά
742 2750 820 2834 τούς
838 2752 960 2843 νόμους
979 2757 1129 2842 ἐγίγνετο

163 2845 185 2938 5
202 2860 419 2974 κληρονομία,
438 2851 573 2924 πάντων
584 2849 650 2941 ἤδη
666 2880 734 2923 των
751 2850 863 2924 ἄλλων
875 2853 1127 2943 ἐκλελοιπότων,

163 2959 198 3020 οἳ
212 2947 334 3022 ταύτδν
353 2955 483 3041 ἐμοὶ
439 2981 480 3043 τη
499 2961 678 3076 συγγενείᾳ
695 2952 917 3044 προσήκοντες
937 2954 1126 3045 ἐτύγχανον.

114 3086 146 3137 11
163 3079 209 3144 τω
198 3052 273 3120 δὲ
295 3052 468 3139 γνώσεσθε
495 3051 612 3142 τούθᾎ
648 3049 699 3123 ότι
722 3056 813 3175 ἐμοὶ
819 3051 925 3143 μέν’
906 3053 1128 3186 αγχιστεύειν,

163 3168 232 3232 τοῖς
252 3147 285 3221 δ’
305 3155 337 3236 ἐξ
356 3157 493 3226 ἐκείνων
515 3152 688 3278 γεγονόσιν
710 3149 773 3222 ούκ
790 3143 850 3242 ήν,
876 3152 963 3225 ἐν
928 3184 959 3224 οι
948 3185 977 3235 ις
994 3183 1093 3237 ουτος
1110 3184 1129 3225 ο

165 3268 242 3333 παῖς
266 3242 327 3340 553
354 3251 453 3337 αύτδς
478 3251 496 3326 5
519 3256 619 3345 νόμος
638 3251 788 3341 δηλάσει.
824 3283 861 3324 το
851 3252 997 3345 μὲν
957 3285 1021 3345 γαρ
1040 3255 1130 3326 εἶναι

164 3348 226 3440 τήν
248 3349 438 3442 άγχιστείαν
460 3353 610 3441 άνευιοῖς
626 3350 709 3443 πρός
726 3351 847 3444 πατρὸς
864 3360 958 3446 μέχρι
975 3351 1129 3438 άνεψιων

165 3458 296 3523 παίδων
318 3450 523 3546 ὁμολογεῖται
546 3450 635 3544 παρά
657 3450 807 3523 πάντων
831 3463 863 3525 εί
886 3457 923 3526 δὲ
945 3452 1024 3545 μεθ’
1043 3451 1131 3546 ἡμᾶς
