2340 3916
362 200 460 251 ΚΑΤΑ
478 201 733 253 οτιοιωυονε.
992 205 1032 269 61

66 358 138 430 ἀλλ’
160 356 353 448 ὑπομενεῖτε
377 348 513 428 ἀκούειν
535 363 596 428 τοῦ
619 363 765 430 τοσαῦτα
788 367 1033 455 διαπεπραγμέ-

66 497 129 536 νου
148 463 227 536 καθ’
250 462 357 553 ὑμῶν,
376 454 420 541 ὦς
438 464 476 534 τὸ
497 465 727 594 συνέδριον
695 493 733 535 το
751 466 813 536 ἐν’
807 476 919 562 Αρείφ
937 471 1033 565 πάγφ

66 580 202 656 ψευδεῖς
224 576 399 658 πεποίηται
416 565 475 652 τάς
493 569 692 660 ἀποφάσεις,
715 570 814 642 καὶ
791 602 836 656 ως
854 573 955 658 αὐτὸς
972 579 1034 666 μὲν

68 686 196 761 δίκαιος
214 681 269 748 καὶ
284 674 424 768 χρηστὸς
442 680 498 748 καῖ
517 676 773 768 ἀδωροδόκητός
785 683 887 768 ἐστιν,
905 678 926 771 ή
945 681 978 751 δ’
1000 686 1033 767 ἐξ

64 785 194 877 Ἀρείου
218 785 329 871 πάγου
351 782 459 872 βουλή
477 788 582 854 ταῦτα
605 784 714 855 πάντα
732 803 883 877 προεῖται
901 788 1035 879 χάριτος

66 890 87 982 ή
111 893 277 982 λήμματος
301 893 410 970 ἕνεκα;
435 882 488 981 ἀρ’
511 901 580 960 ῖστε
603 889 653 961 ὅτι
676 893 730 961 ἐπὶ
753 893 815 981 μὲν
838 897 905 963 τῶν
923 892 1069 966 ἀλλων8

68 997 281 1088 ἀδικημάτων
305 998 534 1084 σκεψαμένους
558 994 703 1088 ἀκριβῶς
726 1003 780 1068 δεῖ
795 998 873 1088 μεθ’
894 997 1035 1090 ἡσυχίας

67 1108 124 1175 καὶ
142 1103 285 1193 τάληθὲς
303 1102 527 1191 ἐξετάσαντας,
547 1101 654 1186 οὕτως
672 1107 857 1176 ἐπιτιθέναι
873 1123 944 1189 τοῖς
961 1106 1034 1198 ήδι-

68 1212 186 1300 κηκόσι
203 1210 266 1301 τήν
284 1216 457 1298 τιμωρίαν,
471 1213 525 1280 ἐπὶ
545 1211 582 1280 δὲ
599 1226 672 1293 ταῖς
691 1228 853 1303 φανεραῖς
870 1216 925 1283 καὶ
944 1213 1034 1306 παρὰ

68 1319 203 1388 πάντων
223 1313 492 1406 ὡμολογημέναις
511 1323 706 1408 προδοσίαις
724 1319 860 1410 πρώτην
877 1321 1035 1410 τετάχθαι

68 1425 130 1513 τήν
150 1423 255 1514 ὀργήν
274 1425 330 1493 καὶ
348 1419 410 1512 τήν
429 1421 493 1512 μετ’
515 1421 619 1514 αάτής
636 1427 839 1515 γιγνομένην
856 1434 1034 1519 τιμωρίαν;

69 1538 104 1598 τί
120 1530 183 1619 γὰρ
201 1534 324 1599 τοῦτον
347 1526 409 1598 οὐκ
428 1527 471 1599 ἀν
494 1540 608 1599 οῖεσθε
629 1528 820 1602 ἀποδόσθαι
842 1536 912 1602 τῶν
935 1536 972 1603 έν
994 1539 1070 1625 τήο

69 1638 162 1706 πόλει
186 1636 475 1723 σπουδαιοτάτων,
498 1634 581 1706 ὅταν
602 1633 697 1727 ὑμεῖς
721 1634 765 1719 ὡς
788 1638 907 1708 πιστὸν
930 1637 1036 1710 αὐτὸν

70 1747 125 1813 καὶ
145 1749 277 1813 δίκαιον
292 1743 425 1831 φύλακα
444 1743 684 1832 καταστήσητε;
703 1750 803 1826 ποίας
821 1742 883 1814 οὐκ
898 1742 941 1814 ἀν
954 1771 1035 1837 προ-

71 1854 192 1919 δοῦναι
219 1849 363 1940 τριήρεις
389 1853 457 1919 τῶν
480 1852 517 1918 έν
539 1865 610 1931 τοῖς
636 1856 803 1940 νεωρίοις;
830 1848 851 1940 ή
879 1859 970 1935 τίνος
993 1848 1036 1921 ἀν

71 1964 250 2046 φροντίσαι
274 1959 441 2045 φυλακῆς,
465 1956 579 2046 λήσειν
598 1959 777 2026 ἐλπίσαντα
794 1960 851 2027 καὶ
868 1959 1036 2047 λήψεσθαι
1138 1984 1142 1993 ·

72 2064 248 2133 διπλάσιον
276 2055 318 2131 οὗ
340 2066 406 2132 νῦν
428 2072 543 2152 εἴληφε
565 2071 723 2154 χρυσίου;
752 2061 854 2133 οὐδὲν
877 2062 949 2134 ὅτι
973 2062 1036 2135 οὐκ

72 2167 115 2239 ἀν
135 2166 151 2238 ὁ
175 2173 339 2256 τοιοῦτος,
363 2161 389 2238 ὦ
409 2167 544 2259 ἀνδρες,
567 2171 744 2259 ποιήσειεν.
782 2168 872 2252 ὅστις
895 2170 959 2262 γάρ
978 2170 1036 2263 ἀρ·
1059 2187 1091 2238 10

73 2276 193 2365 γύριον
221 2279 276 2344 καὶ
304 2283 445 2364 χρυσίον
472 2279 547 2366 περὶ
570 2283 725 2360 πλείονος
755 2281 812 2366 τῆς
836 2276 919 2368 πρὸς
950 2274 1036 2367 ὑμᾶς

72 2389 212 2464 πίστεως
231 2379 438 2481 ήγεῖται,καλ
457 2380 540 2472 μήθ’
563 2381 666 2473 ὅρκου
680 2381 755 2473 μήτ’
777 2384 939 2472 αἰσχύνης
956 2385 1036 2472 μήτε

73 2490 163 2578 (τοῦ)
184 2495 317 2558 δικαίου
332 2497 433 2557 πλείω
448 2490 551 2576 λόγον
568 2486 589 2578 ή
608 2493 669 2558 τοῦ
684 2490 867 2577 λαμβάνειν
885 2506 1038 2580 ποιεῖται,
1055 2546 1148 2560 -....,

73 2587 172 2677 οὗτος
195 2592 402 2664 ἀποδώσεται
425 2594 461 2664 τὸ
485 2592 565 2665 καθ’
592 2594 714 2665 ἑαυτὸν
736 2594 800 2684 τήν
822 2604 1037 2685 Μουνυχίαν,

74 2697 116 2769 ἀν
135 2708 192 2790 ἔχη
215 2700 275 2770 τὸν
300 2698 531 2790 ὠνησόμενον,
555 2693 653 2783 οὗτος
671 2704 839 2789 ἐξαγγελεῖ
854 2719 924 2786 τοῖς
941 2713 1037 2773 πολε-

73 2815 161 2895 μίοις
183 2806 343 2897 σύνθημα
370 2805 450 2878 καθ’
475 2805 571 2897 ὑμῶν
593 2809 719 2898 φήνας,
747 2800 846 2893 οὗτος
872 2810 1040 2902 προδώσει

73 2913 136 3002 τήν
154 2913 254 3003 πεζήν
273 2916 328 2983 καὶ
346 2913 510 3004 ναυτικήν
529 2915 684 3004 δύναμιν.

76 3111 113 3178 ὡς
132 3113 163 3170 τὰ
182 3121 232 3170 Mr.
251 3121 315 3172 coll.
334 3124 357 3183 1,
375 3123 422 3172 60:
442 3139 487 3174 οτι
506 3112 538 3172 τό
557 3122 650 3182 Turr3
670 3138 707 3181 ως
725 3139 771 3174 οτι
788 3114 820 3174 τὰ
841 3139 866 3173 v.

142 3191 167 3241 8
192 3185 318 3267 πρώτην
326 3205 387 3239 cum
404 3189 436 3239 R.
455 3190 546 3239 Turn:
569 3187 749 3255 πρῶτον·
771 3182 835 3254 μετ’
853 3180 944 3255 αὐτῆς
961 3194 1038 3241 auct

74 3255 126 3304 Bk.
145 3258 237 3310 Ἔσται
256 3247 321 3334 μετ’
339 3248 441 3320 αυτήν.

143 3327 167 3374 9.
193 3315 387 3406 καταστήσετε
404 3325 502 3376 N.-
473 3315 664 3389 -λήψεσθε
682 3324 706 3375 Δ
723 3341 764 3390 pr.
785 3323 874 3376 τοτε..ι

145 3394 184 3443 10.
206 3386 321 3457 ἡγεῖται
341 3394 433 3447 Τοῖα·
458 3386 583 3511 αἱρεῖται
603 3393 666 3455 (Mr.
684 3396 826 3454 ποιειται,
846 3392 918 3457 quod
941 3392 1040 3444 deinde

76 3463 107 3507 ut
124 3459 264 3524 glossema
282 3460 462 3525 inducit).-
481 3454 644 3542 ἐξαγγέλλει
663 3477 703 3527 pr.
715 3459 891 3515 Aoorr.².-
857 3452 997 3526 -πεζήν
1015 3460 1041 3512 N

75 3526 126 3575 Mr.
146 3531 173 3576 et
191 3527 255 3577 mal.
273 3527 357 3580 Dobr.
376 3529 442 3582 Bk:
461 3528 593 3593 πεζικην.
