2340 3916
75 210 99 260 p.
118 193 162 246 65.
222 193 313 244 ΠΕΡΙ
330 192 406 244 ΤΟΤ
423 191 708 244 ΑΠΟΛΛΟΔΩΡΟΤ
725 191 888 243 ΚΑΗΡΟΤ.
991 199 1031 262 93

74 393 172 445 νοντο
196 360 373 434 ἀντίδικοι·
397 362 434 434 τό
457 391 493 433 τε
509 361 572 454 γάρ
589 366 730 452 μέγεθος
746 366 814 433 τῶν
833 366 951 452 δικῶν,
976 367 1032 434 καὶ

76 463 160 543 διότι
177 461 264 534 πολύ
275 460 379 535 αύτὸν
394 460 590 553 Ἀρχέδαμος
603 463 708 552 εἶλεν,
727 461 946 554 περιφάνειάν
956 493 1031 535 τινα

75 569 238 653 ἐποίησεν.
281 560 325 647 ὦς
349 566 387 634 δὲ
410 565 466 653 ἐμὲ
490 563 664 652 ἐποιήσατο
685 561 761 636 υἱόν
779 568 843 648 ζεῖν
860 559 959 644 αύτός
975 568 1031 635 καὶ

75 666 194 755 κύριον
215 669 284 736 τοῖν
307 660 414 739 αύτού
434 667 611 753 κατέστησε
634 668 690 740 καὶ
714 672 761 745 είς
778 660 855 744 τούς
872 663 1031 753 γεννήτας

76 770 126 843 καὶ
157 773 205 848 είς
230 763 309 846 τούς
336 764 501 856 φράτορας
529 767 706 854 ἐνέγραψε,
732 761 860 844 τούτοις
886 761 951 852 ήδη
977 794 1032 854 μοι

76 865 130 939 τόν
148 870 238 938 νούυ
247 869 441 957 προσέχετε,
460 856 487 941 ό
504 861 632 956 ἅνδρες.
662 863 898 957 Ἀπολλοδώρῳ
909 861 975 954 γάρ,
990 856 1033 954 ήν
1051 876 1084 928 14

77 967 162 1056 υίύς,
176 963 227 1039 ,δν
251 970 375 1047 ἐκεῖνος
398 969 455 1036 καὶ
472 963 566 1055 ήσκει
589 969 645 1037 καὶ
663 962 708 1037 δι’
729 971 913 1055 ἐπιμελείας
931 965 1032 1055 εἶχεν,

78 1090 186 1159 ωσπερ
214 1070 269 1137 καὶ
294 1070 461 1158 πρυσήκον
485 1057 537 1155 ήν.
581 1071 642 1148 ἕως
664 1068 726 1156 μὲν
742 1056 807 1138 ούν
824 1069 949 1146 ἐκεῖνος
967 1073 1031 1154 ἔζη,

80 1168 234 1259 διάδοχον
251 1171 309 1256 τῆς
327 1163 442 1248 ούσίας
466 1164 599 1256 ήλπιζευ
617 1163 720 1238 αύτὸν
743 1165 959 1255 καταστήσειν
975 1171 1033 1255 τής

81 1271 214 1339 ἑαυτοῦ·
240 1266 352 1356 ἐπειδή
372 1269 409 1338 δέ
428 1267 619 1357 ἐτελεύτησε
640 1266 783 1356 νοσήσας
805 1271 866 1338 τοῦ
883 1266 1034 1350 ἐξελθόν-

79 1397 128 1450 τος
153 1371 309 1440 ἐνιαυτοῦ
336 1365 438 1459 μηνός
460 1373 774 1460 Μαιμακτηριῶνος,
805 1371 858 1439 ἐπὶ
880 1383 949 1449 τοῖς
971 1395 1033 1438 πα-

81 1473 195 1559 ρούσιν
214 1466 389 1559 ἀθυμήσας
414 1472 470 1539 καὶ
487 1467 549 1557 τήν
566 1464 699 1557 ήλικίαν
715 1467 777 1557 τήν
796 1472 919 1539 ἑαυτοῦ
935 1497 1033 1540 κατα-

82 1568 285 1659 μεμψάμενος
302 1567 364 1640 ούκ
382 1568 560 1640 ἐπελάθετο
581 1565 644 1658 ὑφ’
669 1560 717 1642 τόν
739 1572 796 1639 καὶ
820 1573 852 1652 ἐξ
875 1565 976 1661 ἀρχῆς
994 1560 1035 1641 εύ

83 1669 255 1751 τεπονθιδς
271 1661 330 1759 ήν,
354 1666 426 1740 ἄλλ’
452 1667 561 1740 ἐλθόν
579 1665 622 1752 ὥς
639 1668 700 1759 τήν
719 1667 800 1760 ἐμήν
816 1671 939 1759 μητέρα
958 1671 1033 1739 ἑαυ-

83 1774 136 1840 τοῦ
156 1771 193 1841 δὲ
216 1767 381 1860 ιἰδελφήν,
404 1766 446 1858 ἣν
463 1774 540 1860 περὶ
557 1778 712 1842 πλείστου
730 1769 865 1842 πάντων
883 1771 1033 1858 ἐποιεῖτο,

83 1879 195 1959 λαβεῖν
215 1868 337 1960 ήξίωσέ
355 1899 396 1960 με
418 1869 494 1942 υίδυ
518 1875 573 1941 καὶ
594 1869 695 1962 ᾔτησε
712 1874 768 1941 καὶ
786 1878 911 1960 ἔτυχεν.
947 1866 1035 1941 σύτο)
1054 1895 1085 1948 15

85 1967 111 2040 δ’
131 1976 271 2060 ἐπείσθη
289 1974 395 2042 ταύτα
412 1977 545 2061 ποιήσαι
569 1970 624 2042 διά
641 1975 782 2062 ταχέων,
807 1967 887 2042 ὥστ’
907 1967 1034 2054 εύθέετς

84 2100 119 2160 με
141 2069 256 2160 λαβών
279 2069 374 2166 ᾤχετ’
401 2080 483 2161 ἔχων
501 2069 584 2164 πρὸς
601 2068 703 2144 αύτδν
720 2075 776 2143 καὶ
793 2071 902 2144 πάντα
918 2069 958 2142 τά
976 2068 1034 2143 αύ-

84 2177 138 2243 τού
161 2179 299 2244 διοικεῖν
326 2174 535 2264 παρέδωκεν,
565 2169 609 2254 ὥς
636 2170 735 2256 αύτδς
757 2175 819 2263 μὲν
842 2173 846 2262 Ι
869 2169 971 2243 οὐδὲν
992 2168 1034 2244 άν

84 2278 125 2343 ἔτι
148 2277 269 2365 πρᾶξαι
291 2272 419 2345 τούτων
443 2280 619 2363 δυνηθείς,
645 2278 725 2364 ἐμοῦ
748 2276 911 2345 δὲταῦτα
928 2272 1035 2345 πάντα

84 2379 151 2444 οἵου
173 2401 210 2443 τε
234 2376 390 2463 ἐσομένου
413 2390 530 2446 ποιεῖν.
571 2377 626 2444 καὶ
649 2373 763 2463 ἐπειδή
787 2372 958 2464 Θαργήλια
979 2365 1035 2464 ήυ,

84 2470 184 2563 ἤγαγέ
204 2503 245 2564 με
268 2478 331 2552 ἐπὶ,
344 2472 420 2555 τούς
444 2473 575 2564 βωμούς
594 2483 640 2557 είς
656 2474 733 2556 τούς
750 2473 910 2563 γεννήτας
926 2501 963 2544 τε
980 2479 1036 2546 καὶ

83 2574 253 2666 φράτορας.
292 2582 360 2645 ἐστι
379 2572 411 2645 δ’
432 2573 544 2656 αὐτοῖς
556 2574 655 2665 νόμος
672 2571 689 2646 ὁ
708 2571 822 2664 αύτός,
843 2572 948 2645 ἐάντέ
962 2582 1037 2646 τίνα
1054 2592 1087 2645 16

83 2674 178 2762 φύσει
204 2673 362 2765 γεγονότα
389 2674 503 2766 είσάγη
520 2705 569 2757 τις
587 2674 645 2746 ἐάν
660 2704 696 2745 τε
713 2674 865 2764 ποιητόν,
893 2677 1036 2746 ἐπιτιθέ-

82 2804 132 2847 ναι
150 2784 264 2849 πίστιυ
290 2773 373 2846 κατά
388 2779 456 2846 τόν
474 2780 573 2866 ίεροῐυ
590 2765 614 2864 ή
629 2773 695 2865 μήν
713 2780 745 2861 ἐξ
763 2771 862 2864 άστής
889 2774 1035 2864 εἰσάγειν

82 2879 133 2947 καὶ
151 2875 311 2966 γεγονότα
336 2873 448 2969 ὀρθοῖς
475 2879 530 2947 καὶ
556 2874 614 2948 τὸν
639 2871 831 2967 ὑπάρχοντα
855 2873 956 2966 φύσει
979 2881 1036 2950 καὶ

81 2975 135 3048 τόν
162 2976 312 3066 ποιητόν
346 2975 542 3067 ποιήσαντος
570 2979 608 3048 δέ
631 2979 694 3048 τού
719 2977 906 3067 εἰσάγοντος
932 2981 1036 3050 ταύτα

80 3079 184 3167 μηδὲν
210 3068 308 3166 ήττου
336 3085 594 3167 διαψηφίζεσθαι
620 3081 676 3148 καὶ
701 3075 778 3159 τούς
803 3074 940 3167 ἄλλους,
973 3074 1037 3150 κάν

82 3178 175 3268 δόξη,
209 3174 276 3248 τότ’
310 3187 356 3260 είς
386 3175 423 3248 τό
454 3175 567 3249 κοιυόυ
592 3196 815 3269 γραμματεῖον
847 3176 1036 3270 ἐγγράφειν,

79 3279 241 3368 πρότερον
265 3280 303 3349 δέ
324 3277 384 3369 μή·
407 3277 560 3359 τοιαύτας
582 3276 750 3370 άκριβείας
773 3287 839 3370 ἔχει
861 3276 901 3350 τά
926 3285 1038 3349 δίκαια

76 3377 124 3449 τά
142 3375 224 3470 παρ’
250 3376 371 3462 αύτοϊς.
412 3384 474 3450 τού
494 3377 599 3469 νόμον
624 3376 665 3467 δή
687 3376 792 3462 οὕτως
810 3388 955 3471 ἔχοντος,
982 3381 1036 3448 καὶ
1057 3397 1088 3449 17
1108 3470 1112 3474 Δ

75 3483 147 3551 τοῖν
179 3478 355 3572 φρατόρων
385 3508 422 3551 τε
453 3483 508 3550 καὶ
540 3484 709 3572 γεννητῶν
736 3484 851 3574 ἐκείνῳ
877 3475 940 3549 ούκ
964 3475 1038 3550 άπι-
