2340 3916
64 183 147 253 μω.
276 181 380 277 Ι11αεί
397 180 472 234 μου
489 181 625 233 Amor
644 183 808 234 mnpo‘r.
960 187 1019 247 141

63 355 120 446 μὲν
148 344 194 442 ην
223 356 266 442 τη
295 349 396 441 φύσει
423 350 573 441 πάντων,
605 357 641 422 ἐν
671 354 707 423 δέ
730 368 802 433 ταῖς
823 349 1022 442 ἀγχιστείαις

62 449 404 545 δμολογουμένωςοῦκ
422 459 518 523 ἔστιν.
556 452 626 522 εἶτα
642 452 771 542 γράψας
788 450 929 536 ἀνεψιοῦ
945 468 1023 533 παῖς
1041 477 1073 529 13

63 556 146 627 εἶναι
163 549 321 634 κάκείνας
339 556 503 641 ἐξελέγξας
520 549 584 624 οῦκ
599 550 702 634 οῦσας
721 557 757 624 ἐν
773 569 844 633 ταῖς
861 549 1022 641 ἀγχιστεί-

63 686 126 746 ιις,
147 652 256 735 οὕτως
274 652 517 742 ἐπεδικασάμην
539 650 619 744 παρ’
637 650 735 743 ὑμῖν,
753 654 814 744 Ικαὶ
832 649 944 722 αῦτῦν
961 650 1023 721 οῦκ

63 759 180 847 ίσχυσέ
200 783 233 825 τι
254 752 332 825 οὔτε
348 757 390 844 τη
411 752 468 824 τόν
490 758 614 845 κληρον
639 753 758 844 ἐχοάση
776 752 812 824 τό
830 779 1023 843 προνενικη-

62 853 258 937 κέναι-τοῦς
286 852 369 925 κατά
394 853 559 943 διαθήκην
587 851 917 944 ἀμφισβητήσαντας,
946 849 1023 922 οὔτε

61 963 98 1050 τη
115 960 218 1048 ἑτέρα
234 952 271 1027 τδ
287 958 410 1046 μητέρα
427 955 512 1026 εἶναι
536 959 597 1025 τοῦ
612 953 671 1025 τόν
688 959 811 1046 κληρον
828 951 1023 1024 καταλιπόν-

60 1086 130 1149 τος,
155 1053 232 1127 ἀλλ’
257 1052 362 1137 οὕτως
386 1062 421 1126 ολ
440 1054 513 1126 τότε
544 1053 727 1139 δικάζοντες
749 1058 804 1126 καὶ
828 1053 865 1125 τῦ
893 1060 1023 1125 δίκαιον

60 1163 113 1231 καὶ
131 1155 216 1238 τοῦς
216 1154 352 1280 ὅρκομς
375 1159 450 1246 περὶ
468 1160 593 1227 πολλοῦ
611 1155 822 1245 ἐποιήσαντο,
847 1152 927 1278 ρ’λσέ
953 1157 1023 1245 ἐμοὶ

46 1254 104 1355 ’τῷ
141 1255 228 1329 κατὰ
260 1255 338 1339 τοῦς
371 1256 492 1346 νόμους
527 1253 789 1346 ἀμφισβητοῦντι
822 1253 883 1344 την
910 1259 1023 1344 ψηφον

60 1358 218 1450 ἤνεγκαν
247 1365 354 1430 καίτοι
372 1365 403 1428 εί
418 1355 476 1438 τάς
493 1359 555 1446 μὲν
566 1366 725 1444 νενίκηκα
741 1361 860 1428 τοῦτον
876 1354 934 1427 τὸν
951 1355 1024 1447 τμό
1043 1369 1075 1421 19

60 1488 146 1585 πον,
168 1462 335 1542 ἐπιδείξας
358 1453 492 1549 μηδὲν
489 1466 598 1549 Αγνίᾳ
619 1454 693 1527 κατ’
717 1455 907 1547 ἀγχιστείαν
925 1478 1023 1548 προσ-

60 1559 250 1678 ηκοάσας,·
261 1549 357 1640 οῦτος
392 1560 430 1629 δὲ
463 1556 508 1647 μη
537 1557 715 1682 ἐτόλμησεν
743 1555 951 1645 ἀντιδικησαι
977 1562 1025 1650 τῷ

62 1665 158 1733 παιδὶ
187 1664 250 1731 τοῦ
276 1655 473 1786 ἡμικληρίου
502 1657 582 1750 πρός
612 1654 759 1748 ημᾶς,ο
742 1661 835 1731 oco}
857 1666 1023 1747 Στρατίου

62 1769 182 1845 παῖδες
200 1766 235 1831 ολ
248 1757 371 1831 τοῦτόν
382 1759 488 1852 τούτῳ
501 1759 721 1849 προσήκοντες
733 1760 880 1878 μηδὲ
833 1788 900 1830 νυν
916 1754 1024 1840 ἀξιοῦ-

63 1885 116 1936 σιν
139 1859 349 1950 ἀντιδικησαι
372 1859 516 1952 πρόςμ
478 1865 516 1950 ἐμ
518 1863 533 1931 ὲ
556 1863 632 1951 περὶ
657 1857 785 1949 αὐτῶν,
815 1866 877 1948 ἔχω
902 1855 935 1928 δ’
961 1856 1024 1946 ἐγώ

63 1961 119 2036 ιδν
143 1967 269 2067 κλῆρον
293 1960 564 2051 ἐπιδικασάμενος
587 1957 667 2050 παρ’
691 1956 788 2050 ὑμῖν,
814 1963 967 2082 ἐξελέγχω
987 1961 1024 2030 δὲ

66 2069 184 2135 τοῦτον
201 2065 336 2153 μηδέπω
353 2061 465 2132 καὶ
426 2090 567 2153 τημερον
581 2058 687 2150 ἔχοντ’
707 2057 849 2132 είπεῖν“
829 2089 847 2131 ο
864 2091 895 2131 τι
912 2056 930 2131 6
948 2077 1025 2141 παῖς

62 2156 177 2256 Ἀγνία
201 2162 358 2253 προσήκει
381 2192 441 2233 κατ
446 2158 683 2252 ’άγχιστείαν,
707 2171 743 2232 τί
762 2170 809 2232 ἔτι
828 2168 882 2232 δεῖ
903 2173 1026 2250 μαθεῖν

64 2261 170 2387 δμιῖς
168 2293 191 2352 η
174 2259 242 2333 ”vl
251 2276 386 2335 ποθεῖτε
398 2261 538 2333 ἀκοῦσαι
549 2266 626 2353 περὶ
637 2262 782 2349 τούτους
802 2267 865 2351 ε’γω
854 2260 1000 2352 μὲν
961 2290 1025 2351 γαρ

65 2361 108 2447 ῦς
128 2356 170 2434 εῦ
184 2368 370 2487 φρονοῦσιν
386 2360 468 2454 ημῖν
486 2362 583 2434 ίκανά
600 2393 640 2433 τα
628 2360 814 2486 εἰρημένα
830 2371 959 2451 νομίζω.

143 2455 250 2546 Οῦτος
272 2474 388 2537 τοίνυν
412 2461 578 2557 ῥηιδίως”
559 2493 625 2534 οτι
648 2460 690 2534 ἀν
707 2462 790 2553 τάχη
808 2461 1076 2551 ψευδόμενος,20

65 2564 175 2637 καλ
138 2595 201 2654 την
218 2561 321 2636 αῦτου
310 2569 502 2657 πονηρίαν
518 2561 680 2654 οῦδεμίαυ
697 2562 863 2652 ζημίαν
832 2591 917 2632 ειναι
933 2568 1025 2650 νομί-

65 2676 142 2790 ζων,
170 2671 274 2760 τολμᾷ
294 2695 335 2790 με
354 2665 545 2754 διαβάλλειν
568 2663 651 2735 άλλα
673 2691 709 2732 τε
732 2662 846 2751 πολλά,
876 2652 1004 2753 περὶ
977 2690 1025 2732 ων

65 2766 241 2858 ποιήσομαι
258 2764 334 2848 τοῦς
352 2766 469 2855 λόγους
485 2765 583 2856 τάχα,
608 2768 663 2835 καὶ
679 2767 758 2835 νυνι
775 2759 904 2852 λέγει
881 2792 924 2845 ως
943 2767 1025 2833 ἐκοι-

65 2867 246 2959 νωσάμεθα
268 2868 331 2987 ἐγώ
348 2896 384 2938 τε
401 2870 456 2937 καὶ
474 2869 700 2957 Στρατοκλης,
722 2863 781 2936 τόν
797 2861 911 2954 ἀγωνα
928 2872 959 2935 ε
946 2867 1024 2935 σιέ

65 2998 121 3040 ναι
141 2970 221 3060 περὶ
244 2973 307 3039 τοῦ
327 2967 451 3060 κλήρου
475 2962 704 3057 μέλλοντες.
690 2964 839 3055 όμόνοις
861 2960 942 3055 ημῖν
958 2969 1026 3037 των

67 3066 289 3160 ἀμφισβητεῖν
306 3071 628 3160 παρεσκευασμένων
640 3064 702 3161 οῦηι
720 3070 814 3156 ἐνην,
835 3066 1025 3156 διομολογή·

66 3183 191 3242 οασθαι
208 3168 290 3262 πρὸς
307 3167 479 3259 ἀλλήλους.
515 3173 557 3259 τη
573 3169 635 3291 μδμ
651 3165 714 3258 γάρ
732 3164 945 3255 Εὐβουλίδου
962 3180 1025 3237 θυ-
1043 3184 1075 3234 21

67 3274 162 3362 γατρλ
180 3274 236 3342 καὶ
253 3299 293 3361 τη
281 3267 440 3359 Ἁγνίου
457 3272 554 3361 μητρὶ
565 3266 646 3358 πρός
662 3263 747 3358 ημιὶς
759 3264 1024 3357 ἀγωνιζομένοις,

22 3368 111 3460 ,μή
138 3369 222 3443 κατά
249 3369 348 3442 ταῦτδ
381 3368 680 3461 ἀμφισβητοῦσαις,
718 3372 796 3457 ἐνην
823 3368 1026 3456 ποιήσασθαι

22 3566 25 3597 Ι
22 3466 256 3562 συνθήκας,
274 3467 316 3543 ἀν
333 3469 354 3560 η
374 3475 569 3565 ἕτέρανικά,
587 3476 738 3560 μετεῖναί
753 3497 782 3538 τι
800 3471 914 3538 καὶ
873 3497 913 3559 τη
930 3462 1026 3557 ηττη·
