2340 3916
351 212 476 267 ΚΑΤΑ
500 211 763 270 ΤΙΜΑΡΧΟΤ.
814 228 821 240 “
990 210 1031 273 21

79 370 180 453 φόσις
190 373 258 437 ἐστὶ
269 370 404 454 τοιαύτη
416 396 476 436 του
465 362 692 456 ἄνθρωπον,
715 369 783 456 ἅμα
795 374 831 439 δὲ
842 369 905 459 ήδη
916 398 1033 493 μειρα-

78 475 138 557 κίω
150 465 222 534 ὄντι
232 465 321 557 πότῳ
311 470 532 553 ἐπλησίαζεν.

32 580 58 630 ἰθ
150 563 222 632 'Ivoc
241 567 276 632 δὲ
293 592 337 651 μη
327 564 528 653 διατρίβω,
551 572 762 654 πρῶτονμὲν
779 567 873 636 κάλει
887 596 943 656 μοι
954 568 1033 649 τοὺς

80 663 207 740 είδότας
221 671 388 749 Τίμαρχον
398 668 531 732 τουτονί
548 665 766 752 διαιτώμενον
777 669 813 734 έν
823 674 864 755 τῇ
879 669 1032 753 Μισγόλα

79 771 181 852 οίκίηι,
205 769 314 832 ἔπειτα
334 764 396 852 τήν
416 771 565 850 Φαίδρου
587 775 772 854 μαρτυρίαν
794 766 1032 854 ἀναγίγνωσκε.
1063 802 1066 807 <

79 868 335 941 καλτελευταίαν
346 869 384 932 δέ
391 891 447 952 μοι
461 865 540 953 λαβὲ
551 865 613 952 τήν
622 864 728 936 αὐτοῦ
737 866 896 953 Μισγόλα
906 893 1033 953 μαρτυ-

81 969 172 1046 ρίαν,
193 965 249 1028 ἵνα
268 965 322 1030 καὶ
339 963 417 1041 τούς
435 962 538 1042 θεοὺς
555 964 669 1044 δεδιώς
686 967 829 1045 καὶτοὺς
841 966 1033 1045 συνειδότας
1050 975 1081 1030 77

80 1061 317 1148 αἰσχυνόμενος
334 1063 387 1130 καὶ
405 1061 484 1142 τούς
501 1062 623 1142 ἄλλους
639 1066 843 1143 πολίταςκαὶ
860 1063 1034 1150 όμοῖςτούς

81 1161 237 1242 δικαστὰς
247 1164 391 1249 ἐθελήσῃ
401 1162 532 1249 τάληθῆ
542 1178 731 1250 μαρτυρεῖν.

452 1330 694 1390 ΜΑΗΤΤΡΙΑΙ.

167 1434 336 1520 [Μισγόλας
348 1442 457 1502 Νικίου
469 1431 626 1542 Πειραιευς
636 1445 784 1542 μαρτυρεῖ.
806 1434 896 1517 ἔμολ’
882 1437 992 1518 εγένετο
1003 1436 1034 1497 ἕν
1111 1482 1114 1487 -

123 1549 158 1606 τη
145 1526 314 1608 συνηθεία
334 1517 500 1623 Τίμαρχος
488 1546 504 1583 ο
516 1523 561 1584 ἐπὶ
574 1546 626 1583 του
613 1516 816 1585 Εὐθυδίκου
809 1524 980 1624 ίατρείρυ
965 1520 1035 1583 ποτὲ

123 1585 332 1687 καθεζόμενος,
358 1608 408 1668 καὶ
426 1601 501 1668 κατὰ
504 1599 574 1710 τήν
591 1610 701 1688 γνῶσίν
718 1601 841 1686 μουτήν
856 1599 932 1689 πρὸς
943 1598 1035 1667 αότδν

122 1694 321 1773 πολυωρων’
295 1716 335 1766 εις
345 1685 399 1771 τήν
412 1697 466 1753 νῦν
477 1714 512 1752 ου
504 1685 676 1771 ’διέλιπον.]
762 1705 765 1710 ’

32 1880 58 1932 51
164 1858 207 1918 Εί
217 1855 278 1936 μεν
288 1858 419 1934 τοίνυν,
433 1879 458 1918 ω
447 1844 651 1937 Ἀθηναῖοι,
668 1858 829 1936 Τίμαρχος
841 1847 953 1917 οὑτοσὶ
965 1851 1032 1917 διέ-
1052 1870 1086 1924 76

79 1975 170 2036 μεινε
182 1947 271 2034 παρὰ
283 1956 327 2036 τῷ
340 1949 497 2038 Μισγόλᾳ
508 1951 561 2016 καὶ
572 1946 741 2035 μηκέτιυὸς
752 1946 856 2016 ἄλλον
874 1939 951 2034 ήκε,
974 1973 1033 2033 με-

80 2048 231 2133 τριώτερ’
244 2044 288 2116 όν
301 2053 534 2135 διεπέπρακτο,
559 2056 588 2117 εί
604 2049 645 2136 δή
661 2057 776 2117 τιτῶν
793 2050 955 2119 τοιούτων
965 2051 1032 2117 ἐστὶ

79 2150 227 2234 μέτριον,
246 2149 300 2216 καὶ
310 2152 414 2234 ἔγωγε
426 2147 488 2217 οὐκ
500 2145 543 2216 όν
554 2148 688 2236 ὤκνησα
700 2146 804 2216 αὐτὸν
816 2145 916 2216 οὐδὲν
928 2153 1035 2215 αίτιοῖ-

80 2256 141 2312 θαι
157 2240 180 2330 ή
197 2242 279 2331 ὅπερ
297 2242 314 2312 ὁ
333 2249 518 2333 νομοθέτης
529 2248 797 2335 παρρησιάζεται,
822 2245 1035 2333 ἡταιρηκέναι

80 2347 202 2432 μόνον·
225 2344 242 2413 ὁ
261 2348 325 2433 γὰρ
343 2346 426 2431 πρός
437 2350 496 2416 ἕνα
506 2358 605 2417 τοῦτο
617 2348 786 2433 πράττων,
810 2349 862 2414 έπί
872 2353 984 2435 μισθῷ
998 2347 1032 2414 δέ

80 2445 141 2530 τήν
153 2449 273 2530 πρᾶξιν
285 2445 499 2531 ποιούμενος,
522 2444 613 2534 αὐτῷ
630 2471 687 2531 μοι
703 2445 909 2532 δοκείτούτω
921 2448 1034 2528 ἔνοχος

32 2568 63 2619 52
81 2543 183 2610 εἶναι·
198 2542 257 2611 ε’όιν
275 2543 305 2610 δ’
324 2542 410 2629 ὑμᾶς
422 2543 614 2630 ἀναμνήσας
631 2546 795 2626 ἐπιδείξω,
819 2539 1034 2667 ὑπερβαίνων

79 2642 199 2709 τούσδε
215 2639 294 2720 τούς
312 2640 449 2728 αγρίους
467 2641 606 2728 όὶνδρας,
629 2645 829 2727 Κηδωνίδην
847 2643 907 2707 καὶ
922 2638 1034 2707 Αὐτο-

81 2743 213 2824 κλείδην
231 2743 527 2906 καίΘέρσανδρον,
549 2737 620 2808 ἀλλ’
636 2742 783 2818 ἐπιδείξω
795 2736 1034 2857 αὐτουςλέγων

82 2866 129 2906 ων
149 2841 186 2906 ἐν
207 2852 276 2918 ταῖς
298 2845 414 2917 οἰκίαις
442 2836 678 2924 ἀνειλημμένος
699 2840 831 2922 γεγονε,
862 2835 905 2924 μή
929 2835 1034 2922 μόνον
1053 2853 1087 2909 77

81 2936 168 3018 παρὰ
187 2964 232 3005 τω
252 2938 409 3026 Μισγόλα
427 2936 719 3023 μεμισθαρνηκότα
731 2932 836 3002 αὐτόν
847 2937 899 3002 ἐπι
910 2941 956 3025 τῷ
969 2934 1035 3000 σώ-

79 3065 174 3124 ιιατι,
198 3008 281 3106 όλλόι
300 3042 354 3106 καὶ
371 3061 437 3120 παρ
442 3036 563 3126 ἑτέρω
575 3040 629 3104 καὶ
641 3037 742 3104 πόλιν
753 3060 820 3120 παρ
822 3032 954 3122 ’ἅλλω,
979 3033 1034 3098 καὶ

81 3135 170 3221 παρὰ
183 3136 305 3204 τούτου
318 3134 361 3258 ρδς
372 3139 485 3221 ἕτερον
496 3136 699 3223 ἐληλυθότα,
714 3133 824 3204 οὐκέτι
835 3134 943 3219 δήπου
955 3137 1034 3218 φαί-

81 3264 171 3304 νεται
193 3237 299 3328 μόνον
313 3234 513 3325 ήταιρηκως,
536 3232 619 3302 ἀλλὰ
635 3236 689 3301 καὶ
709 3231 769 3320 (μᾶ
785 3231 845 3301 τόν
863 3231 1034 3321 Διόνυσον

81 3332 144 3416 οὐκ
163 3333 260 3402 οἷδ’
248 3333 337 3414 όπως
354 3336 542 3421 δυνήσομαι
560 3336 767 3415 περιπλέκειν
779 3329 866 3416 ὅλην
883 3329 944 3414 τήν
955 3324 1034 3413 ήμέ-

82 3447 159 3516 ραν)
179 3437 232 3501 καὶ
238 3435 535 3519 πεπορνευμένος
558 3430 576 3499 ὁ
593 3428 657 3517 γδιρ
677 3437 750 3518 εἰκῇ
764 3455 867 3497 τουτο
884 3430 944 3494 κοιλ
957 3450 1051 3505 mm
1063 3447 1112 3496 ὀε
