2340 3916
304 219 436 275 ΚΑΤΑ
458 218 836 279 ΚΤΗΣῙΦΩΝΤΟΣ.
975 218 1036 281 149

88 379 120 454 ἐξ
146 372 361 458 Ἀκαρνανίας
387 379 422 444 δὲ
442 376 573 459 ἑτέρους
593 375 787 456 τοσούτους·
821 378 980 446 δεδόσθαι
1002 380 1037 447 δὲ

88 470 153 539 ἀπὸ
178 474 314 541 πάντων
337 473 466 542 τούτων
492 471 554 559 την
568 471 750 559 ἡγεμονίαν
766 472 861 560 ὑμίν·
883 477 1037 563 πραχθή-
1051 485 1103 542 489

88 580 208 637 σεσθαι
224 570 260 638 δέ
277 569 361 638 αύτά
384 568 447 639 ούκ
465 577 511 650 είς
527 571 675 657 μακρὰν,
698 570 773 639 ἀλλ’
795 578 841 651 είς
857 572 920 658 τὴν
937 576 1036 660 ἕκτην

87 669 139 735 ἐπὶ
162 671 241 735 δέκα
263 676 325 737 τοῦ
349 668 618 755 ἀνθεστηριῶνος
640 671 760 756 μηνός·
794 679 948 759 εἰρῆσθαι
970 671 1034 757 γάρ

87 769 125 834 ἐν
142 781 212 846 ταίς
231 765 442 853 πόλεσινύφ’
460 771 581 835 ἑαυτοῦ
600 771 654 835 καὶ
671 775 900 857 παρηγγέλθαι
911 770 1035 848 πάντας

86 865 180 952 ἥκειν
197 867 481 950 συνεδρεύσοντας
501 865 659 952 Ἀθήναζε
676 866 794 954 είςτην
815 871 1034 955 πανσέληνον.

34 975 69 1030 99
86 966 140 1031 καὶ
162 965 226 1050 γάρ
247 973 345 1032 τοῦτο
365 964 547 1048 ἅνθρωπος
565 968 653 1032 λδιον
673 968 728 1032 καί
744 962 785 1033 ού
805 965 922 1034 κοινδν
940 981 1033 1034 ποιεῖ.
1049 971 1103 1027 490

85 1069 119 1130 ολ
128 1065 188 1150 μὲν
198 1065 263 1150 γάρ
275 1064 370 1133 ἀλλοι
381 1063 536 1146 ἀλαζόνες
546 1063 628 1132 όταν
638 1093 670 1131 τι
680 1066 884 1150 ψεύδωνται,
898 1064 1033 1153 ἀόριστα

83 1163 136 1226 καὶ
149 1158 261 1247 ἀσαφῆ
275 1170 452 1244 πειρῶνται
463 1165 587 1246 λέγειν,
600 1160 806 1248 φοβούμενοι
814 1160 875 1230 τόν
886 1167 1033 1248 ἔλεγχον·

84 1265 305 1345 Δημοσθένης
324 1258 358 1326 δ’
371 1258 454 1327 ὅταν
463 1256 714 1345 ἀλαζονεύηται,
737 1269 870 1343 πρῶτον
881 1259 942 1346 μὲν
953 1257 1032 1344 μεθ’

84 1354 190 1438 ὅρκον
201 1357 374 1440 ψεύδεται,
393 1358 545 1437 ἐξώλειαν
557 1358 768 1444 ἐπαρώμενος
778 1361 900 1451 ἑαυτῷ,
921 1359 1034 1427 δεύτε-

85 1477 146 1534 ρον
169 1451 219 1535 δὲ,
242 1448 262 1518 ἀ
284 1445 324 1520 εὖ
345 1452 434 1521 οἶδεν
456 1452 613 1522 οὐδέποτε
629 1455 786 1542 ἐσόμενα,
805 1464 909 1545 τολμᾷ
926 1461 1034 1541 λέγειν

85 1547 241 1637 ἀριθμῶν
258 1557 303 1630 εἰς
321 1548 415 1619 ὁπότ’
433 1556 540 1638 ἔσται,
560 1553 616 1619 καὶ
634 1544 684 1619 οἷν
700 1552 739 1619 τοὶ
752 1554 888 1638 σοι’ματα
899 1551 959 1636 οὐχ
970 1553 1033 1620 ἐστ’-

84 1676 175 1735 ρακε,
186 1649 316 1718 τούτων
324 1650 363 1717 τά
373 1649 520 1735 ὀνόματα
531 1653 627 1735 λέγει,
640 1653 789 1718 κλέπτων
799 1649 861 1736 τὴν
872 1648 1034 1736 ἀκρόασιν

83 1753 137 1817 καὶ
148 1752 351 1836 μιμούμενος
360 1748 438 1828 τούς
447 1748 576 1835 τάληθῆ
588 1756 751 1834 λέγοντας.
764 1747 815 1817 διδ
827 1751 882 1815 καί
893 1748 1033 1835 μάλιστα

83 1847 175 1928 ἄξιός
185 1853 253 1917 ἐστι
263 1857 448 1934 μισεῖσθαι,
471 1845 522 1914 ὅτι
540 1845 686 1933 πονηρὰς
697 1842 746 1914 τόν
757 1849 811 1914 καὶ
821 1845 861 1913 τά
872 1853 941 1913 των
951 1872 1032 1932 χρη-

15 1965 66 2018 100
83 1954 171 2013 στολν
182 1962 299 2033 σημεῖα
311 1950 507 2032 διαφθείρει.
528 1954 632 2013 ταῦτα
644 1944 676 2013 δ’
688 1946 792 2014 είπων
803 1950 940 2013 δίδωσιν
949 1944 1033 2013 ἀνα-

80 2054 207 2129 γνῶναι
228 2046 384 2133 ψήφισμα
404 2053 451 2134 τςό
472 2059 658 2132 γραμματεῖ
673 2046 880 2134 μακρότερον
896 2045 957 2132 μὲν
974 2054 1032 2131 τῆς

78 2143 230 2232 Ἰλιάδος,
253 2146 430 2228 κενότερον
448 2147 484 2214 δὲ
497 2154 566 2214 τεόν
581 2146 708 2232 λόγων,
730 2143 789 2225 οδς
799 2155 899 2214 είωθε
914 2149 1031 2232 λέγειν,

81 2247 208 2311 καὶτοῦ
220 2252 311 2331 βίον,
330 2243 370 2313 δν
381 2253 535 2333 βεβίωκε,
554 2244 675 2332 μεστὸν
687 2243 718 2312 δ’
731 2248 874 2313 ἐλπίδων
884 2242 948 2313 ούκ
958 2249 1033 2314 ἐσο-
1049 2272 1100 2329 491

82 2346 193 2428 μένων
217 2347 271 2411 καὶ
294 2348 525 2430 στρατοπέδων
546 2341 706 2412 οὐδέποτε
727 2349 1030 2428 συλλεγησομένων.

81 2441 263 2528 ἀπαγαγών
285 2445 317 2511 δ’
339 2441 426 2530 ὑμᾶς
446 2444 585 2511 ἀπωθεν
607 2441 671 2511 ἀπό
694 2450 757 2509 τοῦ
776 2445 958 2529 κλέμματος
978 2448 1033 2512 καὶ

81 2540 313 2625 ἀνακρεμάσας
330 2541 396 2609 ἀπὸ
413 2552 481 2609 των
499 2547 659 2626 ἐλπίδων,
682 2545 829 2609 ἐνταῦθα
841 2543 879 2627 δη
893 2548 1034 2629 συστρέ-

81 2653 145 2717 ψας
163 2638 285 2724 γράφει
303 2639 448 2706 κελεύων
465 2643 599 2707 ἑλέσθαι
620 2641 772 2724 πρέσβεις
792 2645 838 2716 είς
857 2637 1032 2726 Ἐρέτριαν,
1048 2654 1101 2711 49λ

82 2745 200 2818 οἵτινες
211 2737 385 2824 δεήσονται
395 2748 463 2806 τῶν
482 2737 683 2824 Ἐρετριέων,
704 2738 793 2806 πάνν
803 2738 867 2823 γάρ
879 2743 944 2806 ἔδει
956 2743 1032 2824 δεη-

80 2847 200 2924 θῆναι,
223 2840 337 2925 μηκέτι
355 2838 483 2906 διδόναι
499 2835 561 2923 την
578 2837 736 2916 σύνταξιν
752 2834 848 2922 ὑμῖν,
870 2834 910 2903 τά
934 2839 1032 2903 πέντε

79 2940 239 3023 τάλαντα,
262 2937 347 3006 ἀλλά
364 2943 508 3026 Καλλίην,
529 2939 585 3004 καὶ
601 2934 702 3003 πόλιν
720 2937 850 3019 ἑτέρους
866 2938 1032 3019 αἱρεῖσθαι

81 3039 126 3112 εἰς
138 3032 255 3119 Ὠρεόν
272 3033 355 3119 πρὸς
371 3031 450 3112 τούς
464 3030 609 3117 Ὠρείτας
626 3032 795 3119 πρέσβεις,
819 3035 937 3108 οἵτινες
954 3033 1031 3116 δεή-

80 3156 194 3202 σονται
208 3133 269 3202 τὸν
285 3131 388 3203 αὐτόν
404 3132 590 3219 Ἀθηναίοις
607 3139 708 3217 φίλον
725 3134 780 3199 καὶ
796 3127 920 3216 ἐχθρόν
937 3139 1033 3216 νομί-

12 3256 56 3311 1⁰1
77 3237 142 3311 ζειν
160 3231 251 3300 εἶναι.
278 3237 390 3300 ἔπειτα
408 3230 626 3316 ἀναφαίνεται
642 3232 717 3314 περὶ
733 3227 854 3297 ἅπαντ’
870 3223 918 3296 τόν
936 3232 972 3296 έν
984 3237 1030 3315 τῷ
1048 3248 1100 3304 493

77 3336 262 3415 ψηφίσματι
284 3329 366 3413 πρὸς
383 3339 431 3421 τῷ
447 3335 622 3417 κλέμματι,
645 3331 776 3417 γράψας
793 3328 834 3396 τά
853 3330 951 3396 πέντε
972 3327 1031 3394 τά-

77 3435 180 3494 λαντα
202 3428 280 3508 τούς
300 3432 452 3516 πρέσβεις
474 3428 590 3510 ἀξιοῦν
611 3431 689 3507 τούς
708 3426 854 3510 Ὠρείτας
876 3427 924 3511 μή
936 3423 1039 3507 ὑμῖν,
1051 3443 1115 3490 m
