2340 3916
317 186 451 244 ΚΑΤΑ
471 186 852 245 ΚΤΗΣΙΦΩΝΤΟΣ.
997 182 1060 249 185

104 356 202 432 λομαι
213 360 392 429 προειπεῖν.
405 343 623 430 πυνθάνομαι
631 341 696 430 γὰρ
707 348 812 424 λέξειν
818 355 1057 434 Δημοσθένην,

105 447 147 524 ἀς
158 445 178 534 ἡ
191 448 287 526 πόλις
297 444 358 514 ὑπ’
371 444 475 513 αὐτοῦ
488 445 549 531 μὲν
569 442 733 530 ἀφέληται
749 444 872 532 πολλὰ,
896 445 956 513 ὑπ’
975 450 1058 533 ἐμοῦ

106 547 141 613 δὲ
155 550 435 632 καταβέβλαπται,
457 541 583 611 καὶτὸν
594 549 761 612 Φίλιππον
772 546 825 611 καὶ
836 544 897 611 τὸν
904 541 1058 623 Ἀλέξαν-

105 653 185 731 δρου
196 651 250 714 καὶ
261 645 319 725 τάς
331 644 395 733 ἀπό
408 646 537 714 τούτων
546 651 650 723 αἰτίας
666 643 813 713 ἀνοίσειν
824 643 875 712 ἐπ’
892 648 955 731 ε’μέ,
968 646 1056 713 οὕτω

103 746 167 830 γάρ
180 749 285 830 ἐστιν,
311 743 354 823 ἀς
366 751 468 830 ἔοικε,
491 741 600 823 δεινός
611 743 812 830 δημιουργός
824 743 950 828 λόγων,
974 742 1057 812 ὥστε

103 843 165 911 οὐκ
184 843 312 930 ἀπόχρη
331 843 438 933 αὐτῷ,
462 856 494 912 εἰ
508 872 538 911 τι
554 851 789 929 πεπολίτευμαι
807 841 887 928 παρ’
900 839 979 929 ὑμῖν
991 841 1055 928 ε’γιδ

103 939 125 1028 ἢ
149 953 279 1022 εἰτινας
301 947 502 1029 δημηγορίας
531 953 663 1028 εἰρηκα,
695 942 825 1009 τούτων
849 957 1055 1028 κατηγορεῖν,

55 1058 84 1112 16
105 1040 188 1108 ἀλλά
206 1045 259 1109 καὶ
277 1039 339 1127 την
355 1039 496 1128 ἡσυχίαν
513 1067 578 1128 μου
594 1049 655 1108 τοῦ
666 1048 742 1129 βίου
754 1042 923 1128 διαβάλλει
934 1044 988 1110 καὶ
1000 1052 1057 1130 της

104 1149 229 1225 σιωπῆς
240 1167 306 1226 μου
319 1155 509 1226 κατηγορεῖ,
529 1144 585 1207 ἵνα
596 1142 708 1226 μηδεὶς
719 1138 808 1228 αὐτῷ
820 1139 920 1221 τόπος
931 1139 1056 1208 ἀσυκο-

103 1242 268 1325 φάντητος
291 1247 544 1327 παραλείπηται,
567 1242 623 1308 καὶ
640 1241 698 1319 τάς
716 1244 752 1307 ἐν
774 1255 841 1318 τοῖς
861 1248 1057 1326 γυμνασίοις

105 1337 185 1424 μετά
197 1348 264 1405 τοῖν
276 1341 448 1426 νεωτέρων
460 1366 526 1427 μου
538 1339 706 1426 διατριβὰς
717 1343 979 1426 καταμέμφεται,
1002 1342 1056 1407 καὶ

103 1438 185 1505 κατά
208 1445 307 1526 τῆσδε
328 1447 386 1525 τῆς
403 1448 541 1526 κρίσεως
557 1437 663 1517 εὐθὺς
680 1437 863 1525 ἀρχόμενος
879 1439 1055 1523 τοῦλόγου

103 1541 196 1621 φέρει
205 1537 278 1605 τινά
291 1543 409 1624 αἰτίαν,
423 1541 538 1624 λέγων,
552 1536 595 1617 ὡς
604 1537 667 1624 ἐγω
679 1537 741 1624 την
752 1537 887 1623 γραφήν
897 1535 958 1622 οὐχ
970 1534 1054 1621 ὑπὲρ

101 1646 159 1724 τῆς
170 1639 297 1717 πόλεως
309 1640 519 1726 ἐγραφόμην,
543 1637 616 1706 ἀλλ’
637 1637 890 1723 ἐνδεικνύμενος
901 1635 1052 1714 Ἀλεξάυ-
1071 1645 1122 1699 611

52 1753 83 1807 [7
104 1743 171 1826 δρφ
185 1739 238 1804 διὰ
248 1737 309 1824 τὴν
327 1739 410 1821 πρός
425 1736 529 1805 αὐτόν
547 1743 680 1823 ἔχθραν.
705 1739 760 1805 καὶ
777 1736 818 1822 νὴ
833 1741 902 1820 Δί’,
929 1732 972 1813 ως
991 1736 1053 1819 ε’γιδ

104 1836 333 1921 πυνθάνομαι,
345 1839 454 1922 μέλλει
464 1862 504 1922 με
516 1835 705 1922 ἀνερωτᾶν,
719 1834 773 1903 διά
785 1842 819 1902 τί
826 1833 862 1902 τό
874 1835 935 1921 μὲν
947 1836 1055 1920 κεφά-

102 1944 264 2021 λαιουτης
276 1943 439 2014 πολιτείας
451 1931 555 2002 αὐτοῦ
573 1939 679 2021 ψέγω,
702 1933 742 2002 τά
762 1931 894 2002 δὲκαθ’
914 1936 1054 2003 ἕκαστον

101 2032 163 2101 οὐκ
175 2034 323 2102 ἐκώλυον
335 2032 408 2102 οὐδ’
423 2035 627 2121 ἐγραφόμην,
641 2033 724 2103 ἀλλά
737 2032 899 2101 διαλιπών
908 2036 962 2103 καὶ
972 2032 1056 2118 πρὸς

101 2132 163 2218 την
178 2140 345 2201 πολιτείαν
362 2135 403 2200 οό
421 2133 533 2201 πυκνά
551 2133 700 2217 προσιτὸν
717 2131 888 2220 ἀπήνεγκα
899 2132 961 2219 τὴν
971 2160 1056 2220 γρα-

103 2231 180 2317 φήν,
204 2231 269 2314 ἰγά
293 2231 328 2298 δὲ
350 2230 427 2298 οὔτε
448 2232 507 2311 τάς
530 2235 774 2318 Λημοσθένους
795 2229 965 2318 διατριβὰς
981 2232 1053 2317 ἑξή-

99 2340 205 2412 λωκα,
229 2329 300 2398 οὔτ’
323 2333 375 2399 ἐπὶ
392 2345 461 2410 ταῖς
476 2334 622 2417 ἐμαυτοῦ
643 2333 865 2449 αἰσχύνομαι,
879 2331 955 2399 οὔτε
976 2330 1054 2407 τούς

100 2432 292 2516 εἰρημένους
313 2427 393 2496 έν
373 2445 455 2515 υμιν
478 2428 638 2515 λόγους’
621 2437 751 2519 εμαυτῷ
779 2427 944 2515 ἀρρήτους
968 2455 1053 2496 ειναι

97 2536 297 2614 βουλοίμην,
321 2527 397 2595 οίίτε
414 2527 454 2595 τά
473 2526 557 2595 αὐτοὶ
569 2554 676 2617 τουτφ
694 2529 925 2615 δημηγορήσας
938 2527 1049 2608 έδεξά-
1070 2541 1123 2596 61λ

52 2650 81 2701 18
101 2654 167 2713 μην
179 2623 223 2693 ἀν
235 2633 302 2711 ζῆν.
316 2654 377 2713 την
390 2626 450 2694 δΗ
434 2654 516 2713 εμην
528 2625 667 2714 σιωπὴν,
681 2655 705 2694 ω
696 2620 979 2713 Δημόσθενες,
960 2655 981 2711 η
993 2635 1054 2694 τοῦ

100 2733 177 2811 βίου
196 2724 368 2811 μετριότης
387 2725 649 2812 παρεσκεύασεν·
673 2723 770 2812 ἀρκει
789 2725 854 2846 γμίρ
876 2752 932 2811 μοι
952 2724 1053 2811 μικρά

99 2830 152 2892 καὶ
174 2824 336 2910 μειζόνων
355 2830 496 2909 αἰσχρός
514 2823 576 2892 οὐκ
593 2828 763 2911 ἐπιθυμοῖ,
788 2821 872 2892 σ’ίστε
895 2827 949 2891 καί
972 2831 1053 2910 σιγῶ

99 2928 153 2991 καί
175 2929 259 3009 λέγω
286 2924 571 3010 βουλευσάμενος,
605 2921 679 2991 ἀλλ’
702 2921 765 2990 οάκ
787 2919 1053 3008 ἀναγκαζόμενος

99 3020 233 3108 ὑπὸτῆς
247 3027 283 3089 ἐν
294 3029 333 3110 τη
346 3020 446 3106 φύσει
458 3021 616 3107 δαπάνης.
626 3018 673 3113 Ισύ
688 3017 731 3107 δ’,
746 3015 853 3106 οἶμαι,
864 3020 978 3107 λαβσίν
990 3020 1051 3105 μέν

100 3130 289 3208 σεσίγηκας,
309 3121 484 3201 ἀναλώσας
496 3123 532 3190 δὲ
543 3125 714 3207 κέκραγας.
731 3124 833 3205 λέγεις
845 3120 880 3187 δὲ
894 3118 955 3205 οὐχ
966 3117 1054 3187 ὁπό-

97 3250 160 3290 ταν
172 3243 223 3288 σοι
236 3225 320 3308 δοκῇ
332 3217 406 3289 οὐδ’
421 3217 584 3308 ἀβοόλει,
606 3216 680 3287 ἀλλ’
698 3216 825 3288 ὁπόταν
837 3222 871 3287 οί
886 3219 1050 3303 μισθοδό-

96 3349 148 3388 ται
167 3342 218 3387 σοι
236 3319 498 3401 προστάττωσιν·
522 3316 584 3387 οὐκ
603 3315 742 3404 αἰσχύνη
761 3320 796 3383 δὲ
809 3314 1049 3400 ἀλαζονευόμε-

52 3439 79 3493 [9
99 3448 171 3504 νος,
198 3418 219 3485 ἀ
241 3427 439 3505 παραχρῆμα
459 3421 608 3506 ἐξελέγχῃ
628 3416 845 3502 ψευδόμενος.
877 3413 1049 3499 ἀπηνέχθη
