2340 3916
77 181 186 247 ·82
328 163 343 192 ⁸
477 176 774 234 ΑποοτΑτΜΑτιΑ.

106 367 134 411 94
231 349 283 414 92.
312 349 414 431 κυρία
444 347 622 431 ἐκκλησία·
653 347 725 414 Ὑπ.
747 347 783 415 ἐν
809 351 856 431 τῷ
879 348 960 414 κατὰ
982 348 1122 428 Δημέου

144 435 260 519 ξενίας,
283 434 311 502 εἰ
332 434 471 514 γνήτιοε.
509 432 671 518 Harpocr.
1091 480 1095 485 .

106 535 133 580 το
231 519 283 585 93.
315 521 479 584 Χαλκεῐα·
509 518 580 583 Ὑπ.
611 517 646 585 ἐν
674 523 721 603 τῷ
744 518 826 583 κατὰ
845 515 981 598 Δημέου
1003 515 1122 586 ξενίαι.

143 605 185 674 τὰ
200 606 339 674 Χαλκεῑα
353 605 448 685 ἑορτὴ
463 603 538 682 παρ’
558 599 750 686 Ἀθηναίοις
764 597 923 686 ἀγομένη.
953 600 1010 667 Ηο,
1053 623 1119 670 οοτ.

230 691 404 755 Praeterea
429 688 493 753 huc
520 687 633 752 retulit
660 685 693 751 S.
722 687 829 752 facete
857 686 981 753 dietum
1040 709 1120 788 ype-

143 773 226 842 ridis
249 775 406 841 adversus
424 773 584 839 Demeam
605 771 764 837 Demadis
786 771 892 839 filium
914 792 957 837 ex
978 770 1119 838 tibicma

144 868 275 928 natum:
306 860 347 927 οὐ
378 859 543 938 ειωττήεει,
571 858 749 943 μειράκιον,
778 860 887 939 μεῖζον
914 858 971 936 τῆ(
997 858 1120 939 μητρὸς

145 947 232 1027 ἔχων
260 947 298 1012 τὸ
326 947 455 1027 φύτημα
478 942 568 1026 (Ath.
591 941 696 1024 XIII,
717 941 780 1007 591
804 943 858 1026 Ρη
888 940 1029 1009 Philem.
1051 943 1119 1009 lex.

20 1072 23 1077 -
146 1030 286 1097 technol.
302 1054 335 1116 p.
353 1029 413 1093 191
429 1029 553 1112 Osann,
569 1026 722 1093 Eustath.
739 1026 782 1092 ad
798 1025 837 1091 Il.
853 1050 885 1114 p.
904 1025 996 1108 1151,
1014 1025 1037 1091 9
1051 1027 1119 1114 R.)‚

166 1116 233 1182 uod
253 1124 364 1180 tamen
391 1136 457 1179 non
479 1136 521 1178 ex
543 1113 705 1193 oratione,
735 1112 794 1178 sed
815 1120 853 1177 ut
875 1110 1121 1198 apophthegm&

146 1201 280 1288 a'quod
302 1200 446 1265 affertur.

95 1366 139 1411 xv
399 1349 512 1416 XVII.
549 1350 658 1417 ΠΡΟ(
682 1351 866 1418 ΔΗΜΕΑΝ.

108 1487 135 1529 ο
233 1471 286 1536 95.
315 1467 499 1545 Λουσιεύς·
531 1468 603 1535 Ὑπ.
638 1468 674 1536 ἐν
708 1474 755 1552 τῷ
783 1470 866 1551 πρὸ(
897 1471 955 1551 τὴν
982 1470 1121 1551 Δημέου

146 1558 288 1639 γραφήν.
311 1593 350 1603 -
373 1555 535 1661 Ηοτροοτ.
672 1638 681 1661 ς

108 1657 134 1698 98
146 1725 220 1792 Poll
220 1641 594 1808 119ξό.ΧῗκῙεὲοττοιημοιτοι
614 1640 662 1705 δὲ·
682 1639 744 1704 Υπ.
760 1639 796 1706 ἐν
811 1645 857 1722 τῷ
872 1639 955 1720 πρὸ(
969 1639 1119 1723 Δημέαν.

95 1890 149 1937 xw
217 1877 350 1945 XVHI.
394 1878 494 1945 ΚΑΤΑ
520 1875 757 1947 ΔΗΜΗΤΡΙΑ(
784 1875 1049 1943 ΑΠΟΕΤΑΕΙΟΥ.

109 2014 135 2056 το
236 1993 460 2061 Ἀποστασίου
488 1996 565 2079 δίκη
595 2032 645 2059 -.
684 1995 840 2062 πολλάκις
872 1995 906 2060 δ’
935 1995 1000 2061 ἐττὶ
1030 1995 1119 2077 παρὰ

147 2085 216 2149 τοῖε
238 2082 397 2165 ρήτορτιν,
419 2083 508 2161 παρὰ
529 2087 575 2165 τῷ
590 2079 687 2165 Λυτίᾳ
709 2080 745 2147 ἐν
767 2087 813 2164 τῷ
835 2082 918 2160 πρὸς
939 2080 1118 2162 Ἀριττόδη-

148 2189 210 2248 μον
232 2169 285 2234 καὶ
305 2167 379 2233 Ὑπ.
403 2167 507 2249 ἐντῷ
529 2164 610 2231 κατὰ
630 2166 716 2246 Δημ.
741 2166 797 2232 ἀπ.
820 2200 863 2214 -
884 2163 1049 2252 Harpoor.

74 2331 149 2376 xv1b
344 2316 444 2384 XIX.
480 2317 589 2384 ΥΠΕΡ
613 2317 924 2384 ΔΗΜΟΠΟΙΗΤΟΥ

551 2418 576 2473 εἰ
593 2418 715 2486 γνήτιοε.

98 2537 136 2582 100
180 2512 183 2518 ’
234 2522 286 2587 97.
308 2523 382 2588 Ὅτι
403 2523 439 2588 δὲ
461 2522 590 2589 τούτοις
612 2525 709 2602 μετῆν
731 2525 788 2600 τῆς
802 2522 978 2604 πολιτείας,
1001 2520 1053 2589 οἷ(
1070 2520 1116 2601 εἴη

147 2608 232 2675 Ζεὺε
254 2608 385 2690 ἕρκειος,
408 2609 570 2688 δεδήλωκε
592 2606 643 2672 καὶ
663 2607 736 2673 Ὑπ.
760 2606 863 2691 ἐντῷ
886 2605 968 2688 ὑπὲρ
991 2611 1117 2690 δημοπ.,

149 2694 177 2760 εἰ
198 2695 336 2773 γνήτιοε.
361 2729 399 2739 -
423 2691 526 2777 Harp.
552 2712 578 2755 s.
600 2714 634 2755 v.
657 2691 779 2771 ἕρκειοτ
801 2691 892 2758 Ζεύς

378 2842 459 2908 XX.
498 2843 597 2908 ΚΑΤΑ
623 2842 882 2909 ΔΙΟΠΕΙΘΟΥΕ.

234 2962 287 3029 Of.
309 2983 369 3048 pro
391 2959 588 3046 Euxenippo
610 2961 671 3024 col.
694 2960 746 3025 39.

76 3128 150 3172 xvm
399 3110 497 3176 XXI.
533 3112 642 3180 ΠΡΟ(
666 3111 865 3178 ΔΙΩΝΔΑΝ.

233 3231 275 3297 V.
297 3230 394 3295 Dem.
418 3228 458 3295 de
480 3251 601 3296 corona
619 3230 698 3315 2223
727 3230 795 3295 Vit.
817 3229 851 3295 X
870 3252 916 3296 or.
938 3254 972 3319 p.
994 3232 1058 3299 848
1076 3232 1118 3299 Ε.

150 3316 194 3384 ef.
216 3339 250 3404 p.
273 3315 336 3380 846
358 3317 401 3380 A.

149 3439 354 3451 ....----...

149 3507 183 3560 99
202 3501 305 3573 μηδέου
323 3504 354 3559 0.
384 3531 416 3543 -
446 3508 479 3559 99
496 3501 587 3571 δήμου
605 3504 661 3560 Bc,
684 3530 717 3543 —
747 3507 780 3558 9ο
797 3502 916 3573 δημαίου
933 3505 1014 3561 ABG.
