2340 3916
152 189 193 253 14
499 168 754 254 Αιεκιαον

153 350 318 434 πρότερον
340 355 375 419 ἐν
396 359 443 440 τῷ
467 351 556 441 λόγῳ
585 353 811 441 ἐπεμνήσθην.
844 360 964 425 ἐκεῖνοι
985 364 1046 445 μέν
1067 386 1105 444 γε

153 446 338 536 ᾐσχύνοντο
355 453 415 528 ἔξω
427 448 488 535 τὴν
498 465 589 536 χεῖρα
602 455 730 535 ἔχοντες
747 456 871 539 λέγειν,
898 463 1059 542 Τίμαρχος
1071 459 1107 526 δὲ

154 545 268 615 οὑτοσὶ
285 545 327 614 ού
343 549 462 634 πύλαι,
484 546 567 617 ἀλλά
584 548 702 638 πρῴην
718 553 796 619 ποτε
815 557 912 638 ῥίψας
928 557 1108 642 θοίμάτιον

153 644 280 730 γυμνὸς
300 649 554 732 ἐπαγκρατίαζεν
576 651 613 715 ἐν
629 655 669 735 τῇ
688 652 860 740 ἐκκλησίᾳ,
889 652 977 721 ούτω
996 666 1110 737 κακῶς

155 747 210 810 καὶ
226 749 368 831 αἰσχρῶς
383 750 589 832 διακείμενος
604 745 641 814 τὸ
662 755 757 834 σῶμα
767 746 833 817 ύπδ
846 754 951 837 μέθης
961 756 1016 820 καὶ
1027 758 1108 840 βδε-

157 849 287 926 λυρίας,
310 841 393 911 ύστε
410 843 488 922 τούς
506 869 543 928 γε
561 837 600 910 εὖ
616 855 825 930 φρονοῦντας
843 850 1108 933 ἐγκαλύψασθαι,

102 951 136 1004 54
157 944 397 1026 αἰσχυνθέντας
408 939 491 1029 ύπέρ
502 949 559 1028 τῆς
571 943 713 1030 πόλεως,
737 951 767 1013 εί
782 947 943 1027 τοιούτοις
955 952 1109 1036 συμβού-

155 1048 224 1118 λοις
235 1039 401 1126 χρώμεθα.
414 1037 620 1109 ἀσνυιδωνὸ
634 1046 817 1130 νομοθέτης
831 1045 1013 1132 διαρρήδην
1024 1045 1109 1115 ἀπέ-
1129 1063 1161 1116 αῖ

158 1139 280 1222 δειξεν,
303 1134 362 1217 οδς
379 1135 441 1225 χρὴ
462 1143 660 1225 δημηγορεῖν
676 1143 732 1209 καὶ
749 1140 808 1221 ούς
824 1140 864 1210 ού
882 1149 935 1210 δεῖ
948 1147 1057 1229 λέγειν
1070 1148 1109 1212 ἐν

156 1244 203 1325 τῷ
221 1235 323 1324 δήμω.
347 1239 401 1304 καλ
420 1235 482 1305 ούκ
494 1235 673 1305 ἀπελαύνει
685 1237 749 1307 ἀπὸ
765 1249 826 1308 τοῦ
836 1242 996 1329 βήματος,
1020 1252 1054 1310 εί
1059 1270 1109 1322 τις

156 1336 200 1424 μή
223 1337 401 1423 προγόνων
417 1342 484 1406 ἐστὶ
507 1348 574 1406 των
595 1342 901 1428 ἐστρατηγηκότων,
925 1339 1006 1410 οὐδέ
1021 1369 1061 1428 γε
1081 1350 1111 1410 εί

156 1441 274 1522 τέχνην
291 1436 363 1504 τιυά
381 1437 546 1522 ἐργάζεται
565 1440 804 1527 έπικουρωντῇ
813 1439 976 1530 ἀναγκαία
987 1451 1109 1529 τροφῇ,

156 1533 239 1604 ἀλλά
253 1538 307 1604 καὶ
318 1536 518 1615 τούτουςκαλ
529 1537 669 1621 μάλιστα
680 1535 864 1624 ἀσπάζεται,
877 1541 932 1606 καὶ
944 1535 997 1606 διά
1009 1546 1110 1605 τοῦτο

157 1635 314 1715 πολλάκις
346 1639 510 1724 ἐπερωτᾷ,
541 1642 589 1713 τίς
618 1632 794 1720 ἀγορεύειν
825 1636 989 1723 βούλεται.
1020 1644 1113 1713 τίνας
1131 1652 1166 1703 ‘28

157 1739 176 1800 δ
181 1733 189 1757 ’
199 1731 260 1801 ούκ
269 1733 351 1823 ᾤετο
359 1739 430 1803 δεῖν
436 1738 562 1820 λέγειν;
573 1734 651 1812 τούς
658 1734 1017 1822 αἰσχρῶςβεβιωκότας·
1030 1737 1113 1803 τού-

158 1857 236 1910 τους
248 1829 310 1899 ούκ
323 1836 362 1921 ἐᾷ
373 1838 581 1919 δημηγορεῖν.
595 1835 650 1901 καὶ
661 1842 729 1901 πού
739 1843 837 1901 τοῦτο
851 1839 958 1919 δηλοῖς
970 1838 1112 1919 δοκιμα-

160 1937 230 2011 σία,
251 1933 348 2017 φησὶ,
361 1933 530 2017 ρητόρων·
542 1932 602 1999 έάν
616 1958 664 2010 τις
674 1935 753 2020 λέγη
764 1935 855 2020 ἐντῷ
868 1933 960 2019 δήμῳ
972 1930 1033 1999 τὸν
1045 1958 1113 1997 πα-

159 2032 236 2110 τέρα
247 2029 382 2095 τύπτων
399 2025 493 2115 ἢτην
503 2034 642 2116 μητέρα,
660 2026 683 2116 ἢ
693 2029 737 2116 μή
749 2033 899 2116 τρέφων,
919 2026 994 2116 ἢμὴ
1006 2032 1113 2113 παρέ-

160 2154 228 2213 χων
241 2137 384 2214 οἴκησιν·
408 2139 529 2197 τούτου
546 2127 608 2196 οὐκ
620 2132 660 2218 ἐᾷ
671 2133 788 2214 λέγειν.
813 2129 854 2215 νὴ
864 2138 930 2197 Δία
941 2135 1051 2208 καλῶς
1061 2155 1111 2213 γε,

163 2222 206 2303 ὡς
217 2226 283 2310 έγιύ
301 2253 394 2313 φημι.
418 2226 471 2295 διά
483 2235 517 2295 τί
520 2257 529 2309 ;
552 2226 620 2314 ὅτι,
635 2238 667 2297 εί
673 2255 738 2312 τις,
750 2226 809 2306 οὓς
820 2232 852 2309 ἐξ
863 2237 939 2297 δσου
953 2234 1005 2296 δεῖ
1012 2237 1113 2315 τιμᾶν

158 2335 342 2408 τοῖςθεοίς,
365 2332 412 2404 είς
422 2325 561 2404 τούτους
579 2328 647 2395 ἐστὶ
665 2334 808 2411 φαῦλος,
830 2332 864 2393 τί
877 2350 973 2409 ποτε,
996 2327 1111 2411 φησὶν,

160 2424 217 2493 ὑπ’
235 2423 340 2493 αὐτοῦ
351 2431 519 2493 πείσονται
531 2430 565 2494 οί
574 2423 741 2510 ἀλλότριοι
751 2421 837 2511 καὶὴ
850 2423 944 2502 πόλις
957 2421 1034 2510 ὅλης
1057 2428 1113 2492 καὶ

159 2534 224 2594 τίσι
235 2525 393 2608 δεύτερον
401 2523 518 2593 ἀπεῖπε
528 2524 572 2611 μὴ
582 2529 707 2610 λέγεινς
725 2519 817 2610 ἥτάς
827 2530 1006 2607 στρατείας,
1018 2524 1112 2608 φησὶ,
1132 2538 1165 2595 29

161 2652 204 2709 μη
217 2627 482 2709 ἐστρατευμένος,
498 2623 574 2692 ὅσαι
585 2619 628 2690 ἀν
639 2621 730 2712 αύτῷ
742 2629 1006 2708 προσταχθῶσιν,
1018 2616 1040 2706 ἢ
1051 2619 1115 2706 τὴν

163 2719 285 2788 ἀσπίδα
297 2719 549 2808 ἀποβεβληκώς,
574 2725 683 2789 δίκαια
695 2723 810 2806 λέγων.
833 2727 868 2787 τί
877 2717 919 2805 δή
936 2744 1029 2797 ποτε;
1052 2717 1116 2785 ἀν-

111 2838 143 2888 55
162 2829 295 2902 θρωπε,
316 2826 356 2905 τῇ
374 2819 485 2901 πόλει,
508 2817 592 2903 ὑπὲρ
609 2810 649 2902 ἧς
665 2816 705 2885 τά
724 2816 810 2886 ὅπλα
822 2817 866 2903 μὴ
880 2825 1009 2884 τίθεσαι
1025 2811 1114 2903 ἦδιά

164 2921 287 2983 δειλίαν
304 2915 348 3001 μη
368 2915 510 2994 δυνατὸς
526 2916 555 2984 εἶ
571 2921 751 3003 ἐπαμῦναι,
773 2917 855 3003 μηδὲ
873 2915 1116 3004 συμβουλεύειν

164 3012 267 3094 ἀξίου.
290 3021 402 3096 τρίτον
413 3022 478 3082 τίσι
489 3018 688 3101 διαλέγεται;
708 3012 1022 3101 ἢπεπορνευμένος,
1048 3040 1116 3099 φη-

166 3116 230 3198 σὶν,
241 3109 264 3200 γ’γ’
270 3110 469 3200 ἡταιρηκώς·
482 3111 542 3181 τὸν
554 3112 661 3199 γάρτδ
674 3122 770 3200 σῶμα
780 3110 818 3181 τὰ
830 3116 951 3182 ἐαυτοῦ
960 3111 1008 3198 ἐφ’
1018 3111 1117 3198 ύβρει

165 3212 355 3297 πεπρακότα
366 3217 421 3280 καὶ
431 3210 471 3280 τά
482 3210 577 3280 κοινά
586 3209 626 3280 τά
637 3211 959 3300 τῆςπόλεωςρᾳδίως
969 3209 1115 3296 ἡγήσατο

132 3382 135 3389 ,
165 3310 408 3380 ἀποδώσεσθαι.
432 3313 587 3394 τέταρτον
599 3317 663 3377 τίσι
675 3314 869 3396 διαλέγεται;
883 3306 955 3397 ἦτά
966 3317 1114 3395 πατρῷα,

167 3411 264 3496 φησὶ,
283 3405 545 3496 κατεδηδοκώςῆ
556 3403 606 3476 οἷν
616 3406 659 3477 ἀν
669 3409 874 3496 κληρονόμος
883 3412 1031 3495 γένηται·
1056 3408 1116 3474 τὸν
