2340 3916
392 200 478 253 vm
496 198 708 255 Annocmls.
975 200 1046 255 xm

77 331 344 419 ναυκληρίᾳκαὶ
365 343 435 408 τοῖς
456 355 492 398 τε
506 336 671 414 Κυπρίων
692 335 870 415 βασιλεῦσι
891 330 948 398 καί
963 337 1045 398 πολ-

74 439 150 513 λοίς
171 434 288 511 ἄλλοις
315 434 525 519 ἐπεξενώθη·
556 432 611 499 ὅτε
633 434 690 498 καί
715 436 797 517 μίαν
824 437 894 499 των
915 437 1081 504 πολιτί-9

74 539 163 621 δων,
188 534 395 622 Ἀριστείδου
422 535 613 619 θυγατέρα,
643 532 790 612 ἀνεψιόν
813 528 922 600 οὖσαν
944 532 1046 623 αὐτῷ,

76 638 192 725 λάθρᾳ
222 641 291 702 τοῖν
324 638 459 703 οἰκείων
493 634 666 719 ἐξαγαγών
700 639 827 722 ἔπεμψε
859 637 972 721 δῶρον
1002 640 1048 722 τῷ

79 742 248 824 Κυπρίων
275 741 418 822 βασιλεῖ.
469 740 602 822 μέλλων
629 736 661 803 δ’
693 736 750 803 ἐπὶ
772 739 904 814 τούτοις
926 739 974 815 εἰς
995 739 1050 802 δι-

82 839 267 926 καστήριον
284 839 491 922 ἐἰσάγεσθαι
518 843 624 904 πάλιν
652 837 760 924 αὐτήν
783 839 961 919 ἐξέκλεψεν
983 836 1049 903 ἀπὸ

80 945 140 1027 τής
163 941 324 1025 Κύπρου,
349 941 405 1006 καὶ
427 942 570 1025 ληφθείς
592 939 659 1007 ὑπὸ
681 946 742 1006 τοῦ
756 942 921 1026 βασιλέως
936 940 1047 1024 ἐδέθη.

79 1041 222 1127 διαδρὰς
244 1040 276 1107 δ’
298 1033 383 1127 ήκεν
406 1045 452 1117 εἰς
473 1040 537 1126 τήν
559 1043 669 1127 πόλιν,
692 1042 775 1109 καθ’
799 1042 840 1109 δν
869 1041 994 1127 χρόνον
1016 1040 1054 1105 οἰ
1069 1062 1101 1112 10

80 1145 291 1229 τετρακόσιοι
320 1145 452 1209 διεῖπον
481 1141 522 1208 τοὶ
544 1146 733 1229 πράγματα.
784 1143 897 1221 δεθείς
925 1140 955 1209 δ’
981 1135 1049 1209 ὑπὸ

77 1247 210 1314 τούτων
237 1246 294 1312 καί
326 1244 506 1330 διαφυγών
539 1237 658 1329 αὖθις,
693 1241 793 1312 ὁπότε
827 1242 996 1329 κατελύθη
1028 1243 1049 1329 ή

79 1347 271 1434 ὀλιγαρχία,
301 1345 435 1424 ἐξέπεσε
456 1351 515 1432 τῆς
537 1348 665 1422 πόλεως
691 1352 762 1412 τῶν
783 1349 965 1433 τριάκοντα
987 1345 1050 1430 τήν
1068 1368 1099 1417 11

79 1448 185 1535 ἀρχήν
212 1451 490 1533 παραλαβόντων.
542 1447 682 1532 οἰκήσας
709 1450 747 1515 δὲ
768 1448 829 1515 τόν
857 1455 916 1535 τῆς
937 1454 1050 1534 φυγής

79 1553 206 1637 χρόνον
228 1548 404 1631 ἐν’Ήλιδι,
434 1549 672 1615 κατελθόντων
700 1555 769 1616 των
802 1551 880 1636 περὶ
908 1551 1051 1636 Θρασύ-

79 1656 209 1736 βουλον
236 1653 292 1716 καί
320 1650 421 1727 αὐτὸς
453 1645 538 1735 ήκεν
567 1654 613 1728 εἰς
645 1650 707 1737 τήν
740 1652 852 1718 πόλιν.
887 1693 928 1702 -
963 1672 1100 1736 non-12

81 1753 184 1838 φθείς
199 1753 236 1820 δέ
247 1753 325 1838 περὶ
338 1757 396 1838 τῆς
412 1751 548 1838 εἰρήνης
561 1755 609 1830 εἰς
623 1755 862 1836 Λακεδαίμονα
878 1754 934 1819 καὶ
950 1755 1051 1831 δόξας

78 1852 212 1920 α’δικεῑν
241 1857 356 1939 έφυγε.
388 1893 426 1903 -
457 1855 557 1939 δηλοῖ
581 1856 619 1920 δὲ
647 1855 724 1940 περὶ
752 1856 891 1920 πάντων
914 1853 953 1920 έν
980 1867 1050 1932 τοῖς
1071 1874 1101 1923 13

79 1958 195 2040 λόγοις
224 1946 275 2032 οἷς
302 1955 554 2041 συγγέγραφεν
586 1959 622 2021 οί
640 1957 704 2041 μὲν
730 1955 796 2041 γὰρ
818 1954 1051 2041 ἀπολογουμέ-

80 2082 147 2123 νου
169 2057 246 2141 περί
268 2059 337 2122 τοῖν
358 2062 553 2141 μυστηρίων
569 2060 665 2141 εἰσίν,
689 2059 724 2123 οί
743 2060 780 2125 δὲ
803 2058 958 2124 καθόδου
973 2059 1050 2124 δεο-

82 2159 198 2245 μένου.
220 2196 263 2207 —-
285 2158 423 2238 σοόζεται
445 2157 478 2223 δ’
502 2158 610 2225 αὐτοῦ
638 2163 694 2226 καὶ
717 2156 735 2225 ὁ
757 2163 835 2245 περί
856 2163 915 2244 τής
937 2160 1049 2225 ένδεί-
1069 2176 1102 2227 14

79 2263 163 2340 ξεως
191 2262 291 2342 λόγος
324 2263 380 2325 καλ
407 2259 572 2344 ἀπολογία
604 2260 688 2346 πρὸς
718 2267 853 2328 Φαίακα
885 2259 941 2328 καὶ
974 2263 1051 2345 περὶ

77 2366 140 2448 τής
169 2363 314 2448 εἰρήνης.
344 2401 385 2410 -
413 2362 470 2427 καί
498 2360 626 2446 ἤκμακε
655 2363 718 2446 μὲν
740 2362 825 2428 κατὰ
846 2367 970 2428 τοῦτον
991 2362 1051 2427 τὸν
1070 2379 1102 2429 1ο

82 2637 213 2689 Photium
238 2636 439 2687 omittitur.-
463 2636 500 2687 cf.
524 2640 616 2686 autom
641 2635 875 2698 Ι.γε.6,19.36
899 2637 928 2683 et
945 2633 1050 2684 Andoc

82 2709 112 2767 1,
146 2707 204 2755 145.
233 2707 250 2753 4
278 2712 393 2754 eto-
422 2706 446 2757 9.
476 2705 517 2753 De
545 2703 673 2752 Aristidis
704 2700 793 2751 filio
785 2718 814 2751 m
836 2701 962 2766 Lysinno
989 2716 1051 2751 orn·

81 2774 173 2835 tione,
201 2786 282 2836 qnam
309 2787 376 2822 sano
398 2771 524 2822 mutilam
547 2771 693 2832 habemns,
720 2769 790 2818 nihil
817 2769 929 2835 legitur.
974 2769 1051 2820 Reli·

80 2808 662 2989 11133311λὲ131312113
666 2837 906 2969 “titztii
903 2834 1053 2970 ’1153ίί1

82 2968 196 3044 βόντοον
213 2975 324 3039 ignorat
342 2975 436 3035 Phot.;
456 2990 507 3033 εως
526 2980 590 3024 anto
609 2972 665 3025 τῶν
683 2990 725 3037 τρ.
744 2973 806 3023 εδδ.
825 2975 958 3028 West.—
970 2973 1052 3024 Elide

80 3045 115 3094 A.
135 3042 305 3094 domicilium
325 3043 503 3092 constituisse
521 3056 657 3105 nusquam
674 3041 792 3106 legimus
811 3040 858 3102 (of.
876 3044 968 3090 autem
986 3042 1051 3106 Lyo.

81 3107 155 3188 66),
173 3125 264 3174 nequo
282 3111 352 3160 beno
370 3110 444 3161 hoec
463 3110 630 3160 conveniunt
648 3125 710 3158 oum
726 3108 796 3160 And.
816 3111 844 3171 1,
863 3110 934 3158 4.-
948 3111 988 3159 13.
1001 3124 1053 3159 κα·

80 3148 179 3230 θόδου
202 3177 307 3242 BXyL
330 3179 434 3229 Weot·
453 3170 652 3228 καθόλου-
676 3178 716 3229 14.
735 3176 897 3227 Orationem
913 3173 979 3240 περὶ
1002 3173 1053 3239 τῆς

81 3238 143 3299 ivo.
165 3246 200 3296 ab
218 3194 287 3294 illay
288 3260 358 3309 quae
379 3250 422 3296 est
441 3245 475 3294 do
493 3248 574 3308 myst.
591 3241 730 3295 diversam
753 3244 839 3294 habet
862 3243 1052 3321 SanppiusO.

81 3317 115 3365 Α.
136 3313 210 3377 Hp.
231 3313 293 3375 1653
312 3312 380 3362 mihi
398 3327 479 3364 secus
497 3312 613 3363 videtur.
633 3312 667 3362 de
686 3304 833 3392 ἀπολογία
851 3325 922 3375 προς
935 3310 1052 3360 Φαίακα

82 3381 209 3431 dixiAtt.
222 3350 332 3431 Bere’ds.
352 3396 388 3460 p.
400 3383 465 3459 330;
484 3379 597 3430 videtur
614 3395 669 3430 non
686 3378 797 3430 divorsa
816 3379 903 3428 fnisse
923 3383 1052 3441 nquartn

82 3454 239 3499 nostro.-
257 3450 296 3498 15.
316 3441 390 3499 κατολ
409 3441 460 3499 τόν
479 3438 568 3498 αὐτόν
587 3442 689 3513 χρόνον
709 3447 773 3497 mal
792 3448 937 3497 Westn-
961 3445 1052 3495 Ando-

85 3516 173 3567 cidem
193 3515 229 3566 ol.
248 3517 293 3578 18,
315 3519 444 3566 lnntnm
469 3530 530 3566 esse
550 3519 738 3580 computatum
761 3519 804 3565 est
828 3530 842 3564 o
862 3512 947 3564 Thuo.
968 3516 996 3578 1,
1020 3515 1050 3564 51
