2340 3916
161 190 202 250 98
510 186 764 245 ΑΙΣΧΙΝΟΤ

95 363 148 420 292
165 345 209 424 ὡς
227 345 444 433 ἀπαγγέλλειν
459 343 588 428 τόληθῆ
605 341 809 428 βουλόμενος
820 338 879 407 ὑπ’
892 344 973 426 ἐμοῦ
985 344 1039 409 καὶ
1050 350 1115 408 Φι-

164 446 347 528 λοκράτους
364 450 539 528 κωλυθείη.
562 439 625 526 ἐγώ
644 439 675 508 δ’
694 439 781 526 ὑμεῖς
798 437 902 526 ἡδέως
914 437 955 506 όν
965 442 1113 526 ἐροίμην,

165 553 198 611 εί
211 569 259 622 τις
276 543 408 610 πώποτε
422 539 611 627 Ἀθηναίων
628 538 831 626 πρεσβευτὴς
843 541 1071 623 έκπεμφθελςέ
1103 535 1111 560 '

165 635 213 718 οἷς
224 642 446 725 πεπρέσβευκε
464 639 647 706 κεκώλυται
664 635 816 724 πρδςτόν
830 641 936 722 δῆμον
947 636 1114 722 ἐπαγγέλ-

164 746 252 822 λειν,
270 739 329 805 καὶ.
343 745 446 804 ταῦτα
463 737 584 803 παθών
601 738 655 804 καὶ
667 735 858 821 ἀτιμασθεὶς
869 732 934 803 ὑπό
947 744 1015 802 τών
1027 755 1114 820 συμ-

165 840 335 923 πρέσβεων
352 837 490 914 τούτους
507 841 651 918 ἔγραψεν
667 837 834 902 ἐπαινέσαι
848 836 903 901 καί
915 835 1049 901 καλέσαι
1061 836 1113 901 ἐπὶ

166 939 311 1002 δείπνου.
344 936 566 1019 Δημοσθένης
582 939 697 999 τοίνυν
713 930 806 1017 ἥκων
824 930 888 999 οἷπό
906 930 1114 1017 τηςύστέρας

166 1039 350 1118 πρεσβείας,
363 1037 399 1098 ἐν
409 1024 431 1119 ᾗ
443 1051 522 1116 φησι
534 1031 573 1097 τόι
584 1039 651 1097 τών
663 1029 829 1116 Ἑλλήνων
841 1031 1015 1116 πράγματα
1026 1027 1113 1109 σίνα-

165 1139 344 1214 τραπηυαι,
366 1128 428 1195 ούκ
445 1133 544 1219 ἐντῷ
561 1137 744 1215 ψηφίσματι
760 1129 867 1214 μόνον
882 1127 969 1214 ἡμᾶς
985 1129 1111 1216 έπηνει.

166 1226 240 1293 ἀλλ’
263 1226 519 1312 ἀπαγγείλαντος
540 1227 622 1310 πρὸς
642 1227 702 1295 τόν
723 1233 829 1315 δῆμον
846 1232 929 1315 έμού
945 1227 1023 1306 τούς
1040 1229 1115 1312 περὶ
1134 1239 1167 1291 12

166 1335 233 1393 τών
248 1324 501 1411 Ἀμφικτυόνων
518 1328 638 1413 λόγους
655 1330 710 1394 καὶ
725 1336 896 1410 Βοιωτών,
919 1326 980 1412 οὐχ
1004 1325 1115 1409 ὥσπερ

166 1433 233 1492 νύν
246 1427 486 1510 συντέμνοντος
498 1425 573 1492 οὐδ’
586 1429 816 1512 ἐπειγομένου,
839 1424 912 1493 ἀλλ’
933 1423 977 1504 ὡς
994 1425 1114 1493 ἐδυνά-

167 1549 233 1607 μην
251 1519 333 1589 κατὰ
353 1525 440 1607 ῥῆμα
458 1521 690 1609 ἀκριβέστατα,
715 1527 770 1592 καί
788 1533 849 1591 τού
866 1525 973 1611 δήμου
984 1525 1115 1609 σφόδρα

168 1619 422 1706 ἀποδεχομένου,
434 1624 658 1707 παρακληθεὶς
670 1621 728 1688 ὑπ’
741 1625 824 1707 ἐμοῦ
833 1624 914 1708 μετὰ
925 1631 992 1690 τών
1004 1623 1116 1689 ἄλλων

169 1721 407 1804 συμπρέσβεων
424 1721 478 1786 καὶ
490 1720 750 1805 διερωτώμενος,
769 1726 800 1787 εί
807 1720 934 1806 τόληθῆ
947 1723 1001 1788 καὶ
1012 1717 1115 1786 ταύτὰ

169 1813 370 1900 οἷπαγγέλλωΔ
388 1816 470 1899 πρός
492 1815 705 1904 Ἀθηναίους,
738 1815 822 1900 ἅπερ
846 1816 927 1903 πρὸς
949 1824 1116 1884 Φίλιππον

100 1927 152 1981 293
170 1912 279 1998 εἶπον,
309 1914 444 1980 πάντων
466 1917 727 2000 μαρτυρούντων
751 1918 805 1984 καί
825 1916 1052 1985 ἐπαινούντων
1075 1941 1116 2001 με

170 2021 236 2079 τών
256 2018 494 2099 συμπρέσβεων
510 2013 693 2092 ἐπαναστὰς
710 2017 761 2082 ἐπὶ
779 2022 881 2082 πᾶσιν
903 2013 964 2082 οὐκ
982 2019 1046 2098 ἐφη
1063 2040 1114 2099 με,

172 2109 282 2193 ώσπερ
294 2114 362 2179 ἐκεῖ
372 2109 482 2196 εἷπον,
496 2111 601 2191 οὕτως
612 2115 704 2200 ἐντῷ
717 2111 857 2197 παρόντι
869 2118 985 2197 λέγειν,
998 2109 1071 2179 ἀλλ’
1081 2115 1116 2181 έ-

171 2224 225 2275 κεῖ
240 2213 417 2287 διπλασίως
432 2209 578 2296 ἄμεινον.
602 2213 656 2278 καὶ
672 2211 802 2278 τούτων
818 2209 912 2296 ὑμεῖς
931 2214 965 2277 οί
978 2208 1039 2295 τὴν
1050 2219 1117 2294 ’φη-

172 2334 240 2392 φον
252 2311 426 2399 μέλλοντες
438 2311 552 2393 φέρειν
564 2312 637 2376 ἐστέ
645 2335 701 2394 μοι
711 2311 883 2396 μάρτυρες.
897 2316 1004 2377 καίτοι
1014 2315 1061 2386 τίς
1073 2305 1116 2375 όν
1134 2320 1147 2371 l
1160 2354 1164 2359 ι

170 2406 260 2496 αύτῷ
272 2414 416 2474 καλλίων
427 2404 541 2491 καιρός
559 2409 686 2493 ἐγένετο
698 2405 719 2492 η’
732 2405 801 2475 τότ’
813 2411 988 2492 ἐξελέγχειν
1000 2403 1115 2491 εὐθύς,

171 2516 204 2574 εί
210 2533 241 2573 τι
253 2508 315 2591 την
325 2506 423 2575 πόλιν
433 2507 620 2592 έξηπύτων;
636 2504 702 2592 φὴς
712 2507 777 2591 γάρ
786 2532 826 2590 με
836 2507 872 2571 ἐν
881 2503 942 2589 μὲν
951 2512 991 2592 τη
1003 2504 1116 2590 πρώτη

170 2613 327 2693 πρεσβείᾳ
344 2614 461 2673 λαθεῖν
480 2605 605 2672 σαυτὸν
622 2604 844 2690 συνεστηκότα
861 2604 913 2670 ἐπὶ
930 2601 991 2686 την
1008 2602 1116 2685 πόλιν,

171 2707 207 2770 ἐν
229 2704 264 2770 δέ
284 2711 325 2790 τῇ
348 2701 470 2792 ὑστέρη
493 2707 687 2787 αἰσθέσθαι,
711 2696 787 2790 ἐνῇ
810 2700 1046 2786 συναγορεύων
1061 2725 1118 2785 μοι

172 2807 291 2884 φαίνει.
305 2799 457 2887 κάκείνης
476 2804 537 2887 μὲν
552 2801 620 2887 ἅμα
636 2809 829 2886 κατηγορών
845 2798 886 2867 ού
898 2802 963 2885 φὴς
976 2824 1097 2883 κατηγο

172 2913 258 2983 ρείν,
277 2907 335 2984 τῆς
347 2897 380 2966 δ’
398 2902 449 2967 ἐπὶ
459 2899 538 2977 τούς
548 2897 669 2983 ὅρκους
679 2913 878 2983 κατηγορεῖς.
892 2903 998 2964 καίτοι
1010 2901 1040 2962 εί
1056 2895 1118 2980 την

172 2997 308 3082 εἰρήνην
325 3001 449 3082 ψέγεις,
479 2994 522 3063 σύ
538 2999 593 3064 καὶ
609 2995 670 3083 τὴν
683 3001 870 3082 συμμαχίαν
879 2999 1039 3077 ἔγραψας·
1062 2995 1118 3060 καὶ

174 3102 336 3174 Φίλιππος
345 3107 377 3165 εί
383 3123 414 3162 τι
425 3095 485 3180 τὴν
497 3095 594 3163 πόλιν
604 3097 761 3181 ἐξηπάτα,
774 3094 828 3161 διὰ
839 3103 936 3161 τοῦτο
949 3093 1117 3173 ἐψεύδετο,

172 3194 262 3273 ὅπως
268 3203 325 3281 τῆς
333 3195 474 3281 εἰρήνης,
485 3193 567 3280 ἥπερ
577 3198 760 3280 συνέφερεν
767 3192 866 3279 αύτῷ,
876 3194 977 3278 τύχοι.
991 3189 1118 3258 οὐκοῦν

170 3290 191 3378 ἡ
208 3292 269 3378 μὶν
287 3298 428 3377 προτέρα
445 3300 599 3378 πρεσβεία
616 3294 675 3360 τόν
692 3291 810 3377 καιρόν
830 3300 949 3359 τούτου
970 3291 1073 3376 εἶχεν,
1098 3286 1118 3374 ἡ

172 3388 203 3457 δ’
217 3388 339 3469 ὑστέρα
351 3393 401 3457 ἐπὶ
414 3398 653 3478 πεπραγμένοις
665 3395 819 3476 ἐγίγνετο.
