2340 3916
138 197 179 261 53
516 193 728 245 Δεταεεεον
757 239 759 242 ,

139 363 225 444 ἔχειν
244 351 393 445 δρῶντας
416 355 453 422 έν
475 348 559 443 αὐτῇ
581 355 621 443 τῇ
644 353 738 422 πόλει
756 359 968 442 δωροδοκίαν
987 380 1107 440 γιγνο-

139 465 258 550 μένην;
276 467 336 530 καί
350 489 407 550 μοι
426 475 577 530 σκοπεῖτε
595 459 722 548 ταύτην
740 457 802 549 τὴν
821 460 954 547 στήλην.

551 612 690 667 ΣΤΗΛΗ.

86 797 120 846 26
217 798 346 880 Καίτοι,
366 784 392 862 ὦ
410 790 594 880 Ἀθηναῖοι,
612 797 648 859 τί
663 787 706 860 άν
726 801 840 860 οίεσθε
858 794 1008 872 ἐκείνους
1027 788 1113 872 τοὺς

139 899 265 990 άνδρας
283 903 420 986 ποιῆσαι
438 894 637 986 λαβόνταςῆ
657 895 845 987 στρατηγὸν
863 893 884 986 ἢ
904 897 1029 986 ῥήτορα
1048 922 1111 966 πο-

138 1012 233 1095 λίτην
252 1009 381 1075 ἑαυτῶν
400 1007 493 1094 δῶρα
511 1004 693 1093 δεχόμενον
711 1006 764 1073 ἐπὶ
783 1019 853 1085 τοῖς
870 1007 929 1091 τῆς
946 1009 1114 1093 πατρίδος

139 1115 386 1202 συμφέρουσιν,
411 1117 447 1179 οἳ
466 1109 526 1180 τὸν
550 1107 725 1200 άλλότριον
743 1111 798 1179 καὶ
817 1113 862 1202 τῷ
887 1111 975 1196 γένει
992 1111 1050 1179 καὶ
1068 1113 1113 1199 τῇ

139 1219 240 1306 φύσει
257 1222 315 1305 τῆς
329 1215 486 1298 Ἑλλάδος
504 1215 688 1307 ἄνθρωπον
707 1215 795 1286 οὕτω
816 1222 953 1298 δικαίως
966 1217 1022 1286 καὶ
1042 1236 1111 1284 σω-

139 1324 275 1414 φρόνως
306 1323 484 1414 §emmaum
516 1324 685 1413 τοιγάρτοι
715 1327 774 1412 της
800 1323 927 1404 πόλεως
954 1323 1011 1392 καὶ
1039 1325 1113 1391 τῶν

140 1431 317 1520 προγόνων
336 1429 435 1512 ἀξίως
454 1430 699 1499 ἐκινδύνευσαν
716 1428 801 1519 πρὸς
818 1429 878 1499 τὸν
896 1428 1080 1519 βάρβαρον.

549 1565 692 1618 ΛΕΙΠΕῙ.

604 1842 634 1906 3.

351 1995 498 2069 ΚΑΤΑ
525 1994 891 2070 ΦΙΛΟΚΛΕΟΤΣ.

221 2176 263 2239 Τί
278 2168 339 2261 χρὴ
354 2172 463 2257 λέγειν
481 2168 564 2260 πρὸς
582 2173 650 2239 τῶν
663 2173 757 2240 θεῶν
770 2173 845 2261 περὶ
863 2170 1027 2240 τοιούτων
1047 2168 1108 2239 άν-

30 2363 34 2369 Ι
137 2273 329 2367 &mimmii
345 2279 415 2358 πῶς
433 2276 598 2367 χρήσεσθε
616 2280 655 2366 τῇ
674 2276 797 2346 τούτου
811 2283 967 2367 πονηρίᾳ,
987 2273 1024 2358 ὃς
1043 2275 1109 2365 οὐχ

137 2381 224 2466 ἅπαξ
251 2381 334 2453 άλλά
362 2386 433 2474 τρὶς
461 2385 709 2472 ἐξεληλεγμένος
736 2379 802 2452 ὑπὸ
830 2386 888 2472 τῆς
915 2385 950 2465 ἐξ
975 2379 1108 2473 Ἀρείου

137 2489 246 2578 πάγου
265 2495 400 2580 βουλῆς,
419 2486 463 2572 ὡς
481 2486 576 2579 ὑμεῖς
594 2486 737 2571 άπαντες
756 2499 826 2559 λστε
844 2491 901 2558 καλ
917 2493 984 2559 νῦν
1002 2493 1040 2558 ἐν
1058 2493 1105 2582 τῷ

137 2596 231 2690 δήμῳ
254 2595 406 2686 ἠκούετε,
429 2597 486 2666 καὶ
508 2596 712 2685 ἐψευσμένος
734 2592 893 2666 ἁπάντων
913 2593 1106 2684 Ἀθηναίων

136 2795 210 2871 αὐτῇ
228 2800 262 2869 τῇ
279 2804 364 2855 Dobr.
384 2801 431 2867 (of.
451 2804 474 2866 1,
494 2804 541 2865 933
560 2803 640 2853 Dem.
661 2805 701 2864 19,
720 2802 795 2869 iffi:
814 2793 904 2871 ταάτη
922 2801 964 2869 τῇ.

203 2888 246 2937 26.
280 2885 402 2953 ποιῆσαι
424 2892 487 2952 pont
510 2877 619 2952 ἄνδρας
641 2886 667 2938 N
689 2886 754 2938 Mn:
778 2903 804 2939 v.
822 2891 885 2952 post
907 2884 1008 2938 οίεσδε
1030 2887 1106 2951 posi-

136 2958 203 3005 tum.
222 2980 256 2990 -
282 2957 344 3012 τοῖς
368 2951 418 3020 τῆς
437 2954 486 3005 ΝΑ
504 2953 568 3005 Bk.:
591 2953 644 3020 τῆς
663 2954 751 3011 ΒΖΜ,
774 2957 837 3013 τοῖς
854 2970 880 3005 v.
898 2979 931 2990 -
958 2945 1105 3021 ἐξήλασαν

137 3013 169 3072 ἐκ
191 3013 417 3089 Πελοποννήσου
437 3014 533 3087 κνίσης
555 3038 595 3084 v.;
623 3023 679 3072 del.
703 3014 735 3073 ἐκ
757 3022 792 3074 Π.
817 3038 846 3075 π.
870 3037 932 3072 oum
959 3022 1010 3076 Bk.
1033 3023 1107 3072 Wm.

136 3088 214 3140 Turr.
224 3081 266 3154 (ἐξ
274 3081 419 3149 Ἑλλάδος
428 3082 522 3155 πάσης
532 3089 595 3140 ωειλ.
607 3089 710 3152 Schm.;
730 3090 762 3145 ft.
773 3105 815 3139 vv.
825 3085 877 3154 τῆς
887 3081 1027 3148 Ἑλλάδος
1041 3093 1108 3154 post

136 3149 224 3222 φάσει
248 3157 369 3208 delenda
391 3162 420 3208 et
442 3174 490 3224 pro
514 3155 583 3212 Πελ.
607 3157 756 3208 inserenda
778 3155 860 3220 sunt).
883 3183 916 3193 -
943 3150 1108 3222 Compiuria

138 3225 235 3275 deesse
254 3241 375 3277 monuer.
394 3226 471 3280 Turr.
491 3225 542 3277 Mr.

204 3309 250 3361 Or.
272 3311 322 3361 111.
355 3310 469 3362 Initium
491 3315 561 3360 orat.
590 3310 632 3360 ita
653 3308 767 3360 exhibet
788 3309 904 3374 Dionys.
926 3310 992 3361 Din.
1016 3326 1039 3361 ο.
1061 3312 1108 3361 11:

140 3378 180 3430 Τί
195 3370 250 3444 χρὴ
270 3373 364 3462 λέγειν
382 3371 415 3431 τά
433 3369 506 3445 πρὸς
524 3373 590 3431 τῶν.
611 3403 641 3413 -
660 3368 797 3458 τοιοάτηιν
815 3368 979 3441 άνδρῶπων
998 3377 1022 3427 Ν
1040 3379 1108 3430 Μαι

137 3441 270 3498 τοιούτου
292 3443 460 3512 ανθρώπου.
484 3471 516 3482 -
546 3435 564 3512 ἦ
587 3442 647 3504 πῶς
670 3445 735 3496 Bk.:
759 3459 845 3503 οπως.
874 3444 908 3496 of.
933 3447 960 3510 1,
986 3446 1043 3500 102,
1071 3470 1108 3489 2-

137 3506 326 3582 λληλεγμένος
344 3515 376 3571 N.
395 3540 427 3552 -
446 3505 476 3575 ἐξ
492 3502 610 3578 Ἀρείου]
625 3504 732 3580 Ἀρείου
749 3513 783 3565 N.
804 3537 837 3551 ·-
