2316 3900
117 195 178 260 138
461 193 714 251 ΑΙΣΧΙΝΟΥ

117 358 200 440 πρὸς
212 364 303 424 θεῶν
316 353 376 422 τόν
393 360 528 440 πρῶτον
545 358 613 417 τῶν
631 349 797 434 τεττάρων
807 357 936 434 καιρῶν
947 346 991 435 μὴ
1007 355 1069 415 κα-

117 465 182 536 λῶς
193 456 297 523 αὐτὸν
314 461 582 522 πεπολιτεῦσθαι.
609 454 689 530 λέξω
708 453 743 518 δὲ
755 448 839 518 ὅθεν
849 449 991 536 μάλιστα
1003 472 1069 515 πα-

116 553 390 640 ρακολουθήσετε.

191 652 338 738 Ἔγραψε
358 648 565 734 Φιλοκράτης
582 651 700 726 ἐξεῖναι
717 654 871 736 Φιλίππῳ
890 651 990 729 δεῦρο
1008 646 1070 731 κη’-
1087 655 1120 708 62

118 779 204 838 ρυκα
216 753 271 819 καὶ
284 753 437 835 πρέσβεις
449 750 588 832 πέμπειν
601 748 676 827 περὶ
688 747 834 832 εἰρήνης·
847 752 944 812 τοῦτο
956 742 993 812 τό
1004 744 1070 829 ψή-

118 870 223 936 φισμα
241 847 368 933 ἐγράφη
384 845 597 930 παρανόμων.
624 835 709 928 ἧκον
727 847 760 910 οί
769 851 824 928 της
840 849 978 927 κρίσεως
988 841 1070 926 χρό-

118 975 171 1015 νοι
181 974 188 988 ·
200 946 376 1032 κατηγόρει
386 946 446 1032 μέν
457 952 601 1021 Λυκῖνος
613 939 630 1010 ὁ
643 943 864 1029 γραψάμενος,
876 941 1069 1028 ἀπελογεῖτο

120 1049 154 1114 δὲ
177 1044 397 1129 Φιλοκράτης,
421 1050 674 1126 συναπελογεῖτο
697 1044 733 1108 δὲ
753 1042 809 1108 καὶ
828 1047 1068 1127 Δημοσθένης

119 1141 269 1226 ἀπέφυγε
291 1137 503 1224 Φιλοκράτης.
526 1139 606 1223 μετὰ
632 1144 734 1203 ταῦτα
756 1137 850 1224 ἐπῄει
870 1135 988 1222 χρόνος
1007 1144 1071 1204 Θε-

48 1258 100 1313 451
119 1244 294 1325 μιστοκλῆς
319 1235 443 1321 άρχων·
468 1233 606 1303 ἐνταῦθ’
632 1236 808 1320 εἰσέρχεται
823 1234 1005 1322 βουλευτὴς
1026 1240 1071 1313 είς

117 1336 153 1404 τὸ
171 1333 411 1419 βουλευτήριον
430 1339 668 1418 Δημοσθένης,
692 1330 770 1400 οὔτε
787 1333 898 1419 λαχών
914 1332 984 1401 οὔτ’
999 1336 1071 1401 έπε-

118 1431 244 1518 λαχών,
259 1429 331 1498 άλλ’
344 1433 380 1497 ἐκ
393 1437 605 1516 παρασκευῆς
616 1431 811 1516 πριάμενος,
824 1428 871 1498 ἵν’
884 1437 930 1509 είς
941 1428 1071 1498 ὑποδο-

49 1543 101 1598 452
120 1528 182 1615 χη“ν
194 1527 323 1596 ἅπαντα
335 1530 389 1596 καὶ
401 1531 490 1614 λέγοι
501 1530 555 1595 καί
566 1527 703 1612 πράττοι
715 1530 920 1614 Φιλοκράτει,
935 1525 977 1607 ὦς
990 1525 1071 1595 αὐτὸ
1083 1554 1097 1585 τ

119 1632 220 1707 έδειξε
236 1625 272 1694 τό
293 1633 400 1712 ἔργον.
424 1635 502 1715 νικᾷ
518 1625 583 1712 γάρ
600 1627 715 1713 ἕτερον
726 1626 881 1713 ψήφισμα
899 1625 1067 1708 Φιλοκρά-
1088 1632 1119 1686 63

119 1753 191 1812 της,
210 1729 246 1793 έν
259 1716 286 1814 ᾦ
297 1726 424 1792 κελεύει
435 1727 569 1793 ἑλέσθαι
580 1728 659 1792 δέκα
670 1728 838 1811 πρέσβεις,
860 1728 978 1802 οἵτινες
990 1721 1072 1810 άφι-

120 1826 257 1910 κόμενοι
269 1820 352 1906 πρὸς
363 1831 530 1891 Φίλιππον
548 1820 749 1902 άξιάσουσιν
761 1819 865 1891 αὐτόν
876 1827 977 1904 δεῦρο
991 1826 1072 1905 ,τρέ-

121 1932 209 2012 σβεις
226 1922 472 2007 αὐτοκράτορας
490 1927 628 2007 πέμπειν
645 1920 730 2006 ὑπὲρ
747 1929 804 2007 της
826 1920 965 2006 εἰρήνης.
990 1919 1071 1986 τοό-

120 2050 187 2090 των
198 2019 243 2100 εἷς
254 2016 295 2109 ην
305 2025 534 2107 Λημοσθένης.
547 2018 705 2088 κάκείθεν
716 2018 892 2105 ἐπανήκων
903 2019 1072 2103 ἐπαινέτης

120 2114 164 2207 ἦν
174 2128 231 2206 της
242 2120 385 2205 εἰρήνης,
398 2122 452 2186 καί
463 2117 565 2186 ταύτά
575 2134 641 2196 τοῖς
652 2117 764 2196 άλλοις
776 2123 954 2203 πρέσβεσιν
963 2113 1073 2201 ἀπηγ-

121 2225 232 2303 γελλε,
255 2220 309 2283 καὶ
325 2217 428 2301 μόνος
445 2225 513 2282 τῶν
524 2215 635 2284 ἄλλων
644 2224 836 2302 βουλευτῶν
848 2221 969 2301 ἔγραψε
981 2224 1072 2282 σπεί-

52 2333 104 2388 453
126 2327 250 2386 σασθαι
269 2315 445 2407 τῷκηρνκι
456 2324 503 2406 τῷ
520 2314 584 2385 άπὸ
597 2326 659 2385 τοῦ
670 2324 838 2385 Φιλίππου
849 2320 982 2394 καὶτοῖς
993 2318 1073 2401 πρέ-

121 2425 253 2502 σβεσιν,
277 2412 451 2483 ἀκόλουθα
467 2417 610 2503 γράφων
627 2418 839 2500 Φιλοκράτει·
861 2412 953 2502 ὁμέν
962 2441 1000 2500 γε
1011 2411 1074 2501 τὴν

120 2518 271 2594 ἐξουσίαν
304 2515 406 2581 έδωκε
428 2523 489 2582 τοῦ
506 2521 606 2601 δεῦρο
624 2516 753 2602 κη’ρυκα
763 2516 817 2582 καὶ
828 2515 979 2601 πρέσβεις
990 2516 1073 2599 πέμ

120 2621 253 2696 πεσθαι,
266 2608 284 2678 ὁ
297 2613 333 2679 δέ
345 2621 386 2699 τῇ
396 2621 554 2702 πρεσβείᾳ
572 2617 754 2681 σπένδεται.
774 2609 814 2680 τά
827 2613 862 2681 δὲ
877 2610 957 2698 μετά
969 2619 1074 2678 ταῦτα
1090 2628 1119 2680 ολ

120 2707 183 2795 ἤδη
201 2734 257 2794 μοι
273 2710 405 2795 σφόδρα
422 2715 596 2798 προσέχετε
613 2711 673 2781 τόν
697 2719 791 2781 νοῦν.
814 2711 987 2797 ἐπράττετο
1006 2710 1071 2796 γάρ

121 2804 162 2873 οὐ
181 2805 263 2887 πρὸς
280 2807 359 2885 τούς
377 2806 500 2888 άλλους
514 2800 667 2898 πρέσβεις
684 2807 762 2888 τοὺς
773 2807 879 2878 πολλὰ
899 2830 1072 2893 συκοφαν-

51 2925 105 2980 454
124 2908 284 2991 τηθέντας
304 2904 447 2992 ὕστερον
468 2911 503 2974 έκ
527 2917 709 2997 μεταβολῆς
730 2906 794 2975 ὑπό
817 2911 1071 2994 Δημοσθένους,

121 3003 204 3071 άλλά
227 3003 309 3086 πρός
336 3007 546 3092 Φιλοκράτην
573 3011 628 3075 καὶ
650 3011 892 3094 Δημοσθένην,
927 3009 1070 3091 εἰκότας,

121 3101 198 3181 τούς
215 3101 282 3189 άμα
304 3107 365 3189 μὲν
387 3104 647 3193 πρεσβεύοντας,
672 3105 740 3191 άμα
761 3107 795 3174 δὲ
816 3105 856 3173 τὰ
879 3114 1071 3192 ψηφίσματα

121 3200 328 3286 γράφοντας,
352 3209 486 3284 πρῶτον
508 3204 570 3289 μέν
590 3203 679 3284 ὅπως
699 3203 743 3291 μη
767 3213 972 3291 περιμείνητε
993 3206 1072 3285 τοὺς

121 3306 288 3384 πρέσβεις,
312 3295 371 3375 οὓς
388 3290 446 3384 ἦτε
464 3303 711 3388 ἐκπεπομφότες
729 3311 998 3386 παρακαλοῦντες
1020 3306 1073 3371 ἐπί

123 3401 365 3482 mmmmm
377 3396 421 3484 μη
433 3390 990 3483 μεεεεειειιωιοειιήιωι,λιι’
1004 3405 1071 3467 cota
