2340 3916
343 165 466 221 KA-TA
491 165 757 224 τιΜΑεΧον.
986 164 1028 229 ιε
1092 143 1095 149 ’

74 319 133 387 έάν
151 319 417 407 ἀναγκαζόμενος
433 326 542 408 λέγειν
560 347 634 409 περι
650 326 917 411 ἐπιτηδευμάτων
928 326 1028 411 φύσει

74 423 135 504 μὲν
146 418 190 505 μη
203 428 325 506 καλῶν,
340 420 446 510 τούτῳ
459 421 494 488 δὲ
505 424 747 508 πεπραγμένων
757 425 885 508 ἐξαχθῶ
897 449 928 489 τι
939 425 1027 510 ῥῆμα

24 531 61 586 38
79 525 196 605 εἰπεῖν,
220 516 340 588 όέστιυ
350 518 468 607 ὅμοιον
478 536 545 600 τοῖς
556 528 664 607 ἔργοις
674 536 741 601 τοῖς
755 521 930 608 Τιμάρχου.
950 521 1027 590 οὐδὲ

77 616 141 703 γάρ
153 614 197 685 άν
216 623 349 698 δικαίως
362 620 432 705 ἐμοὶ
443 621 681 706 ἐπιτιμήσαιτε,
696 629 730 689 εί
738 647 768 688 τι
780 628 895 707 σαφῶς
906 629 1029 706 εἴποιμι

79 716 250 784 διδάσκειν
267 717 487 803 βουλόμενος,
514 715 598 786 άλλά
611 716 698 787 πολύ
711 725 839 805 μᾶλλον
855 718 978 808 τούτῳ,
1001 725 1031 787 εί

32 874 36 880 .
78 819 219 899 αἰσχρῶς
232 814 320 881 οὕτω
332 815 489 901 τυγχάνει
500 815 685 903 βεβιωκώς,
697 815 780 884 ῶστε
791 813 852 884 τόν
864 815 904 883 τά
921 816 1028 903 τούτῳ

78 915 292 999 πεπραγμένα
310 914 471 994 διεξιόντα
489 911 657 982 άδύνατον
668 913 794 982 είναιί
764 941 778 981 ε
780 920 867 984 ίπεῖυ
877 913 921 994 ῶς
932 912 1033 994 αὐτὸς

78 1009 289 1098 βούλεται,ἐ
272 1038 315 1079 αν
327 1013 371 1098 μή
384 1038 414 1080 τι
425 1016 479 1080 και
490 1021 558 1080 τῶν
567 1013 916 1101 τοιούτωνφθέγξηται
925 1014 1033 1102 ῥημά-

79 1135 154 1177 των.
179 1106 453 1202 εύλαβήσομαιδ’
472 1109 553 1179 αύτό
571 1126 679 1180 ποιεῖν
697 1140 741 1193 ως
751 1140 795 1181 αν
806 1113 957 1200 δυνωμαι
968 1140 1033 1200 μα
1047 1129 1107 1187 65

80 1216 179 1274 λιστα.

30 1319 65 1376 39
167 1312 347 1390 Σκέψασθε
370 1302 472 1396 δε,
446 1336 471 1376 ω
492 1307 677 1396 Ἀθηναῖοι,
701 1308 746 1388 ῶς
767 1318 904 1397 μετρίως
925 1314 1033 1399 μέλλω
1131 1326 1145 1355 ·’

82 1409 332 1493 προσφέρεσθαι
346 1407 497 1498 Τιμάρχῳ
507 1415 634 1497 τουτωί.
647 1407 712 1494 ἐγῶ
724 1407 799 1495 γάρ,
812 1410 875 1477 ὅσα
886 1411 947 1497 μὲν
958 1424 1034 1489 παῖς

83 1502 131 1574 ῶν
143 1513 188 1585 είς
197 1506 234 1574 τὸ
246 1515 340 1593 σῶμα
352 1504 389 1574 τό
402 1509 523 1575 ἑαυτοῦ
534 1506 734 1594 ἡμάρτηκεν,
746 1505 875 1595 άφίημι,
885 1508 940 1576 καὶ
950 1512 1033 1575 ἔστω
1117 1548 1120 1553 -

82 1614 184 1696 ταῦτα
196 1605 321 1692 άκυρα,
346 1604 457 1690 ῶσπερ
469 1604 509 1674 τά
521 1607 573 1674 ἐπὶ
583 1615 651 1674 τῶν
662 1606 840 1688 τριάκοντα
851 1607 906 1673 καὶ
917 1603 956 1671 τά
969 1604 1033 1690 πρὸ

82 1691 206 1772 Εύκλεί
193 1698 306 1771 ίδου’”
283 1731 304 1790 η
325 1714 359 1773 εί
371 1730 420 1782 τις
435 1704 516 1789 άλλη
535 1705 667 1772 πώποτε
677 1705 812 1790 τοιαύτη
824 1706 940 1789 γέγονε
951 1727 1032 1785 προ-

46 1835 51 1842 ·
84 1811 220 1899 θεσμία·
242 1798 263 1869 δι
257 1800 317 1870 δέ
333 1802 396 1889 η’δη
414 1810 551 1888 φρονῶν
567 1804 623 1870 καὶ
640 1802 817 1888 μειράκιον
824 1797 873 1869 ῶν
889 1799 1035 1877 καὶτοὺς

84 1902 208 1986 νόμους
224 1900 438 1987 ἐπιστάμενος
460 1898 538 1978 τούς
558 1927 615 1987 της
635 1900 761 1979 πόλεως
785 1901 1034 2025 διαπέπρρικται

85 2002 159 2124 ηερὶ
169 2001 299 2068 τούτων
308 1998 456 2085 ἐγωγε
421 2025 479 2078 τας
490 2005 686 2085 κατηγορίας
696 1999 874 2086 ποιησομαι
882 1999 939 2066 καὶ
949 1995 1036 2083 ὑμᾶς

85 2102 124 2166 ἐπ
129 2097 263 2177 αυτοῖς
274 2097 355 2178 αξιῶ
366 2099 573 2178 σπουδάζειν.
1123 2172 1126 2178 Ι

34 2221 70 2273 40
173 2189 280 2276 Οὗτος
292 2195 355 2281 γάρ
367 2205 500 2280 πρῶτον
510 2196 573 2282 μὲν
583 2196 730 2281 πάντων,
741 2195 853 2281 ἐπειδὴ
865 2193 1036 2281 άπηλλάγη

87 2298 123 2363 ἐκ
142 2295 454 2381 παίδων,·ἐκάθητο
474 2299 511 2362 ἐν
532 2303 682 2379 Πειραιεῖ
695 2295 746 2362 ἐπὶ
762 2304 824 2362 τού
839 2290 1037 2361 Εὐθυδίκου

88 2399 241 2477 ἰατρείου,
253 2392 419 2478 προφάσει
427 2393 489 2478 μὲν
497 2399 555 2478 τῆς
565 2397 679 2478 τέχνης
689 2391 850 2479 μαθητὴς,
862 2399 902 2480 τῇ
915 2391 946 2458 δ’
957 2390 1039 2476 άλη-

87 2498 164 2580 θείη
185 2499 306 2559 πωλεῖν
329 2489 434 2559 αὑτὸν
456 2492 702 2577 προηρημένος,
724 2488 768 2568 ῶς
788 2487 870 2556 αύτδ
894 2481 1038 2573 τούργον
1111 2548 1118 2563 ,

89 2560 245 2672 έδείξενῖ
233 2611 306 2658 οσοι
317 2581 431 2675 μέν
389 2614 453 2656 ουν
461 2615 528 2655 των
539 2582 805 2673 ἐμπορωνητων
816 2586 927 2655 αλλων
936 2588 1040 2667 ξενωι
1054 2605 1089 2656 66

89 2717 109 2774 η
123 2714 191 2755 των
203 2693 345 2755 πολιτῶν
356 2695 424 2754 τῶν
434 2685 601 2772 ημετέρων
618 2712 679 2754 κατ
682 2683 857 2764 ’ἐκείνους
872 2686 950 2765 τούς
961 2685 1040 2771 χρό-

90 2813 171 2864 νους
187 2786 416 2875 ἐχρήσαντο
386 2793 432 2852 τῶ
450 2785 575 2870 σάματι
596 2785 813 2887 Τιμάρχου,
796 2782 948 2852 εκῶνκαὶ
961 2783 1041 2850 τού-

91 2914 169 2966 τους
190 2884 471 2974 ὑπερβήσομαι,
457 2896 513 2952 ι’να
534 2885 579 2971 μη’
602 2910 641 2970 με
665 2911 713 2964 τις
730 2882 848 2972 είπη’
824 2911 868 2963 ως
884 2882 949 2970 άρα
966 2888 1042 2951 λίαν

91 2982 412 3071 άκριβολογούμαι”’
391 3008 534 3050 απαντα·
558 2974 606 3049 ῶν
626 2981 658 3048 δ’
671 2985 771 3051 ἐνταῖ
759 2985 1040 3101 ῖςρίκίαιςγέγονε

90 3083 321 3168 καταισχύνων
338 3081 374 3148 τό
395 3089 488 3166 σῶμα
504 3107 542 3148 το
531 3078 680 3148 ἑαυτοῦ
700 3084 754 3147 καῖ
772 3107 832 3166 την
849 3080 962 3164 πόλιν,
986 3103 1042 3163 μι-

91 3187 253 3266 σθαρνῶν
272 3178 325 3248 ἐπ’
347 3178 436 3246 αύτῶ
453 3178 576 3268 τούτῳ,
601 3175 620 3247 δ
638 3176 837 3263 ἀπαγορεύει
854 3174 1041 3262 ὁνόμοςμη

92 3280 250 3363 πράττειν
270 3306 290 3364 η
313 3304 357 3364 μη
381 3247 596 3363 δημηγορεῖν,
620 3276 844 3359 περὶτούτων
865 3273 1043 3394 ποιησομαι

44 3398 74 3451 41
95 3378 171 3457 τούς
181 3379 311 3463 λόγους.
341 3378 516 3462 Μισγόλας
528 3382 593 3501 ἔστι
604 3403 653 3454 τις
664 3375 894 3525 Ναυκράτουςῖ,
909 3400 934 3440 ω
923 3365 1044 3457 Ἀθη-

135 3478 295 3528 AESCHINES·
522 3528 525 3533 ,
