2340 3916
161 213 224 279 194
413 239 415 242 ·
517 212 771 271 ΑΙΣΧΙΝΟΤ

93 397 147 454 538
161 386 222 446 λον
232 375 273 444 τά
285 373 427 461 δημόσια
438 369 642 459 κηρύγματα.
666 369 863 456 κηρύττεταί
870 396 918 449 τις
927 373 964 438 ἐν
973 378 1020 458 τῷ
1030 372 1114 438 θεά-

162 476 246 564 τρφδ,
270 471 322 541 ότι
332 478 556 558 στεφανοῦται
571 467 689 554 άρετῆς
706 469 803 537 ἕνεκα
814 472 870 538 καὶ
887 466 1115 555 ἀνδραγαθίας

162 575 218 641 καὶ
230 570 362 650 εὐνοίας
374 569 556 654 ἄνθρωπος
572 565 771 655 άσχημονοὶν
788 576 836 658 τῷ
851 572 980 657 βίῳκαὶ
992 575 1116 656 βδελυ-

162 673 234 758 ρός·
266 667 341 739 όδέ
359 696 397 755 γε
419 669 579 760 νεύτερος
603 664 690 735 ταῦτ’
704 667 786 736 ίδών
807 670 983 756 διεφθάρη.
1019 673 1117 755 δίκην

162 799 211 850 τις
222 775 344 839 δέδωκε
361 768 507 855 πονηρὸς
524 769 580 835 καὶ
597 766 841 854 πορνοβοσκός,
867 766 977 852 ὥσπερ
988 775 1114 854 Κτησι-

163 879 253 958 φῶν·
277 873 311 937 οί
327 871 365 936 δέ
374 894 413 954 γε
430 867 523 936 άλλοι
541 869 785 934 πεπαίδευνται.
818 863 975 933 τάναντία
991 892 1039 945 τις
1048 880 1115 951 ψη-

163 969 346 1056 φισάμενος
356 974 425 1034 τῶν
438 974 551 1034 κάλων
569 968 623 1033 καὶ
643 969 780 1032 δικαίων
791 963 988 1033 ἐπανελθών
1000 970 1113 1033 οίκαδε

163 1068 313 1136 παιδεύει
324 1063 384 1134 τόν
395 1065 488 1134 υίόν·
510 1061 582 1132 ὁδί
595 1090 633 1149 γε
645 1062 778 1142 εἰκότως
790 1061 832 1131 ού
843 1070 1010 1151 πείθεται,
1029 1062 1113 1131 άλλά

163 1165 199 1235 τδ
212 1175 387 1235 νουθετεῖν
404 1166 552 1232 ἐνταῦθα
572 1165 718 1248 ἐνοχλεῖν
734 1162 798 1249 ἤδη
816 1165 870 1231 καὶ
883 1167 1016 1241 δικαίως
1035 1161 1114 1230 ὀνο-

162 1265 304 1351 μάζεται.
338 1262 383 1341 ὥς
394 1254 458 1329 ούν
472 1259 516 1348 μὴ
534 1262 641 1348 μόνον
651 1269 838 1349 κρίνοντες,
862 1261 946 1331 ἀλλά
958 1267 1012 1332 καὶ
1023 1274 1113 1332 θεω-
1131 1280 1165 1335 λλ

163 1363 339 1450 ρούμενοι,
361 1360 449 1429 οὕτω
461 1359 523 1447 τὴν
534 1369 650 1448 ψῆφον
669 1365 802 1448 φέρετε,
827 1368 873 1442 είς
888 1361 1115 1451 ἀπολογισμὸν

162 1475 230 1538 τοῖς
242 1468 307 1528 νύν
316 1459 377 1546 μὲν
389 1459 429 1526 ού
441 1467 587 1544 παροῦσι
597 1467 665 1528 τῶν
677 1468 839 1546 πολιτῶν,
861 1465 1115 1550 ἐπερησομένοις

163 1555 306 1645 δὲύμάς,
322 1566 356 1626 τί
370 1557 540 1638 ἐδικάζετε.
564 1551 604 1625 εύ
621 1558 685 1644 γάρ
705 1569 790 1644 ίστε,
813 1553 1039 1647 ιδἈθηναλοι,
1063 1561 1114 1629 ὅτι

93 1677 145 1736 539
163 1659 296 1744 τοιαύτη
310 1653 427 1742 δόξειη
440 1657 535 1735 πόλις
546 1655 647 1741 εἶναι,
670 1655 784 1736 ὁποῖός
799 1685 848 1736 τις
860 1653 903 1725 άν
921 1651 945 1747 ᾗ
954 1656 971 1726 ὁ
989 1685 1113 1746 κηρυτ-

163 1758 316 1843 τόμενος·
341 1761 410 1824 ἔστι
423 1755 458 1823 δὲ
469 1754 598 1835 όνειδος
609 1755 652 1843 μὴ
665 1772 733 1837 τοῖς
745 1756 923 1843 προγόνοις
933 1755 1036 1845 ἡμᾶς,
1053 1757 1114 1825 άλ-

164 1856 204 1925 λδι
224 1865 265 1944 τῇ
274 1858 519 1942 Λημοσθένους
535 1854 698 1944 άνανδρία
716 1863 1008 1943 προσεικασθῆναι.
1044 1865 1114 1936 πῶς

164 1947 227 2023 ούν
240 1955 283 2023 άν
293 1982 342 2033 τις
353 1953 415 2040 την
425 1954 586 2042 τοιαύτην
598 1957 759 2043 αἰσχύνην
772 1955 928 2042 ἑκφύγοι;
961 1955 1020 2024 ε’άν
1036 1956 1115 2035 τοὺς
1130 1969 1156 2022 λ’

164 2055 546 2141 προκαταλαμβάνοντας
562 2056 601 2122 τά
624 2054 720 2122 κοινά
738 2057 793 2123 καὶ
805 2051 1030 2140 φιλάνθρωπα
1044 2064 1113 2123 των

164 2150 354 2238 ὀνομάτων,
368 2149 526 2232 άπίστους
538 2151 636 2230 ὄντας
646 2167 713 2233 τοῖς
723 2153 837 2240 ἤθεσι,
853 2156 1057 2241 φυλάξησθε.
1091 2153 1111 2242 ἡ

161 2251 226 2336 γάρ
239 2248 352 2317 εύνοια
364 2252 419 2316 καὶ
429 2247 465 2317 τό
478 2261 535 2336 τῆς
546 2255 764 2336 δημοκρατίας
774 2249 880 2338 ὄνομα
891 2267 994 2320 κεῖται
1004 2254 1066 2338 μὲν
1078 2257 1114 2320 ἐν

163 2352 268 2437 μέσῳ,
290 2349 464 2433 φθάνουσι
482 2346 512 2416 δ’
527 2347 580 2417 ἐπ’
593 2349 677 2417 αύτά
689 2350 953 2436 καταφεύγοντες
964 2359 1010 2440 τῷ
1023 2353 1110 2440 λόγῳ

164 2446 207 2527 ὡς
221 2450 273 2516 ἐπὶ
286 2446 373 2516 πολύ
390 2452 425 2516 οί
438 2462 506 2527 τοῖς
522 2454 631 2535 ἔργοις
648 2457 804 2517 πλείστου
814 2446 999 2535 άπίχοντες.
1032 2449 1114 2519 ὅταν
1129 2473 1165 2527 24

165 2541 229 2615 οὖν
240 2549 361 2635 λάβητε
379 2548 503 2634 ῥήτορα
523 2554 662 2628 ξενικῶν
680 2545 857 2634 στεφάνων
875 2550 930 2615 καὶ
940 2550 1113 2636 κηρυγμά-

165 2673 233 2713 των
244 2649 280 2714 ἐν
292 2661 359 2725 τοῖς
373 2645 527 2734 Ἕλλησιν
544 2650 790 2734 ἐπιθυμοῦντα,
813 2648 992 2732 ἐπανάγειν
1010 2646 1113 2717 αύτόν

93 2772 146 2830 541
165 2745 315 2812 κελεύετε
332 2743 393 2812 τόν
409 2747 527 2832 λόγον,
552 2745 662 2832 ὥσπερ
680 2745 808 2825 καὶτὰς
832 2749 1025 2834 βεβαιάσεις
1046 2758 1114 2816 τῶν

166 2844 341 2930 κτημάτων
358 2843 376 2912 ὁ
395 2846 497 2932 νόμος
514 2848 643 2915 κελεύει
659 2856 842 2932 ποιεῖσθαι,
865 2853 911 2926 είς
929 2854 1005 2935 βίον
1022 2845 1113 2927 άξιό-

166 2970 272 3030 χρεων
283 2947 337 3012 καὶ
348 2945 474 3030 τρόπον
488 2947 656 3031 σαόφρονα.
691 2945 755 3036 ότφ
768 2946 803 3015 δὲ
814 2954 918 3014 ταῦτα
928 2946 971 3033 μη
984 2975 1113 3033 μαρτυ-

165 3058 283 3126 ρεῖται,
295 3040 339 3129 μὴ
353 3050 527 3130 βεβαιοῦτε
538 3044 627 3132 αύτῷ
639 3044 716 3123 τούς
727 3049 898 3134 ἐπαίνους,
918 3048 972 3115 καὶ
984 3055 1040 3134 τῆς
1052 3052 1113 3133 δη-

165 3147 343 3228 μοκρατίας
354 3142 572 3229 ἐπιμελήθητε
583 3143 644 3231 ἤδη
658 3145 903 3231 διαφευγούσης
913 3143 1008 3231 ύμάς.
1037 3142 1112 3231 ἢού
1138 3207 1141 3211 .
1169 3197 1170 3216 .

168 3241 281 3309 δεινόν
292 3245 385 3309 δοκεῖ
399 3238 479 3328 ύμῖν
489 3241 587 3327 εἶναι,
610 3249 639 3310 εί
655 3240 691 3311 τδ
704 3243 764 3328 μὲν
775 3242 1016 3330 βουλευτήριον
1027 3245 1110 3313 καλό

168 3345 270 3426 δῆμος
280 3349 464 3426 παροράται
471 3392 480 3425 ,
503 3345 540 3408 αί
549 3340 581 3407 δ’
597 3344 761 3410 ἐπιστολαὶ
779 3344 834 3409 καὶ
851 3351 1020 3429 πρεσβεῖαι
1032 3341 1114 3428 άφι-

166 3447 325 3506 κινοῦνται
337 3445 381 3517 εἰς
393 3439 559 3518 ίδιωτικόις
572 3447 690 3527 οίκίας,
713 3440 755 3508 οὐ
767 3440 855 3527 παρά
864 3449 932 3508 τῶν
943 3441 1112 3526 τυχόντων
