2340 3916
60 189 147 272 P·.85'
255 217 257 222 ·
284 191 375 241 ΠΕΡΙ
391 189 467 243 ΤΟΤ
483 191 621 243 AI'NIOT
638 190 802 244 ΚᾸΗΡΟΤ.
921 258 924 266 ,
955 196 1016 260 139

60 338 177 431 δλδοισι
205 376 275 441 τοῖς
302 356 470 482 ἡμετέροις
499 370 610 450 παισί,
640 359 732 432 τοῦτ’
762 359 827 485 η’δη
857 366 1018 434 σκεπτέον

59 464 134 531 έστί.
169 461 265 548 Λαβέ
281 451 344 532 οὖν
361 456 474 542 αάτοῑς
491 459 550 532 τὸυ
567 461 670 552 νόμον
687 458 780 533 καδ’
760 471 998 552 αναγίγνοισκε.

140 583 306 645 ΝΟΜΟΣ.
343 573 416 642 Ἐἀν
430 581 461 643 δέ
476 569 615 683 μηδεὶς
594 607 614 666 η
630 576 705 680 πρὸς
720 577 832 659 πατρὸς
851 578 965 664 μέχρι’
946 607 1015 645 ανε-

95 669 182 743 ψιοῐν
208 666 338 743 παίδοιν,
366 661 434 738 τοὺς
460 661 535 744 πρὸς
562 660 672 747 μητρὸς
697 669 819 749 κυρίους
841 662 918 728 εἶναι
942 663 1016 728 κατὰ

94 744 133 811 τὰ
155 744 239 811 αὐτά

127 860 298 951 Ἀκούετε,
322 891 350 933 οι
338 853 549 954 ἀνδρες,”
529 893 580 934 οτι
597 861 615 934 ὁ
632 869 814 989 νομοθέτης
831 861 894 935 οὐκ
912 863 1016 953 εἶπεν,
1036 873 1068 924 1⁴2

59 963 113 1036 έάν
137 953 300 1054 μηδεὶς
276 991 298 1054 η
322 961 404 1054 πρδς
432 962 554 1055 πατρός
574 969 667 1055 μέχρι
694 961 844 1049 ἀυεψιον
872 970 1015 1053 παίδων,

56 1062 133 1146 τούς
155 1066 225 1136 τοῖν
247 1061 438 1147 ἀνεψιαδῶν
466 1063 552 1136 εἶναι
580 1074 734 1157 κυρίους,
761 1062 844 1136 ἀλλά
866 1062 1017 1136 ἀπέδωκε

56 1184 123 1246 τοῖς
148 1162 231 1254 πρὸς
253 1161 374 1254 μητρὸς
396 1192 456 1234 του
487 1165 757 1254 τελευτήσαντος,
786 1161 829 1237 ἀν
855 1161 949 1255 ἡμεῖς
971 1165 1016 1256 μὴ

55 1293 162 1356 ομευ,
186 1262 248 1353 τὴν
264 1273 486 1355 κληρονομίαν
502 1263 584 1355 ἤδη,
609 1263 767 1356 ἀδελφοῖς
784 1269 839 1336 καὶ
856 1263 1016 1355 ἀδελφαῖς

55 1369 108 1437 καὶ
134 1368 230 1436 παισὶ
252 1381 321 1446 τοῖς
343 1365 471 1436 τούτων
487 1369 639 1447 καὶτοῖς
662 1362 788 1456 ἄλλοις,
811 1364 895 1437 κατὰ
911 1364 1016 1437 ταάτά

56 1465 210 1558 καθάπερ
226 1467 283 1535 καὶ
301 1462 369 1548 έξ’
350 1470 452 1557 αρχης
469 1455 512 1553 ἦν
529 1463 766 1559 ἀπειρημένον
789 1465 867 1549 τούς
886 1463 959 1537 δέ
940 1496 1017 1556 ημε-

55 1571 171 1659 τέρους
195 1573 318 1647 παῖδας
341 1570 402 1649 ἔξω
426 1595 484 1654 της
506 1564 691 1657 ἀγχιστείας
715 1571 876 1656 ἐποίησεν.
912 1564 961 1647 οἷς
980 1570 1017 1638 δὲ

53 1665 135 1789 μηδ’
155 1663 216 1737 έάν
232 1664 471 1754 τετελευτηκώς
495 1695 521 1736 υ
509 1658 683 1756 έγοδ,ί
646 1664 819 1738 δίδυσιν
802 1696 821 1737 ο
837 1666 938 1756 νόμος
955 1696 1017 1755 την
1066 1753 1070 1759 ,

53 1763 186 1857 Ἁγνίου
209 1775 447 1860 κληρονομίαν,
473 1794 541 1847 πως
565 1771 646 1857 ἐμοῦ
661 1795 697 1837 τε
715 1771 834 1896 ζωγτος
857 1770 914 1837 καὶ
935 1765 1017 1836 κατά

56 1867 132 1950 τούς
148 1866 274 1957 νόμους
298 1874 429 1957 ἔχοντος
452 1877 576 1937 οίουται
600 1863 712 1948 αὐτοῖς
737 1865 905 1955 εἶναιτὴν
927 1864 1017 1956 ἀγχι-

57 1977 187 2054 στείανς
204 1964 359 2091 οάδαμως
377 1966 558 2055 δηιιουθευ.
594 1963 677 2037 ἀλλά
694 1964 761 2057 μὴν
779 1975 810 2038 εί
825 1966 954 2048 τούτοις
972 1965 1016 2057 μὴ
1036 1980 1068 2033 13

56 2073 224 2158 μέτεστιν,
243 2058 326 2139 ἀνα
328 2070 495 2157 δπατέρες
506 2065 628 2142 ταυτὸν
646 2070 716 2192 ἐμοὶ
734 2090 917 2159 προσηκον,
935 2065 1018 2139 ουδὲ

56 2168 162 2263 τουτφ
187 2197 233 2293 τςο
221 2171 352 2239 παιδὶ
374 2176 536 2256 γι’·γνεται
560 2166 678 2239 καὶ
638 2198 702 2261 γαρ
725 2164 743 2239 ὅ
766 2168 887 2240 τούτου
909 2196 1016 2259 πατηρ

56 2239 224 2359 δμοίάις
201 2297 244 2356 ην
268 2273 406 2348 ἐκείνοις
430 2269 602 2392 συγγενής
643 2299 705 2341 ουκ
726 2298 791 2340 ουν
814 2267 927 2341 δειυδν
946 2273 1017 2359 έμοι

56 2399 116 2459 μευ
135 2365 378 2460 διαρρήδην”
336 2397 423 2439 ουτω
440 2397 508 2440 των
524 2368 638 2458 νόμων
656 2367 899 2441 δεδοκοτοιν
862 2398 924 2458 την
941 2381 1017 2491 κλη

56 2477 232 2560 ρουομίαν,
254 2498 393 2550 τουτους
418 2465 450 2538 δ’
476 2473 601 2553 ἔξω
560 2498 618 2558 της
641 2466 826 2559 ἀγχιστείας
843 2469 1018 2558 πεποιηκό-

56 2600 140 2659 των,
171 2574 294 2662 τολμᾷν
315 2572 447 2646 τουτουὶ
470 2587 724 2692 συκοφαντεῖν,
739 2572 794 2639 καὶ
820 2575 1017 2657 διαγωνίσα-

56 2683 138 2771 σθαι
162 2666 282 2760 μέν,“
264 2677 343 2758 ηνίκ
323 2666 444 2757 κ’έγω
469 2698 528 2740 του
516 2668 671 2761 κλήρου
687 2698 749 2758 την
768 2675 865 2757 δίκην
883 2667 1016 2760 έλάγχα-

57 2800 133 2859 νον,
157 2771 164 2859 Ι
186 2798 231 2888 μη
254 2780 387 2841 οίεσθαι
412 2776 500 2859 δεῖν,
524 2771 608 2859 μηδὲ
626 2761 1018 2862 παρακαταβάλλειν,ου

57 2874 132 2963 περὶ
156 2869 407 2942 τῶντοιούτων
432 2880 465 2939 εί
485 2899 516 2940 τι
546 2871 736 2942 δίκαιον
704 2899 792 2961 ειχεν
816 2878 923 2941 εἰπεῖν
947 2877 1016 2940 δια·
1084 2918 1086 2929 ι

57 2976 251 3060 γνωσθῆναι
278 2975 461 3061 προσῆκεν,
498 2973 551 3040 ἐπὶ
586 2972 624 3040 δέ
651 2974 712 3041 τοῦ
737 2967 899 3052 παιδδς’
882 2969 1015 3060 ονόματι

58 3068 221 3161 πράγματ’
247 3074 317 3160 έμοὶ
340 3075 494 3160 παρέχειν
517 3074 572 3141 καὶ
596 3075 672 3163 περὶ
695 3076 762 3142 τῶυ
786 3079 950 3161 μεγίστων
969 3081 1018 3153 είς

58 3179 218 3243 κίνδυνον
235 3168 452 3256 καθιστάναι;
471 3175 525 3241 καὶ
543 3175 619 3261 περὶ
637 3172 783 3262 μὲντοὸν
799 3169 1016 3263 ὁμολογουμέ-
1035 3190 1069 3240 14

59 3301 126 3344 νοιν
150 3273 236 3343 εἶναι
257 3275 318 3342 τοῦ
341 3269 458 3353 παιδὸς
480 3271 655 3363 χρημάτων
678 3269 757 3361 μηδ’
777 3277 951 3343 αἰτιᾶσθαί
963 3300 1015 3361 με,

59 3370 135 3461 μηδ’
156 3370 201 3454 ὥς
217 3402 248 3443 τι
267 3382 388 3461 εδληφα
405 3379 492 3462 ἔχειν
510 3381 617 3443 εἰπεῖν
634 3369 705 3463 (ἐφ’
724 3369 790 3463 οἷς,
810 3385 844 3443 εί
856 3402 888 3443 τι
906 3369 1017 3442 αὐτῶν

60 3478 165 3555 κακοῖς
190 3472 334 3567 διῴκουν
358 3468 468 3565 ὥσπερ
491 3464 603 3562 οὗτος,
627 3479 805 3565 κρίνεσθαί
824 3503 878 3563 μοι
896 3475 1017 3563 προση-
1053 3568 1056 3576 ¹
