2340 3916
128 185 170 246 72
514 147 518 157 “
536 177 674 230 mor
990 180 1042 230 οι.
1061 179 1091 230 5.

130 359 177 432 είς
194 348 253 421 τόν
270 347 413 440 πόλεμον
440 349 637 440 είσενεγκιδν
654 349 778 440 μεγύλα
796 347 985 439 ύφέληκας;
1013 346 1092 419 ἀλλ’

74 461 113 515 ⁴0
130 448 231 522 ούδέν
256 472 309 522 σοι
333 449 461 522 τούτων
486 455 676 542 πέπρακται.
721 447 794 521 ἀλλ’
822 447 866 531 ιδς
888 449 1091 540 στρατιώτης

130 549 273 639 ύγαθός;
299 548 373 622 ἀλλ’
401 549 463 622 ούκ
489 550 699 643 ἐστράτευσαι
726 551 884 622 τοσούτου
910 553 966 620 καὶ
983 550 1093 622 τοιού·

129 681 190 722 τον
215 655 395 743 γενομένου
430 655 589 742 πολέμου,
626 660 673 734 είς
698 648 739 724 δν
753 649 921 724 Ὀλύνθιοι
946 651 1009 741 μέν
1035 654 1091 721 καλ

130 758 288 842 νησιῶται
305 749 391 843 ύπέρ
408 757 509 842 τήσδε
531 757 588 841 τής
605 757 665 841 γής
683 751 933 841 ἀποθνήσκουσι
951 750 1093 842 μαχόμε-

130 883 183 925 νοι
209 871 277 935 τοῖς
303 861 484 943 πολεμίοις,
512 850 554 922 σύ
573 858 626 952 δέ,
655 843 928 942 ύΔικαιόγενες,
955 859 1093 940 πολίτης

61 1014 63 1018 .
132 950 180 1025 τόν
197 952 272 1025 ούδ’
294 952 513 1044 ἐστράτευσαι.
550 951 623 1024 ἀλλ’
643 965 722 1035 ίσως
741 953 795 1024 διδ
812 950 889 1034 τούς
906 951 1096 1041 προγόνους

131 1052 282 1138 ἆξιύσεις
293 1055 364 1143 μου
382 1052 483 1126 πλέον
501 1063 598 1145 ἔχειν,
617 1053 667 1124 ὅτι
684 1054 743 1126 τδν
760 1054 926 1146 τύραννον
943 1050 1092 1123 ἆπέκτει·

131 1185 204 1226 ναν.
258 1153 321 1242 ἐγώ
349 1151 381 1225 δ’
410 1158 567 1236 ἐκείνους·
582 1158 643 1246 μέν
670 1160 810 1245 ἐπαινοῖ,
846 1157 900 1226 σοί
926 1156 963 1224 δὲ
987 1150 1094 1224 οὐδὲν

75 1272 114 1322 47
130 1251 273 1345 ήγούμαι
298 1259 356 1344 τής
384 1260 521 1328 ἐκείνων
545 1253 662 1347 ύρετής
680 1274 835 1347 μετεῖναι.
880 1256 1095 1347 πρῶτονμὲν

131 1355 195 1445 γαρ
214 1363 305 1426 εἵλου
323 1353 397 1427 ἀντὶ
414 1360 472 1444 τής
491 1362 627 1428 ἐκείνων
655 1357 750 1447 δόξης
776 1356 838 1447 τήν
854 1352 1017 1447 ἡμετέραν
1034 1349 1106 1426 ού·’

132 1465 209 1528 σίαν
227 1455 423 1545 κτήσασθαι,
441 1461 496 1528 καὶ
515 1458 700 1547 ἐβουλήθης
717 1462 842 1548 μᾶλλον
853 1459 1093 1545 Δικαιογένους

133 1568 307 1630 καλεῖσθαι
334 1556 406 1639 υίὸς
432 1554 453 1646 ή
474 1555 667 1650 Ἁρμοδίου,
693 1556 863 1650 ὑπεριδών
889 1559 951 1648 μέν
976 1554 1038 1645 τήν
1056 1560 1094 1626 ἐν

130 1667 330 1752 Πρυτανείῳ
348 1667 494 1748 σίτησιν,
513 1659 763 1750 καταφρονήσας
782 1661 1019 1750 δέπροεδριύν
1036 1659 1094 1726 καὶ

130 1756 354 1853 ύτελειων,δι
348 1756 447 1840 τοῖς
475 1764 506 1843 ἐξ
533 1764 670 1832 ἐκείνων
695 1759 848 1849 γεγονόσι
867 1763 1007 1829 δίδοται
1045 1764 1094 1826 ἔτι

134 1856 204 1930 δέ
189 1889 207 1930 ο
222 1857 471 1988 Ἀριστογείτων
498 1865 623 1943 ἐκεῖνος
649 1865 704 1932 καλ
718 1858 888 1951 Ἁρμόδιος
914 1856 955 1930 ού
983 1855 1090 1928 δια
1055 1887 1095 1927 το

133 2057 237 2130 ούδέν
254 2065 421 2150 μέτεστιν,
440 2090 466 2130 ω
484 2062 706 2150 Δικαιόγενες

459 2569 462 2577 .
599 2519 626 2578 6.

130 2664 258 2738 ΠΕΡΙ
283 2663 389 2739 ΤΟΤ
413 2662 838 2740 ΦΙΛΟΚΤΗΜΟΝΟΣ
860 2661 1096 2738 ΚΛΗΡΟΤ.

471 2918 754 2971 ΤΠΟΘΕΣΙΣ.

220 3042 414 3133 Εόκτήμονος
441 3045 505 3127 υἱός
533 3049 730 3164 Φιλοκτηρων
758 3047 808 3115 τόν
836 3056 887 3133 τῆς
915 3053 1013 3135 ἐτέρας
1035 3055 1097 3115 τῶν

177 3128 316 3214 ἀδελφῶν
330 3137 381 3198 καὶ
404 3134 613 3218 Φανοστράτου
635 3133 702 3202 νιδν
727 3139 945 3240 Χαιρέστρατον
967 3133 1095 3217 ποιησό-

177 3242 265 3299 μενος
280 3245 355 3282 κατα
345 3215 520 3324 διαθήκας
534 3227 742 3296 κατατεθείσας
758 3247 838 3306 παρα
828 3219 1024 3309 Χαιρέα
981 3245 1022 3283 τω
1041 3223 1096 3300 τῆς

177 3303 277 3406 ἑτέρας
289 3297 420 3410 ἆδελφης
433 3299 530 3414 ιἰνδρίζ
541 3304 705 3407 ἐτελεύτησε
720 3309 827 3381 ζωντος
845 3308 887 3370 ἐτι
903 3311 955 3368 τοῦ
961 3302 1097 3386 Ὕπατρός

177 3385 298 3470 ύστερον
314 3391 345 3455 δὲ
358 3386 497 3456 κάκείνου
511 3386 717 3465 αποθανόντος
729 3386 860 3471 ἔλαχεν
845 3416 861 3454 ο
877 3391 1097 3492 Χαιρέστρρτος

175 3477 230 3537 τού
250 3481 361 3558 κλήρου
383 3471 458 3541 κατὰ
474 3471 525 3540 τόν
547 3473 648 3557 νόμον.
677 3474 965 3559 διαμαρτυρήσαντος
981 3466 1033 3540 δὲ’
1029 3481 1095 3542 Αν-
