2340 3916
162 181 223 242 106
579 170 710 224 ιεωου
1024 171 1076 224 οε.
1095 138 1132 227 οξ

150 339 305 433 ’ἀνάμπη;
328 341 405 426 τοῦς
430 345 694 434 ἐμμαησαμέυους
715 345 771 414 καὶ
798 339 876 423 τοῦς
899 346 1037 424 ἐκείνοις
1060 371 1123 414 πα-

163 443 282 538 ρόντας
305 442 360 516 ῦτε
376 441 558 533 ἠγγυῶντο.
599 443 868 536 μεμαρτυρήκασι
886 451 1008 514 τοίνυν
1031 449 1067 514 οἵ
1087 473 1123 514 τε

165 548 397 636 Νανσιμέυους
420 544 656 637 προσήκοντες
668 547 783 616 καὶ
748 573 765 614 0
801 573 860 615 τον
849 547 967 632 ἐμοῦ
988 543 1121 632 πατρός.

161 655 251 728 τίνες
275 648 371 717 δὲοί
356 647 596 738 ίτρεφομὲνην
620 652 720 716 ἔνδον
742 648 797 715 παλ
819 647 989 736 θυγατέρα
1016 634 1124 716 οῦσαν

163 746 288 828 εἰδότες
321 754 464 836 γνησίαν
490 754 539 817 Κί
537 775 657 837 ρωυος;
687 751 723 815 oc
744 749 810 816 νῦν
838 741 1123 834 ἀμφισβητοῦντες

164 855 249 941 ἔργω
272 850 428 939 φανερός
449 849 676 937 μαρτυροῦσιν
696 843 746 917 ότι
759 841 862 916 ,ταῦτ’
889 849 978 916 ἐστὶν
1000 842 1122 935 ἀληθῆ,

163 948 344 1038 φεύγοντες
366 944 428 1035 τὴν
450 945 605 1036 βάσανον.
654 944 737 1017 ῦστε
760 943 800 1016 06
826 944 933 1034 δήπου
956 962 1024 1027 τοῖς
1046 942 1123 1035 ἦμε·

162 1052 268 1139 τέροις
291 1043 334 1118 60
356 1044 568 1136 ἀποστήσοιντο
598 1046 747 1134 εἰκότως,
776 1043 859 1117 ἀλλά
887 1044 972 1117 πολῦ
999 1050 1124 1135 μᾶλλον

163 1165 232 1230 τοῖς
249 1146 378 1218 τούτων
395 1147 566 1239 μόρτυσιν.

113 1264 145 1315 15
233 1244 345 1337 Ἡμεῖς
367 1257 484 1319 τοίνυν
507 1252 563 1318 καὶ
589 1245 673 1318 ἀλλα
695 1246 856 1339 τεκμήρια
883 1245 964 1339 πρὸς
993 1246 1125 1328 τούτοις

48 1370 57 1393 ·
163 1357 278 1439 ἔχομεν
302 1355 466 1439 είπεϊν,”
450 1379 507 1420 ινα
528 1348 701 1473 γυρίσεσθε
723 1378 772 1419 οτι
792 1353 828 1419 ἐ
808 1342 1014 1439 πθυνατρῦς
1029 1344 1126 1437 ἡμεῖς

162 1458 315 1568 Κίρωνος
333 1451 440 1539 ἐσμέν.
475 1446 586 1520 οἷα
546 1479 611 1541 γαρ
624 1447 709 1530 είαός
727 1455 858 1520 παίδων
874 1477 897 1518 υ
898 1452 976 1519 λέων
995 1451 1064 1532 ἐξ
1048 1477 1125 1518 εαν·

161 1579 222 1621 τον
210 1550 424 1643 θυγατρός,
442 1547 657 1621 οῦδεποίποτε
672 1547 837 1622 θυσίαν’
816 1578 898 1620 ανευ
915 1545 1010 1639 ἡμῶν
1027 1545 1125 1619 οῦδε-

163 1659 244 1741 μίαν
262 1654 431 1741 ἐποίησεν,
457 1648 529 1720 ἀλλ’
555 1661 589 1722 εί
607 1678 643 1720 τε
660 1648 760 1742 μιαρά
783 1661 817 1719 εί
835 1678 871 1720 τε
888 1649 1014 1740 μεγάλα
1031 1648 1124 1738 θύοι,

163 1756 334 1842 πανταχοῦ
349 1755 500 1842 παρῆμεν
518 1746 611 1841 ἡμεις
629 1754 684 1820 καὶ
696 1749 915 1840 συνεθῦομεν.
940 1746 1049 1819 μαλ’
1009 1779 1050 1820 ου
1068 1748 1125 1839 μό-

163 1882 224 1923 νον
242 1850 336 1933 είς
299 1882 339 1922 τα
351 1856 488 1923 τοιαῦτα
489 1850 794 1975 παρεπαλοῦμεθα,
813 1848 895 1921 ἀλλά
911 1853 967 1920 καὶ
987 1858 1034 1933 είς
1045 1862 1124 1922 Δια

113 1971 146 2023 16
162 1953 262 2023 νῦσια
286 1950 374 2033 εἰς’
355 1950 458 2045 αγρόν
480 1943 561 2041 ἦγεν
578 1949 671 2022 ἀεὶ
652 1956 753 2076 ημᾶς,
778 1954 833 2022 καὶ
851 1979 909 2041 μετ
914 1948 1072 2022 ’ἐκείνου
1090 1979 1126 2022 τε

164 2055 378 2142 ἐθεωροῦμεν
400 2051 583 2141 καθήμενοι
604 2050 684 2144 παρ’
709 2050 828 2141 αῦτόν,
852 2048 986 2133 κοίτας
1011 2048 1127 2143 ἑορτὰς

163 2149 287 2241 ἤγομεν
305 2150 385 2243 παρ’
405 2157 533 2222 ἐκεῖνον
549 2152 669 2234 πάσας·
687 2183 733 2246 τῳ
721 2157 807 2224 Διί
819 2180 854 2222 τε
871 2151 969 2223 θύων
981 2181 1027 2246 τω
1015 2156 1126 2241 Κτη-

164 2261 243 2344 σίω,
266 2255 343 2343 περὶ
361 2249 403 2340 ἢν
420 2249 549 2341 μάλιστ’
575 2257 699 2335 ἐκεῖνος
721 2262 848 2324 θυσίαν
867 2251 1050 2337 ἐσπούδαζε
1067 2256 1124 2324 καὶ

162 2349 241 2422 οῦτε
269 2351 411 2432 δούλους
440 2357 606 2444 προσῆγεν
629 2352 707 2424 οῦτε
735 2357 934 2479 ἐλευθέρους
955 2350 1125 2442 ὀθνείους,

162 2448 239 2523 ἀλλ’
253 2450 350 2534 αῦτός
365 2450 409 2522 δι’
425 2452 604 2523 δαυτοῦ’
558 2481 644 2525 παντ
647 2451 752 2525 ’ἐποί
737 2463 791 2546 ίει,
803 2453 924 2544 ταύτης
935 2450 1029 2543 ἡμεῖς
1042 2458 1126 2524 600-

164 2559 339 2644 νωνοῦμεν
356 2551 471 2625 καὶ
434 2583 474 2625 τα
464 2551 570 2677 λερά
592 2560 954 2677 συνεχειροορμοῦμεν
954 2558 1008 2625 καὶ
1028 2577 1126 2626 συυε·

164 2682 225 2724 πετ
227 2663 345 2745 ίθεμεν
362 2656 418 2725 καὶ
436 2645 539 2726 τάλλα
556 2659 817 2746 συνεποιοῦμεν,
836 2652 946 2726 606
909 2655 1026 2746 ηύχετο
1043 2652 1127 2746 ημίν

163 2750 295 2843 ὑγίειαν
326 2755 455 2828 διδόναι
485 2758 541 2826 καὶ
572 2761 687 2845 κτῆσιν
715 2753 866 2846 ἀγαθήν,
903 2753 1016 2879 ὥσπερ
1040 2754 1126 2838 είκῦς

115 2876 147 2926 17
164 2851 244 2924 όντα
266 2854 410 2927 πάππου.
452 2864 559 2926 καίτοι
585 2865 616 2926 εί
638 2886 683 2946 μη
671 2852 967 2946 θυγατριδοῦς
948 2860 1033 2979 ημᾶς
1053 2856 1126 2928 ἐνό-

165 2955 305 3044 μιζεν
274 2982 360 3025 ειναι
376 2955 492 3025 μαλ’
449 2984 572 3076 μονους
591 2956 783 3045 ἐκμόνους’
766 2957 854 3050 εω’ρα
871 2955 1007 3080 λοιπούς
1025 2986 1125 3028 κατα-

165 3058 398 3179 λελειμμένους
420 3051 526 3147 αῦτιῦ,
550 3054 613 3128 οῦκ
635 3056 676 3129 60
700 3085 778 3128 ποτε
803 3062 906 3128 ἐποίει
921 3057 1052 3129 τούτων
1068 3055 1127 3128 οῦ-

167 3157 241 3245 δέν,
266 3153 349 3227 ἀλλά
366 3152 499 3227 τόνδ’
478 3185 521 3227 αν
538 3153 628 3228 αῦτω
617 3154 872 3248 παρίστατο,
861 3156 896 3239 09
919 3155 1126 3248 ἀδελφιδοῦς

165 3251 271 3326 αῦτοῦ
291 3261 356 3328 νῦν
379 3257 464 3328 εἶναι
485 3267 577 3348 φησί.
619 3261 675 3328 καὶ
697 3255 799 3328 ταῦθ’
822 3256 872 3329 ότι
895 3255 1008 3383 ἀληθη
1023 3255 1125 3330 πάντ’

166 3361 270 3448 ἐστίν,
300 3353 519 3481 ἀκριβέστατα
540 3361 602 3448 μεν
624 3365 660 3430 οδ
679 3362 740 3429 τοῦ
761 3358 898 3430 πάππου
919 3358 1126 3451 θεράποντες

164 3467 291 3549 ίσασιν,
310 3455 369 3542 οῦς
386 3449 483 3542 οῦτος
500 3464 761 3553 παραδοῦναιί
731 3487 777 3541 ες
800 3458 948 3546 βάσαυον
965 3457 1028 3532 οῦκ
1046 3458 1126 3551 ἦθέ
