2340 3916
305 209 355 261 DE
373 206 575 261 ANDOOIDIS
593 204 842 269 ELOQUEN'I'IA.
1000 204 1052 255 XV

80 348 246 431 χρῆσθαι,
275 333 358 407 ὅθεν
380 340 476 419 ἔδοξέ
494 355 560 404 τισι
582 337 735 424 φλύαρος
756 339 813 403 καὶ
835 333 943 414 ἄλλως
965 336 1051 403 οἷον·

82 444 150 532 φὴς
182 439 278 510 εἶναι.
329 444 518 528 ἐπιμελείας
545 440 583 506 δὲ
610 437 701 524 αὐτῷ
728 437 784 502 καί
807 438 936 521 κόσμου
959 439 1051 505 πάνυ

82 544 193 634 βραχὺ
214 546 354 630 μέτεστι,
376 541 578 629 γοργότητός
599 563 636 606 τε
657 538 832 625 ὡσαύτως,
858 542 914 605 καί
936 542 1051 625 μέντοι

83 649 219 730 καὶτῆς
240 639 325 713 κατὰ
345 646 495 729 μέθοδον
517 645 709 727 δεινότητος
724 637 856 725 ὀλίγον,
884 640 971 706 ἀλλὰ
993 642 1050 708 καί

84 749 219 836 σφόδρα
236 745 353 830 ὀλίγον
375 750 458 843 tyra
481 751 541 830 τῆς
556 744 586 810 δ’
603 744 708 829 ἄλλης
722 741 845 829 σχεδὸν
860 741 939 810 odd’
953 742 1049 818 ὅλως,

228 1071 559 1148 ARGUMENTA
587 1070 897 1148 ORATIONUM

354 1208 543 1261 uuuvrrau
560 1208 773 1259 asseruere.

167 1342 222 1408 Or.
244 1340 269 1406 Ι.
314 1341 401 1423 Περὶ
422 1342 492 1405 τοῖν
519 1341 725 1425 μυστηρίων.
770 1340 953 1406 Andocides
976 1362 1049 1406 cum

81 1446 115 1509 in
137 1465 233 1509 causa
253 1441 563 1526 Hermocopidarum
590 1441 745 1507 indicium
772 1442 915 1527 fecisset,
942 1444 1047 1526 primo

81 1546 307 1630 impunitatem
340 1542 431 1627 tulit,
460 1547 574 1627 postea
603 1565 641 1608 ex
670 1542 845 1609 Isotimidis
878 1543 1048 1627 plebiscito

82 1648 194 1731 capitis
223 1645 442 1710 deminutione
470 1646 516 1710 ita
543 1645 675 1709 affectus
703 1649 765 1728 est,
794 1649 831 1710 ut
859 1649 892 1709 et
918 1645 1048 1728 templis

82 1753 113 1813 et
134 1748 206 1813 foro
230 1747 259 1811 ei
280 1746 533 1812 interdiceretur.
565 1744 669 1821 Quare
692 1747 804 1811 urbem
826 1745 958 1829 reliquit
979 1745 1047 1810 diu·

80 1871 141 1933 que
163 1853 299 1934 vagatus
325 1853 400 1932 post
421 1849 604 1912 restitutum
633 1847 762 1911 demum
788 1868 846 1930 per
867 1846 1049 1932 Thrasybu-

80 1953 148 2015 lum
160 1950 332 2034 imperium
344 1951 500 2034 populare
506 1949 652 2015 Athenas
660 1949 763 2015 rediit.
780 1946 846 2014 Ubi
858 1971 931 2015 cum
943 1950 1047 2035 publi·

80 2075 134 2118 cae
146 2051 320 2117 oblivionis
332 2052 403 2136 lege
421 2051 523 2116 fretus
535 2074 644 2117 rursus
656 2052 766 2117 omnia
780 2053 899 2117 civium
913 2074 1048 2117 munera

80 2157 261 2237 capesseret
286 2154 444 2237 rebusque
466 2155 563 2218 sacris
585 2153 769 2239 interesset,
797 2155 939 2220 triennio
961 2158 1048 2238 post

79 2277 176 2339 quam
198 2254 294 2318 rediit
307 2255 534 2338 mysteriorum
555 2255 655 2320 festos
677 2255 743 2321 dies
766 2280 832 2322 una
846 2278 920 2322 cum
934 2256 1047 2322 ceteris

77 2357 215 2421 initiatis
237 2376 336 2440 agens
358 2377 377 2418 a
400 2353 552 2440 Cephisio
580 2356 700 2422 Meleto
722 2356 883 2440 Epichare
909 2380 969 2442 per
990 2361 1048 2423 ἔν-

79 2458 187 2536 δειξιν
220 2456 305 2542 apud
331 2478 442 2543 regem
472 2479 635 2523 sacrorum
674 2459 709 2521 in
741 2459 791 2522 ius
823 2463 955 2523 vocatus
989 2463 1046 2524 est.

76 2560 268 2646 Arguebant
295 2564 403 2624 autem
429 2563 629 2623 accusatores
652 2559 731 2623 olim
760 2558 798 2623 de
819 2561 1047 2643 mysteriorum

75 2661 304 2744 profanatione
327 2665 360 2725 et
386 2663 421 2726 in
443 2682 476 2726 se
499 2661 606 2744 ipsum
628 2663 661 2724 et
685 2660 720 2722 in
743 2660 823 2724 alios
845 2658 1047 2724 Andocidem

75 2761 216 2826 indicem
245 2763 420 2827 exstitisse:
455 2783 553 2846 quare
581 2760 735 2826 iudicium
763 2761 839 2826 huic
867 2783 979 2826 causae
1008 2783 1047 2826 ex

75 2863 154 2928 solis
176 2864 313 2928 initiatis
336 2863 547 2928 constitutum
569 2867 625 2928 est.
661 2861 749 2927 Reus
771 2867 804 2927 et
826 2863 864 2928 de
886 2864 1046 2947 mysteriis

75 2986 145 3031 sese
166 2969 285 3050 purgat
307 2964 400 3030 etde
423 2965 493 3048 ipsa
514 2965 708 3030 Hermarum
730 2965 935 3030 mutilatione
962 2965 1046 3029 nihil

75 3066 228 3131 adversus
261 3089 294 3131 se
326 3068 433 3151 ipsum
464 3068 723 3150 pronuntiavisse
755 3067 910 3131 affirmat:
946 3087 1045 3151 quare

73 3167 279 3251 plebiscitum
306 3168 401 3252 illud,
431 3190 495 3251 quo
524 3169 554 3232 ei
592 3169 653 3232 soli
681 3168 736 3251 qui
766 3168 804 3232 de
840 3189 873 3232 se
907 3167 1046 3232 confessi

76 3273 184 3333 essent
219 3270 477 3352 continerentur,
510 3270 550 3333 ad
578 3291 611 3334 se
638 3270 722 3333 nihil
754 3271 932 3353 pertinere3
961 3267 1046 3332 idem

76 3375 184 3435 autem
211 3375 290 3435 tuno
320 3375 404 3435 certe
438 3374 513 3454 post
545 3371 783 3436 restitutionem
816 3370 920 3454 eapite
949 3369 1046 3433 demi·

74 3475 229 3536 nutorum
256 3471 448 3536 Patroclidis
481 3472 649 3556 plebiscito
684 3472 802 3537 factam
831 3476 863 3537 et
890 3474 966 3555 post
993 3492 1046 3534 eas
