2340 3916
82 211 110 258 ρ.
129 194 173 244 45.
292 193 382 244 ΠΕΡΙ
400 193 475 244 Tor
493 193 646 245 ΠΤΡΡΟΤ
662 194 826 245 ΚΑΗΡΟΤ.
1000 203 1040 261 47

84 363 211 446 αύτούς
229 372 362 456 ἔρεσθε,
387 375 419 434 εί
437 394 485 447 τις
507 368 575 436 τῶν
597 374 744 453 γνησίων
766 371 834 436 τοῖν
851 361 956 436 αὑτοῦ
973 370 1040 436 έιτι·

87 465 279 550 δικάζεσθαι
300 462 391 549 ἄξιοι.
434 469 538 536 ταῦτα
560 463 641 554 τρὺς
663 463 724 554 τήν
740 462 912 554 ἀναίδειαν
930 463 1041 537 αὑτοῖν

84 564 312 638 τυνθύνεσθε.
341 561 385 646 ὡς
399 563 432 635 δ’
444 556 486 653 ήν
499 569 643 647 έτίδικος
654 561 675 654 ή
688 565 785 654 γυνή,
805 577 840 636 εί
847 594 909 656 περ
920 575 1040 655 γνησία

84 675 341 757 καταλειφθείη,
365 670 401 736 έιι
416 670 483 736 τοῖν
500 665 612 754 νόμον
628 670 816 756 σαφέστατα
832 679 956 756 μαθεῖν
973 675 1041 739 ἔστι

80 771 192 837 τούτο.
234 763 254 836 ὑ
280 765 344 856 γδρ
371 765 472 856 νόμος
501 765 684 856 διαρρήδην
706 770 793 855 λέγει
823 771 940 850 ἐξεῖναι
972 775 1040 838 δια·
1057 796 1093 846 68

84 871 211 938 θέσθαι
226 865 315 949 ὄντας
337 862 381 938 ἂν
398 871 496 957 ἐθέλῃ
513 896 562 948 τις
579 865 619 937 τύ
636 863 756 955 αὑτού,
782 865 840 938 έίιν
856 864 900 957 μή
918 874 1040 948 παῖδας

83 977 241 1056 γνησίους
258 977 419 1057 καταλίπῃ
432 966 587 1059 ἄρρενας·
613 964 656 1038 ἂν
668 970 705 1038 δέ
716 976 853 1056 θηλείας
864 977 1038 1057 καταλίπῃ,

84 1066 152 1140 σὺν
167 1067 308 1149 ταύταις.
342 1066 466 1139 ούκούν
482 1065 563 1158 μετὰ
579 1071 646 1138 τοῖν
662 1072 858 1160 θυγατέρων
876 1076 944 1139 ἔστι
963 1071 1039 1139 δού-

83 1199 140 1240 ναι
158 1172 213 1239 καί
237 1172 415 1240 διαθέσθαι
437 1167 477 1239 τὰ
494 1164 612 1239 αὑτοῦ·
638 1166 720 1239 ἄνευ
744 1171 781 1239 δὲ
803 1173 870 1239 τῶν
891 1177 1039 1257 γνησίων

81 1266 357 1361 θυγατέρσνούῃ
373 1267 445 1340 οἷόν
462 1298 498 1340 τε
514 1267 592 1340 οὑτε
609 1268 810 1358 ποιήσασθαι
827 1267 904 1341 ούτε
922 1274 1040 1340 δοὺναι

82 1368 201 1440 οὐδενίΙ
221 1368 323 1441 ούδέν
344 1375 412 1440 τοῖν
435 1374 563 1441 ἑαυτοῦ.
608 1367 732 1441 ούκούν
755 1379 786 1440 εί
806 1373 867 1460 μέν
884 1368 966 1440 ἄνευ
982 1374 1040 1458 τής
1056 1396 1092 1448 σο

82 1479 221 1559 γνησίας
243 1468 410 1559 θυγατρὸς
427 1469 485 1542 τδν
497 1469 632 1542 Ἕνδιον
649 1469 784 1562 Πύρρος
808 1475 946 1542 ἐποιεῖτο
963 1470 1014 1540 υἷ’

82 1568 189 1665 αὑτῷ,
214 1569 336 1661 ἄκυρος
358 1567 401 1642 ἂν
423 1562 466 1660 ήν
489 1568 594 1642 αύτού
614 1566 635 1658 ή
658 1579 788 1660 ποίησις
812 1570 894 1642 κατὰ
910 1569 968 1642 τὸν
984 1571 1038 1642 νό-

81 1692 161 1760 μον·
191 1679 222 1742 εί
239 1673 276 1742 δὲ
292 1669 353 1760 τήν
369 1676 538 1762 θυγατέρα
556 1676 670 1742 ἐδίδου
687 1675 741 1742 καί
754 1676 806 1742 έκὶ
823 1671 930 1764 τούτῳ
948 1698 1038 1760 κοιη-

82 1772 222 1862 τέμενος
243 1775 411 1861 κατέλιπε,
434 1777 503 1855 ιιιὶς
519 1769 561 1843 ίιν
577 1768 672 1862 ὑμεῖς
695 1773 700 1859 l
724 1777 919 1859 ἐπετρέψατε
937 1776 1039 1842 έιιιδι-

82 1872 240 1957 νίζεσθαι
260 1876 307 1965 τῷ
328 1876 389 1944 τού
404 1872 544 1964 Πύρρου
561 1877 651 1965 θετρῐ
677 1876 738 1943 τού
754 1872 893 1963 Πύρρου
915 1871 1039 1963 κλήρου

80 1971 165 2043 ἄνευ
181 1977 239 2061 τής
255 1981 392 2062 γνησίας
409 1972 591 2064 θυγατρός,
621 1981 651 2042 εί
666 1963 709 2062 ήν
726 1977 858 2066 ἐκείνῳ,
881 1971 987 2054 ἄλλως
1003 2002 1039 2044 τε

83 2082 113 2143 εί
136 2074 192 2143 καί
216 2071 460 2165 ἐμαρτυρήσατε
483 2070 527 2156 ὑς
551 2076 734 2161 ἐπέσκηψεν
757 2071 839 2164 ὑμῖν
861 2071 878 2145 ὁ
903 2072 1037 2165 ύδελφι·

82 2177 164 2256 δούς
182 2178 408 2263 ἐπιμελεῖσθαι
424 2174 544 2245 τούτου
555 2179 617 2243 τού
626 2180 777 2259 ταιδίου;
803 2171 876 2246 ἀλλ’
890 2167 917 2246 ύ
931 2173 1038 2264 ’γαθέ,
1056 2203 1090 2253 70

80 2278 178 2345 τοῦτο
196 2276 257 2364 μὲν
275 2278 330 2344 καὶ
347 2285 466 2346 λαθεῖν
482 2271 618 2365 φήσαιτ’
630 2269 673 2344 ἂν
689 2271 789 2366 ὑμεῖς·
815 2274 871 2347 ὅτε
883 2281 903 2345 δ
908 2273 918 2305 ²
930 2273 1038 2364 ήγγύα

80 2378 139 2445 καὶ
156 2380 303 2459 ἐξεδίδου
320 2371 475 2457 ὁἝνδιος
491 2373 552 2465 τήν
569 2393 722 2466 γυναῖκα,
741 2380 932 2466 έιιετρέιτετε
943 2373 1038 2466 ὑμεῖς
1136 2393 1142 2404 ’

80 2482 116 2546 οί
130 2488 219 2547 θεῖοι
241 2475 303 2564 τήν
324 2481 387 2546 τοὺ
402 2473 583 2565 ἀδελφιδοῦ
603 2478 665 2546 τού
679 2472 841 2567 ὑμετέρου
864 2473 976 2546 αὑτοῖν
993 2473 1038 2557 ὡς

82 2582 114 2660 ἐξ
141 2581 272 2666 ἑταίρας
294 2567 399 2647 οὖσαν
422 2580 537 2670 ἐκείνῳ
560 2581 759 2664 ἐγγυᾶσθαι,
789 2575 895 2657 ἄλλως
923 2604 958 2646 τε
983 2581 1038 2647 καὶ

80 2681 329 2769 παραγενέσθαι
356 2676 553 2766 φάσκοντες,
586 2674 642 2746 ὅτε
669 2672 687 2746 ὁ
716 2673 917 2766 ἀδελφιδοῦς
943 2673 1039 2766 ὑμῶν

79 2775 228 2868 ήγγυᾶτο
251 2775 311 2874 τήν
333 2781 456 2869 μητέρα
478 2775 539 2866 τήν
568 2774 689 2866 ταύτης
711 2775 794 2848 κατὰ
815 2775 892 2859 τούς
915 2778 1038 2869 νόμους

80 2884 169 2963 ἕξειν
191 2895 350 2968 γυναῖκα,
380 2886 426 2949 έτι
453 2879 490 2948 δέ
512 2882 568 2949 καί
591 2882 626 2949 έν
649 2881 690 2968 τή
713 2879 832 2969 δεκάτῃ
855 2884 897 2970 τῇ
917 2878 1038 2969 ταύτης

80 2982 260 3067 κληθέντες
278 2983 529 3064 συνεστιᾶσθαι;
556 2976 637 3069 αρὺς
656 2980 692 3049 δὲ
708 2979 836 3061 τούτοις
854 2980 959 3071 (τουτὶ
976 2979 1038 3071 γὺρ
1056 2997 1086 3047 71

79 3078 118 3150 τὺ
137 3079 249 3151 δεινόν
267 3080 369 3169 ἐστιν)
389 3083 565 3166 ἐπισκῆψαι
583 3078 765 3168 φάσκοντες
778 3076 860 3170 ὑμῖν
876 3078 1038 3153 τδνύδελ-

79 3185 206 3270 φιδοὺν
224 3185 449 3270 ἐπιμελεῖσθαι
466 3178 585 3251 τούτου
602 3184 663 3250 τοὺ
673 3187 825 3270 παιδίον,
844 3179 949 3264 οὕτως
967 3186 1037 3252 έπε-

79 3281 247 3371 μελήθητε
265 3278 343 3352 ὥστ’
363 3286 456 3353 ἐᾶσαι
473 3276 517 3362 ὦς
539 3285 571 3365 ἐξ
590 3285 720 3373 ἑταίρας
741 3272 847 3364 ούσαν
864 3279 969 3370 αύτήν
987 3285 1037 3369 έγ-

80 3386 240 3471 γυᾶσθαι,
258 3380 364 3464 ἄλλως
376 3410 411 3453 τε
423 3385 477 3452 καὶ
490 3388 631 3471 ἔχουσαν
646 3381 792 3472 τούνομα
807 3387 866 3471 τής
878 3378 1037 3472 ὑμετέρας

81 3479 195 3557 αὑτοῖν
211 3480 374 3574 οἷδελφής,
394 3478 438 3564 ὑς
457 3486 682 3574 έμαρτυρεῖτε;
