2340 3916
60 214 88 266 p.
107 198 152 251 τι.
215 198 305 250 Πυει
321 197 398 249 Tor
415 197 695 251 Δικιιουυυονε
712 200 877 253 καπυον.
980 210 1019 271 61

137 364 269 456 Ἐπειδή
296 368 333 437 δέ
351 368 574 456 ἐνείμαντο
540 398 598 439 τον
617 376 755 459 κλῆρον,
781 369 959 461 ὀμόσαντες
976 406 1021 465 μη
1038 396 1055 446 7

17 466 319 557 παραβήσεσθαι
350 466 391 536 τοὶ
422 464 670 559 ὡμολογημένα,
706 476 906 561 ἐκίκτητο“
886 498 1021 557 εκαστυς

65 568 198 639 δυόδεκα
223 564 317 656 ἐτη“
295 595 317 637 α
342 575 451 657 ἔλαχε·
478 574 534 640 καὶ
561 574 596 640 ἐν
622 570 767 664 τοσούτῳ
784 573 891 666 χρόνῳ
909 572 1022 646 ούσοὶν

66 674 169 740 δικῶν
194 666 305 749 ούδεὶς
332 665 444 739 αύτων
469 666 588 757 ήξίωσε
613 667 653 739 τὰ
678 676 891 761 πεπραγμένα
915 683 1022 745 εἰπεῖν

64 766 188 851 όδίκως
213 773 421 860 πεπρᾶχθαι,
448 774 527 859 πρὶν
555 770 862 860 δυστυχησάσης
821 801 878 861 της
896 772 1021 855 πόλεως

65 874 120 939 καὶ
136 870 281 950 στάσεως
297 868 533 959 γενομένης’
493 900 640 958 καγωνος
658 868 770 942 οὑτοσὶ
788 877 938 954 πεισθείς
956 870 1020 945 ύπδ

65 974 220 1051 Μέλανος
236 975 297 1040 τού
313 977 515 1059 Αἰγυπτίου,
544 962 571 1063 ᾦ
587 976 720 1061 περκαὶ
739 964 840 1042 τᾶλλα
858 978 1020 1061 ἐπείθετο,

65 1066 264 1160 ῆμφισβήτει
289 1066 369 1160 ἡμῖν
395 1067 538 1151 ἅπαντος
563 1076 624 1141 τοῦ
640 1072 779 1163 κλήρου,
806 1072 946 1162 φάσκων
965 1070 1020 1161 ἐφ’

65 1168 126 1260 ὅλη
150 1176 329 1259 ποιηθῆναι
361 1170 433 1251 νίδς
459 1168 524 1241 ύπό
550 1176 611 1241 τού
636 1182 733 1242 θείου
758 1177 818 1242 τού
851 1170 1020 1262 ήμετίρου.

65 1266 159 1359 ῆμεῖς
184 1273 245 1361 μὲν
269 1262 332 1348 ,οὖν
349 1278 527 1360 μαίνεσθαι
554 1270 655 1342 αὐτόν
672 1270 845 1362 ἡγούμεθα
862 1278 904 1363 τῆ
920 1273 1022 1361 λήξει,
1039 1296 1057 1347 8

66 1368 129 1441 ούκ
145 1368 187 1441 ἅν
204 1400 282 1441 ποτε
298 1370 441 1461 οἰόμενοι
459 1371 519 1443 τόν
531 1369 633 1442 αὐτόν
651 1371 758 1463 ἄνδρα
768 1373 841 1443 τότε
859 1376 921 1463 μὲν
937 1373 1022 1463 φόσ-

67 1498 167 1541 κοντα
197 1476 250 1541 ἐπλ
281 1475 329 1565 τῷ
353 1479 451 1564 τρίτῳ
477 1476 567 1561 με’ρει
594 1478 771 1561 ποιηθῆναι
802 1472 876 1544 τότε
904 1471 936 1542 δ’
966 1470 1020 1561 ἐφ’

66 1566 186 1641 ἅπαντι
209 1576 257 1665 τῷ
272 1571 383 1664 κλήρῳ
403 1572 493 1655 δόξαι
511 1570 653 1660 τᾶληθές
670 1576 779 1662 λέγειν
796 1571 891 1662 ὑμῖν·
920 1581 967 1654 είς
986 1574 1023 1643 δέ

70 1668 107 1741 τό
127 1672 336 1763 δικαστήριον
354 1672 560 1752 εἰσελθόντες
578 1678 633 1742 καὶ
650 1678 762 1766 πολλῷ
779 1680 882 1742 πλείω
900 1676 955 1741 καὶ
975 1679 1023 1741 δι-

66 1770 217 1859 καιότερα
241 1774 392 1860 λέγοντες
418 1769 642 1861 ἠδικήθημεν,
669 1770 730 1862 ούχ
755 1769 821 1842 ὑπὸ
848 1776 914 1841 των
933 1778 1022 1840 δικα-

65 1874 154 1943 miv
170 1867 242 1942 ἄλλ’
260 1869 326 1941 ύπδ
339 1876 493 1951 Μέλανος
510 1877 571 1940 τού
580 1880 767 1959 Αἰγυπτίου
784 1876 839 1941 καλ
856 1876 924 1941 των
942 1874 1023 1940 ἐκεί-

64 2000 128 2042 νου
153 1979 277 2062 φίλωυ,
304 1980 338 2041 οἳ
363 1968 417 2040 διὰ
443 1970 499 2051 τὰς
516 1976 574 2058 τῆς
600 1970 725 2053 πόλεως
743 1970 915 2062 συμφορὰς
934 1974 1022 2053 ἐξου-

64 2080 144 2143 σίαν
161 2080 277 2162 σφίσιν
294 2068 406 2151 αὐτοῖς
432 2067 574 2159 ἡγοῦντο
594 2072 679 2142 εἶναι
697 2077 882 2160 κεκτῆσθαί
896 2100 931 2142 τε
948 2068 1023 2141 τᾶλ-

65 2170 180 2261 λότρια
204 2175 259 2243 καλ
285 2170 325 2241 τὰ
350 2174 459 2259 ψευδῆ
489 2167 640 2259 ἀλλήλοις
665 2189 860 2262 μαρτυρεῖν·
893 2168 959 2241 ύπδ
987 2170 1025 2239 δὲ

64 2276 134 2342 τεόν
157 2271 357 2342 τὰτοιαῦτα
382 2269 568 2341 ποιούντων
595 2272 848 2360 ἐξηπατήθησαν
874 2276 909 2341 οῖ
933 2277 1024 2339 δικα-

64 2380 150 2442 σταί.
186 2375 240 2442 καλ
258 2368 352 2460 ἡμεῖς
377 2373 439 2460 μὲν
464 2376 918 2463 καταψευδομαρτυρηθέντες
935 2367 1058 2439 ‹im-9

64 2475 209 2562 λέσαμεν
233 2469 273 2542 τό
289 2470 382 2541 ὅντα·
409 2474 464 2540 καλ
482 2468 544 2559 γόιρ
562 2467 580 2539 6
599 2470 705 2561 πατήρ
723 2468 763 2540 06
787 2474 899 2562 πολλῷ
915 2465 1023 2560 χρόνῳ

64 2570 209 2661 ὕστερον
225 2569 305 2661 μετὰ
322 2569 383 2659 τήν
402 2577 500 2659 δίκην
518 2570 718 2658 ἐτελεύτησε,
737 2574 816 2657 πρὶν
835 2573 1024 2651 ἐπεξελθεῖν

64 2670 117 2753 οἷς
136 2671 341 2760 ἐπεσκήψατο
358 2675 425 2741 τοῖν
442 2668 632 2761 μαρτύρων·
651 2674 889 2791 Δικαιογένῆς
889 2669 926 2737 δέ
943 2664 1024 2755 πρὸς

64 2769 153 2863 ῆμοῖς
186 2768 230 2852 63
263 2770 415 2860 ἐβούλετο
450 2768 694 2860 ἀγωνισάμενος
728 2798 768 2859 τη
804 2766 889 2858 αὐτῆ
919 2764 1025 2859 ήμίρα

65 2872 255 2960 ἐξήλασε
221 2901 281 2961 μεν
306 2870 367 2990 τήν
385 2874 648 2959 Κηφισοφῶντος
674 2898 733 2939 του
722 2874 937 2949 Παιανιεως
961 2880 1024 2937 θυ-

63 2976 189 3061 γατέρα
216 2976 250 3042 ἐκ
275 2976 336 3042 τοῦ
360 2976 495 3061 μέρους,
519 2968 707 3092 ἀδελφιδῆν
729 2960 834 3039 οὖσαν
852 2970 1025 3055 Λικαιογέ-

63 3102 148 3153 νους
165 3102 224 3143 του
213 3071 474 3151 καταλιπόντος
491 3069 531 3139 τόι
547 3069 711 3160 χρήματα,
738 3066 891 3157 ἀφείλετο
911 3065 1001 3138 δέ
964 3096 1026 3155 την

64 3176 281 3262 Δημοκλέους
291 3176 472 3262 γενομενηυ
487 3188 639 3258 γυναῖκα,
658 3200 678 3239 α
663 3167 913 3258 “Λικαιογένης
931 3165 1025 3237 όδελ-

65 3271 131 3363 φός
158 3268 206 3343 οἷν
223 3278 364 3361 ἔδωκεν,
391 3269 544 3361 ἀφείλετο
572 3272 609 3339 δὲ
636 3274 690 3339 καλ
716 3269 777 3357 τήν
794 3266 1026 3390 Κηφισοδότου

66 3377 194 3463 μητέρα
218 3376 273 3443 καὶ
300 3370 400 3442 αὐτόν
425 3376 543 3442 τούτου
568 3368 705 3440 ἅπαντα.
748 3374 803 3439 καὶ
820 3367 882 3457 γόιρ
899 3365 1027 3436 τούτων
1045 3380 1078 3431 10

66 3502 120 3545 τοι
137 3471 204 3564 ἅμα
229 3476 283 3543 καὶ
311 3477 482 3564 ἐπίτροπος
507 3474 563 3540 καὶ
581 3469 694 3558 κύριος
718 3474 772 3540 καὶ
790 3466 955 3546 ἀντίδικος
972 3456 1026 3552 ῆν,
