2340 3916
123 194 167 255 64
500 180 504 187 ’
535 182 663 233 ΙΣΑΙΟΤ
980 190 1034 242 03,
1052 188 1081 245 5,

124 360 180 427 καὶ
199 357 310 442 ἑτέρας
328 358 487 443 μηδεμιᾶς
504 349 767 442 δμολογουμένης
794 350 897 439 εἶναι,
924 344 1006 418 κατά
1025 342 1083 413 δό·

124 478 179 527 σιν
196 457 258 544 μὲν
275 451 389 524 οάδενλ
407 458 550 544 προσῆκε
567 456 627 522 τοῦ
644 451 779 542 κλήρου,
799 448 871 519 κατ’
891 446 1084 538 ἀγχιστείαν

127 557 164 625 δὲ
181 572 251 636 ταῖς
269 557 507 642 Δικαιογέυους
518 557 579 622 τοῦ
595 549 822 631 ἀποθανόντος
839 547 1014 640 ἀδελφαῖς,
1035 534 1084 614 ὦν

127 646 212 725 είσιν
238 662 275 724 αί
297 652 450 744 ἡμέτεραι
475 656 618 744 μητέρες.
665 650 719 723 διά
746 654 783 722 δὲ
808 656 912 721 ταῦτα
939 651 1035 731 ἔδοξέ
1048 671 1085 714 τε

125 751 205 845 ἡμῖν
231 765 344 845 λαχεῖν
369 759 430 824 τοῦ
454 753 577 843 κλήρου
603 749 675 823 κατ’
702 749 907 840 ἀγχιστείαν,
935 754 991 821 καὶ
1012 744 1084 819 ἐλά-

125 883 225 944 χομεν
250 854 286 926 τό
312 859 408 945 μέρος
435 857 576 934 ἕκαστος.
612 852 799 941 μελλόντων
827 849 859 920 δ’
877 848 972 940 ήμων
989 843 1084 921 ἀντό-

125 969 274 1044 μνυσθαι
294 952 534 1044 διεμαρτύρησε
547 951 723 1043 Λεωχάρης
740 947 853 1021 οδτοσλ
870 950 914 1041 μή
934 956 1086 1021 ἐπίδικον

75 1068 108 1119 17
126 1056 212 1124 εἶναι
236 1053 295 1125 τόν
320 1056 441 1144 κλήρου
466 1050 554 1141 ήμίν.
592 1055 864 1140 ἐκισκηψαμέυων
891 1049 924 1122 δ’
951 1046 1085 1142 ήμοῖνή

126 1155 187 1242 μὲν
204 1160 293 1242 λῆξις
310 1156 371 1222 τοῦ
387 1159 511 1245 κλήρου
525 1152 697 1242 διεγράφη,
716 1149 737 1240 ή
758 1155 794 1221 δὲ
811 1156 878 1222 των
896 1159 1086 1242 ψευδομαρ-

126 1260 250 1344 τυριωυ
269 1261 344 1340 δίκη
364 1252 476 1344 είσήει.
506 1257 541 1322 ἐν
560 1255 597 1322 δὲ
614 1258 660 1344 τῷ
680 1261 878 1345 δικαστηρίῳ
896 1252 1006 1322 πάντα
1023 1254 1087 1342 μὲν

127 1348 221 1442 ἡμῶν
248 1352 408 1423 είκόντων
435 1352 456 1423 ἀ
481 1380 542 1443 περ
569 1363 662 1440 νυνί,
691 1350 795 1421 πολλά
823 1354 860 1421 δὲ
887 1351 1086 1443 Λεωχάρους

126 1448 494 1542 ἀντακολογησαμέυου,
522 1459 671 1540 ἔγνωσαν
693 1450 734 1521 τά
751 1456 861 1541 ψευδῆ
877 1458 1087 1544 μαρτυρῆσαι

127 1553 308 1645 Λεωχάρην
325 1562 360 1623 οί
371 1560 529 1623 δικασταί.
559 1552 721 1641 ἐπειδὴδὲ
737 1557 834 1622 τοῦτο
851 1552 999 1645 φανερόν
1018 1557 1086 1642 ἐγί-

126 1680 201 1722 νετο
221 1659 451 1746 ἐξαιρεθεισων
467 1659 535 1724 των
552 1653 691 1742 ψήφων,
719 1650 740 1722 ά
756 1654 817 1741 μὲν
834 1658 901 1723 των
920 1660 1086 1726 δικαστῶν

128 1756 182 1822 καὶ
208 1752 302 1844 ήμῶν
329 1754 453 1842 ἐδεήθη
479 1752 656 1844 Λεωχάρης
682 1748 703 1840 ή
728 1751 790 1824 ὅσα
816 1750 895 1842 ήμῑυ
922 1758 1087 1842 ἐξεγένετο

129 1855 373 1946 διαπράξασθαι
399 1853 488 1942 τότε,
516 1851 578 1923 οὐκ
604 1850 670 1923 οἶδ’
698 1851 764 1923 ὅτι
785 1860 839 1923 δεῖ
853 1855 979 1943 λέγειν,
1008 1852 1088 1926 δδὲ

78 1964 111 2017 18
129 1948 326 2043 ὡμολογήθη
353 1951 448 2042 ήμίν,
476 1958 580 2023 ταῦτα
606 1951 778 2023 ἀκούσατε.
821 1954 1087 2046 συγχωρούντων

128 2051 191 2145 γάρ
209 2050 303 2143 ήμοῖν
319 2059 367 2147 τῷ
391 2052 523 2143 ἀρχοντι
549 2051 593 2141 μή
611 2067 833 2145 συναριθμεῑν
850 2051 933 2124 ἀλλά
950 2060 1087 2146 συγχέαι

128 2151 186 2234 τάς
204 2153 353 2243 ψήφους,
380 2150 540 2242 ἀφίστατο
566 2154 627 2242 μὲν
644 2158 863 2242 Δικαιογίυης
889 2172 961 2226 τοίν
989 2164 1087 2227 δυοῖν

128 2271 244 2343 μεροῖν
260 2258 322 2324 τοά
339 2252 463 2342 κλήρου
479 2271 551 2335 ταῖς
567 2258 805 2342 Δικαιογέυους
823 2251 1002 2346 ἀδελφαῖς,
1031 2260 1088 2326 καλ

130 2348 289 2442 ὡμολόγει
307 2350 580 2443 ἀναμφισβήτητα
597 2354 810 2447 παραδώσειν
827 2350 906 2444 ἡμῖν
923 2362 1031 2428 ταυτα
1047 2355 1088 2427 τά

129 2458 225 2545 μέρη
258 2458 313 2525 καλ
344 2458 448 2525 ταῦτα
473 2452 617 2545 ήγγυάτο
644 2452 745 2525 αὐτόν
770 2455 947 2547 Λεωχάρης
973 2454 1088 2528 οὖτοσλ

129 2558 185 2624 καὶ
210 2554 376 2645 ποιήσειν,
404 2552 444 2625 οὐ
470 2553 569 2646 μόνος
595 2551 677 2624 ἀλλά
703 2559 758 2624 καὶ
775 2554 1087 2648 Μνησικτόλεμοςδ

129 2656 333 2740 Πλωθειεός.
378 2660 433 2727 καλ
458 2655 586 2727 τούτων
611 2652 692 2744 ὑμῖν
709 2653 785 2736 τους
803 2655 969 2750 μάρτυρας
986 2660 1088 2749 παρί-

130 2760 231 2843 ξομαι.

502 2901 708 2952 ΜΑΡΤΤΡΕΣ.

80 3058 112 3111 19
200 3050 310 3142 Ἡμεῖς
335 3062 450 3124 τοίνυν
475 3057 579 3124 ταῦτα
605 3056 770 3135 παθόντες
793 3052 858 3126 διεδ
877 3056 1088 3147 Λεωχάρους,

129 3157 185 3223 καὶ
203 3153 418 3243 ἐγγενόμενον
429 3152 509 3246 ἡμῖν
526 3152 628 3225 αὐτόν
640 3153 753 3243 εἰιειδή
773 3162 901 3245 εἵλομεν
919 3161 986 3227 τοῖν
1004 3174 1090 3239 ψευ-

131 3260 359 3345 δομαρτυριῶν
375 3251 545 3345 ἀτιμάσαι,
563 3251 626 3325 οὐκ
644 3254 883 3344 ἐβουλήθημεν,
902 3254 975 3326 ἀλλ’
996 3258 1090 3349 ἐξήρ-

129 3376 206 3424 κεσε
223 3352 263 3424 τά
279 3351 421 3446 ἡμέτερα
438 3353 517 3446 ἡμῖν
535 3358 764 3444 κομισαμένοις
776 3352 993 3446 ἀπηλλάχθαι.
1021 3387 1091 3429 τοι·

129 3457 219 3524 οὗτοι
247 3455 284 3524 δὲ
310 3455 480 3546 γευόμενοι
499 3458 575 3546 περὶ
591 3455 773 3546 Λεωχάρην
790 3460 844 3525 καὶ
862 3462 1090 3547 Λικοιιογένην
