2340 3916
159 211 221 275 124
353 272 355 277 ,
505 213 756 272 ΑΙΣΧΙΝΟΤ

158 372 241 441 ἀλλά
252 377 505 459 δοκιμασθεῖσαι
522 371 677 458 ἄρχουσι,
699 373 754 440 καί
772 371 875 455 λόγον
892 372 946 438 καὶ
958 371 1109 449 εύθύνας

158 472 337 559 ἐγγράφειν
348 471 430 558 πρὸς
441 472 500 541 τὸν
510 476 700 559 γραμματέα
712 475 766 540 καὶ
776 472 855 552 τούς
864 473 1032 559 λογιστὰς,
1045 501 1108 541 κα-

157 571 269 656 θάπερ
281 575 335 640 καὶ
346 570 405 651 τάς
416 571 517 650 ἀλλας
528 569 640 656 ἀρχάς,
659 570 798 638 κελεύει·
822 567 873 639 ὅτι
885 570 919 637 δὲ
933 567 1043 656 ἀληθῆ
1054 571 1110 638 λέ-

158 696 217 756 γω,
229 668 308 750 τούς
318 669 444 756 νόμους
454 668 577 749 αὐτούς
588 667 669 756 ύμῖν
681 667 918 755 ἀναγνώσεται.

549 776 716 837 ΝΟΜΟΙ.

236 864 337 936 Ὅταν
348 873 479 952 τοίνυν,
500 860 527 934 ά
541 865 729 954 Ἀθηναῖοι,
748 865 840 953 ὁμὲν
851 871 1036 953 νομοθέτης
1047 863 1109 950 ἀρ·
1123 881 1155 936 16

159 964 218 1052 γάς
228 963 382 1052 ὀνομάζῃ,
391 957 483 1033 οὗτοι
494 964 530 1033 δὲ
541 965 813 1053 προσαγορεύωσι
824 971 1044 1052 πραγματείας
1054 966 1109 1031 καὶ

160 1070 356 1150 ἐπιμελείας,
374 1061 534 1151 ὑμέτερον
545 1071 644 1150 ἔργον
655 1068 745 1134 ἐστὶν
756 1062 1043 1152 ἀπομνημονεύειν
1053 1066 1108 1130 καὶ

161 1163 364 1230 ἀντιτάττειν
374 1161 435 1230 τὸν
446 1163 552 1250 νόμον
563 1162 717 1250 πρὸςτην
727 1161 1045 1246 τούτωνάναίδειαν,
1053 1163 1108 1229 καὶ

96 1274 142 1329 104
161 1259 365 1346 ὑποβάλλειν
388 1260 514 1346 αὐτοῖς,
539 1259 590 1328 ὅτι
611 1258 652 1329 ού
674 1254 900 1348 προσδέχεσθε
918 1269 1109 1348 κακοῦργον

161 1357 324 1444 σοφιστὴν
346 1359 501 1444 οίόμενον
524 1357 645 1447 βήμασι
664 1358 743 1439 τούς
763 1359 889 1447 νόμους
901 1358 1107 1447 ἀναιρήσειν,

160 1451 229 1523 ἀλλ’
250 1451 319 1546 ὅσῳ
341 1455 384 1524 ἀν
402 1483 451 1535 τις
472 1455 611 1542 ἀμεινον
628 1460 707 1546 λέγη
725 1459 902 1546 παράνομα
918 1456 1107 1545 γεγραφώς,

160 1556 308 1647 τοσούτῳ
318 1562 465 1641 μείζονος
476 1553 578 1642 ὀργῆς
588 1556 742 1637 τεύξεται.
776 1555 838 1644 χρὴ
857 1557 938 1644 γάρ,
960 1550 1109 1643 οἷἈθη-

161 1669 262 1740 ναῖοι,
275 1653 312 1723 τὸ
324 1652 405 1722 αὐτὸ
419 1657 629 1740 φθέγγεσθαι
640 1651 700 1722 τὸν
710 1654 836 1742 ῥήτορα
847 1656 903 1722 καί
914 1653 974 1722 τὸν
987 1653 1107 1741 νόμον·

160 1750 241 1821 ὅταν
252 1751 288 1820 δὲ
306 1755 420 1837 ἑτέραν
431 1753 491 1839 μέν
508 1752 628 1840 φωνην
639 1751 751 1840 ἀφιῇὸ
771 1752 890 1840 νόμος,
913 1753 1028 1837 ἑτέραν
1040 1750 1108 1822 δὲὸ

160 1853 286 1938 ῥήτωρ,
308 1859 356 1940 τῷ
365 1860 427 1919 τοῦ
437 1851 546 1938 νόμον
563 1855 677 1940 δικαίῳ
697 1848 758 1938 χρὴ
771 1851 901 1920 διδόναι
910 1850 971 1937 τὴν
981 1857 1108 1937 δῆμον,

161 1949 202 2018 οὐ
212 1959 252 2038 τῇ
262 1958 323 2016 τοῦ
335 1953 488 2037 λέγοντος
499 1947 721 2038 ἀναισχυντίᾳ.

244 2045 335 2133 Πρὸς
352 2047 387 2115 δὲ
404 2047 443 2133 δὴ
457 2044 519 2115 τὸν
535 2045 816 2133 ἀφυκτονλόγον,
841 2046 882 2115 ὅν
899 2070 980 2134 φησι
991 2057 1108 2134 Δημο-
1124 2059 1156 2118 17

92 2167 143 2221 405
158 2153 297 2232 σθένης,
322 2148 445 2231 βραχέα
456 2145 619 2232 βούλομαι
628 2158 808 2232 προειπείν.
841 2146 924 2225 λέξει
935 2143 998 2231 γάρ
1010 2137 1110 2223 οὗτος

162 2243 367 2332 ,τειχοποιός
385 2250 464 2331 είμι·
491 2240 658 2329 ὁμολογοῖ·
687 2242 756 2312 ἀλλ’
767 2245 948 2312 ἐπιδέδωκα
964 2251 1004 2330 τῇ
1016 2242 1110 2311 πόλει

162 2351 247 2430 μυάς
263 2341 383 2411 έκατόν
399 2345 454 2409 καὶ
470 2339 506 2411 τό
527 2348 627 2428 ἔργον
647 2349 756 2428 μεῖζον
773 2346 988 2428 ἐξείργασμαι.
1020 2349 1111 2421 τίνος

163 2434 226 2509 ούν
237 2447 302 2529 εἰμι
315 2438 523 2530 ὑπεύθυνος;
539 2448 569 2509 εί
578 2442 623 2529 μη’
634 2469 681 2521 τις
690 2444 779 2514 ἐστίν
790 2438 922 2520 εὐνοίας
940 2440 1109 2513 εύθυνα.“

162 2539 245 2623 πρὸς
257 2543 297 2626 δὴ
309 2539 434 2625 ταύτην
445 2538 506 2626 τὴν
516 2540 688 2626 πρόφασιν
703 2537 870 2608 ἀκούσατέ
877 2565 943 2625 μου
954 2541 1110 2624 λέγοντος

162 2639 216 2706 καὶ
227 2640 336 2706 δίκαια
348 2640 402 2706 καί
413 2641 634 2724 συμφέροντα.
656 2642 693 2707 ἐν
703 2637 767 2724 γάρ
777 2639 881 2726 ταύτη
891 2645 930 2726 τῇ
942 2637 1036 2704 πόλει
1049 2635 1111 2705 ού-

161 2763 223 2814 τως
235 2735 353 2824 ἀρχαίη
362 2735 505 2824 οὔσηκαί
515 2737 694 2825 τηλικαύτη
704 2736 742 2807 τό
751 2733 1012 2824 μέγεθος-οὐδείς
1021 2739 1112 2803 ἐστιν

164 2834 401 2914 ἀνυπεύθυνος
411 2842 480 2901 τῶν
491 2839 544 2903 καὶ
556 2833 715 2902 ὁπωσοῦν
732 2836 815 2922 πρὸς
825 2835 865 2904 τά
878 2836 974 2903 κοινὰ
987 2856 1111 2918 προσε-

162 2933 368 3018 ληλυθότων.
399 2932 519 3010 διδάξω
531 2930 564 2999 δ’
576 2931 663 3019 ὑμᾶς
673 2941 807 3016 πρῶτον
818 2936 871 3002 έπλ
881 2941 950 3002 τῶν
961 2935 1111 3018 παραδύ-
1126 2954 1159 3010 18

163 3035 244 3115 ξων,
255 3025 327 3099 οἷον
338 3029 415 3108 τούς
425 3030 587 3113 ίερέαςκαὶ
598 3030 657 3111 τάς
667 3036 786 3117 ἱερείας
796 3030 1014 3112 ὑπευθύνους
1026 3030 1111 3101 εἶναι

163 3128 291 3195 κελεύει
312 3125 329 3195 ὁ
352 3127 469 3215 νόμος,
491 3133 546 3196 καὶ
568 3130 759 3218 συλλήβδην
776 3130 925 3212 ἅπαντας
941 3134 996 3200 καὶ
1013 3135 1112 3216 χωρὶς

94 3250 146 3306 ςης
161 3228 318 3307 ἑκάστους
329 3226 409 3296 κατά
424 3236 536 3316 σῶμα,
548 3227 626 3309 τούς
637 3229 678 3298 τά
689 3233 770 3318 γέρα
781 3258 867 3317 μονα
878 3231 988 3317 λαμβά
992 3257 1110 3307 νοντας

161 3329 215 3393 καὶ
227 3324 285 3404 τάς
297 3322 393 3411 εύχάς
404 3324 488 3412 ὑπὲρ
499 3325 596 3414 ὑμῶν
606 3326 689 3414 πρὸς
698 3327 777 3408 τούς
788 3326 891 3407 θεούς
900 3327 1110 3414 εὐχομένους,

158 3428 216 3492 καὶ
228 3422 269 3491 οὐ
278 3425 386 3510 μόνον
397 3430 481 3516 ίδιήι,
500 3426 582 3495 ἀλλά
594 3431 754 3514 καὶκοινῇ
766 3428 805 3496 τά
816 3433 913 3514 γένη,
937 3425 1112 3514 Εὐμολπί-
