2340 3916
154 218 195 282 76
501 218 758 275 ΑΙΣΧΙΝΟΥ

153 378 333 464 μάρτυρες,
351 375 410 455 οὓς
420 381 672 462 προπηλακίζων
691 366 788 452 οὗτος
799 376 853 442 καὶ
865 374 1055 461 διαβάλλων
1068 378 1107 443 έν

153 485 194 564 τῇ
215 486 395 562 κατηγορίᾳ
419 477 633 541 διατετέλεκε·
666 481 733 540 τῶν
755 471 787 540 δ’
806 474 856 539 ἐπὶ
880 481 941 539 τοῦ
959 471 1109 560 βήματος

84 593 137 646 227
156 572 228 656 παρ’
243 572 324 658 ὑμῖν
342 573 453 656 λόγων
475 569 568 656 ὑμεῖς
590 569 768 656 ἀκηκόατε,
792 568 875 636 ὥστε
895 567 958 637 οὐκ
977 573 1108 639 ἐνέσται

154 699 210 758 μοι
222 671 416 751 ψεύδεσθαι.
431 668 586 754 δέομαιδέ
594 666 690 754 ὑμῶν
697 676 982 753 προσεπιπονῆσαι
1000 665 1108 734 ἀκού-

154 794 251 847 οντας
267 765 400 853 κοίτην
416 763 537 852 λοιπὴν
553 766 714 850 διήγησιν.
747 763 798 831 ὅτι
810 765 872 850 μέν
889 762 953 849 γὰρ
965 766 1103 844 ἕκαστος

153 863 250 951 ὑμῶν
266 875 369 933 ποθεῖ
386 862 427 932 τά
446 866 520 948 περί
537 865 794 950 Κερσοβλέπτην
816 861 953 929 ἀκούειν
973 866 1028 930 καλ
1046 864 1108 942 τάς

153 966 228 1048 περί
239 967 383 1031 Φωκέων
395 969 499 1040 αίτίας
510 968 625 1046 σαφῶς
636 960 719 1044 οῖδα,
727 962 782 1027 καλ
794 958 877 1044 πρός
888 968 991 1027 ταῦτα
999 962 1105 1028 σπεύ-

153 1065 215 1127 δω’
244 1059 312 1127 ἀλλ’
327 1058 385 1128 έάν
395 1059 439 1146 μὴ
451 1058 490 1126 τά
503 1058 567 1143 πρὸ
583 1059 711 1126 τούτων
723 1056 902 1144 ἀκούσητε,
925 1057 1002 1126 οὐδ’
1018 1062 1105 1127 ἑκεί-

153 1185 223 1235 νοις
235 1155 354 1243 ὁμοίως
365 1157 692 1242 παρακολουθήσετε.
725 1155 783 1223 έάν
795 1154 825 1224 δ’
839 1158 911 1242 ἐμοὶ
927 1164 974 1246 τῷ
984 1161 1104 1224 κινδυ-

152 1254 285 1322 νεύοντι
298 1262 401 1323 είπείν
413 1261 496 1322 δῶτε
507 1253 552 1334 ἀς
562 1256 741 1342 βούλομαι,
752 1257 807 1322 καὶ
818 1262 925 1323 σῶσαί
932 1282 987 1342 με,
1000 1263 1031 1324 εί
1039 1284 1105 1343 μη-

153 1359 210 1422 δὲν
234 1352 354 1436 ἀδικοῖ,
377 1354 582 1439 δυνήσεσθε,
608 1351 724 1431 ίκανάς
746 1353 916 1439 εἰληφότες
938 1353 1102 1441 ἀφορμάς,

152 1454 206 1519 καί
217 1452 408 1519 θεάσασθαι
424 1455 460 1518 έκ
476 1459 544 1518 τοόν
563 1451 842 1537 ὁμολογουμένων
853 1454 908 1518 καὶ
918 1449 959 1518 τά
971 1449 1103 1519 ἀντιλε-

152 1551 285 1635 γόμενοι.

232 1646 287 1726 Ὡς
302 1645 366 1732 γάρ
385 1645 473 1733 δεῦρ’
486 1647 637 1734 ἤλθομεν
658 1649 713 1715 καὶ
728 1644 811 1731 πρός
826 1647 888 1733 τὴν
903 1648 1032 1735 βουλὴν
1050 1650 1102 1717 ἐπὶ
1117 1672 1152 1724 45

150 1753 341 1831 κεφαλαίων
351 1743 412 1832 την
431 1751 608 1832 πρεσβείαν
625 1745 870 1831 ἀπηγγείλαμεν
885 1748 940 1812 καί
956 1746 1018 1839 την
1030 1748 1101 1812 έπι-

150 1841 273 1928 στολὴν
289 1841 455 1928 ἀπέδομεν
471 1844 532 1928 τὴν
553 1840 641 1927 παρά
659 1849 842 1926 Φιλίππου,
865 1845 1035 1929 ἐπαινέτης
1056 1837 1102 1928 ἦν

150 1937 246 2025 ἡμῶν
262 1944 485 2027 Δημοσθένης
502 1939 586 2024 πρός
602 1940 679 2020 τούς
699 1944 939 2028 βουλεύοντας,
963 1943 1018 2008 καί
1038 1941 1101 2025 τὴν

79 2052 132 2107 λλθ
145 2034 275 2104 Ἑστίαν
292 2035 441 2122 ἐπώμοσε
463 2036 525 2123 τὴν
543 2045 705 2124 βουλαίαν
722 2024 913 2123 συγχαίρειν
934 2046 976 2125 τῇ
992 2038 1098 2123 πόλει,

56 2182 58 2187 -
149 2134 200 2200 ὅτι
210 2136 383 2213 τοιούτους
394 2135 518 2220 ἀνδρας
530 2137 581 2202 έπλ
592 2135 653 2220 τὴν
664 2142 842 2221 πρεσβείαν
853 2138 1048 2221 ἐξέπεμψεν,
1067 2145 1102 2205 οἳ

148 2233 203 2299 καὶ
219 2246 287 2310 τοῖς
304 2233 414 2316 λόγοις
429 2235 484 2299 καὶ
500 2240 542 2320 τῇ
558 2239 664 2300 πίστει
678 2227 766 2319 ἦσαν
783 2233 869 2313 ἀξιοι
885 2242 943 2319 τῆς
960 2234 1097 2314 πόλεως.

146 2325 230 2412 ὑπὲρ
248 2331 331 2415 ἐμοῦ
347 2329 383 2396 δὲ
400 2327 472 2396 εἰπέ
485 2356 515 2396 τι
531 2337 700 2416 τοιοῦτον,
725 2327 768 2409 ὡς
784 2329 826 2398 οὐ
841 2338 1027 2418 ψευσαίμην
1036 2330 1096 2410 τάς
1111 2356 1147 2411 46

146 2433 215 2493 των
232 2428 397 2511 ἑλομένων
419 2453 459 2513 με
477 2431 530 2495 ἐπί
550 2426 612 2514 τὴν
633 2435 812 2514 πρεσβείαν
832 2432 973 2508 ἐλπίδας.
1006 2432 1099 2508 τέλος

147 2522 182 2590 δὲ
193 2524 330 2590 πάντων
346 2529 491 2609 ἔγραφεν
505 2521 592 2611 ἡμᾶς
612 2535 821 2612 στεφανῶσαι
831 2534 962 2593 θαλλοῦ
972 2528 1098 2613 στεφό-

77 2635 131 2690 229
146 2648 194 2711 νω
206 2623 346 2689 ἕκαστον
357 2621 490 2701 εὐνοίας
501 2626 598 2691 ἕνεκα
614 2633 671 2710 τῆς
681 2631 727 2703 είς
742 2623 802 2693 τόν
814 2631 920 2711 δῆμον
931 2628 986 2694 καὶ
997 2630 1098 2695 καλέ-

148 2721 261 2786 σαιέπλ
269 2723 405 2787 δείπνου
418 2725 464 2798 είς
470 2719 506 2787 τδ
514 2738 714 2806 πρυτανείου
722 2731 767 2802 είς
776 2723 905 2809 αὔριον.
928 2723 978 2794 ότι
991 2723 1025 2792 δ’
1034 2724 1097 2793 οὐ·

147 2819 205 2885 δέν
224 2823 348 2896 ψεῦδος
369 2829 483 2904 είρηκα
506 2819 697 2907 πρὸςὺμάς,
730 2827 857 2909 λαβέτω
872 2850 928 2909 μοι
938 2823 976 2892 τό
989 2821 1097 2909 ψήφι-

147 2937 212 3001 σμα
230 2913 247 2983 ὁ
265 2915 476 3002 γραμματεύς
492 2922 546 2986 καί
564 2920 622 2999 τάς
638 2929 705 2989 τῶν
717 2927 956 3010 συμπρέσβεων
966 2950 1095 3011 μαρτυ-

146 3021 218 3096 ρίας
229 3013 419 3101 ἀναγνώτω.

363 3121 594 3184 ΨΗΦΙΣΜΑ.
617 3125 877 3188 MAPTYPIAI.

224 3208 351 3297 Ἐπειδὴ
373 3220 489 3281 τοίνυν
506 3213 755 3302 ἀπηγγέλλομεν
778 3217 840 3304 την
856 3227 1034 3306 πρεσβείαν
1055 3223 1093 3288 έν
1110 3247 1144 3304 47

142 3316 187 3397 τῷ
204 3308 296 3397 δήμῳ
304 3359 313 3392 ,
326 3307 394 3377 εἷπε
407 3313 587 3395 παρελθόν
599 3322 728 3395 πρῶτος
738 3312 833 3401 ἡμῶν
844 3318 899 3384 διά
910 3318 972 3403 την
982 3316 1088 3403 ἡλικί-

141 3433 183 3472 αν
194 3413 375 3491 Κτησιφῶν
396 3408 518 3488 ἀλλους
537 3415 574 3478 τὲ
592 3438 683 3492 τινας
701 3413 821 3498 λόγους
839 3416 894 3482 καλ
911 3413 989 3493 τούς
1006 3417 1093 3497 πρός
