2340 3916
76 190 120 253 58
502 183 631 235 ιωιιον
736 210 742 221 -
947 186 1000 236 οι.
1018 184 1046 236 ι.

79 354 228 443 σώματος
240 351 430 443 ἠγωνίζετο·
448 358 515 425 νῶν
533 351 587 445 δ’,
607 346 635 426 ῶ
645 354 765 447 ἄνδρες
785 361 952 443 δικασταί,
970 358 1047 425 τοῦ-

79 484 138 526 τον
158 456 220 544 μέν
241 452 354 542 ἄλλος,
380 453 437 525 ἐόν
454 484 503 536 τις
520 454 696 545 βούληται,
719 453 953 545 τιμωρήσεται,
970 482 1047 525 του·

44 558 163 626 1τοισὶ
182 552 213 624 δ’
232 551 328 644 ὑμεῖς
346 554 549 643 βοηθήσατε,
569 560 624 626 καὶ
641 554 685 646 μή
697 558 773 646 περὶ
784 562 936 636 πλείονος
953 552 1048 643 ποιή-

80 669 187 743 σησθε
214 653 291 737 τούς
317 653 440 736 ἀδίκως
467 651 641 747 τάλλότρια
663 663 751 745 ἔχειν
779 658 1003 744 βουλομένους
1026 648 1048 744 ἢ

79 753 158 837 τοῶς
174 760 264 845 γένει
281 761 328 849 τῷ
352 758 511 826 τεθνεῶτι
534 755 759 846 προσήκοντας
783 758 837 825 καὶ
855 758 955 846 χωρὶς
972 754 1048 825 τού·

80 884 148 927 των
165 854 229 944 ἤδη
247 885 278 927 τι
297 861 424 925 ἐκείνου
444 852 712 947 εόερχετηκότας,
737 853 819 924 ἄλλό
836 857 892 925 καὶ
909 859 977 925 τῶν
993 853 1049 926 νό-

79 986 154 1046 μων
165 952 434 1045 ἀναμνησθέντες
445 958 500 1025 καὶ
512 960 580 1025 τῶν
597 953 707 1046 ὅρκων
719 952 778 1036 οδς
792 952 953 1044 ῶμόσατε,
965 953 1050 1046 πρός

83 1057 120 1126 δέ
137 1054 268 1136 κου’τοις
285 1059 341 1125 καί
352 1059 420 1125 τῶν
432 1060 622 1147 μαρτυριῶν
632 1052 671 1137 ἃς
689 1053 782 1146 ἡμεῖς
800 1054 1050 1146 παρεσχήμεθα,

81 1153 121 1227 τῶ
140 1162 251 1225 δίκαια
269 1162 472 1243 ψηφίσασθε.

554 1620 580 1678 5.

104 1749 230 1823 ΠΕΡΙ
252 1747 359 1821 TOT
385 1745 777 1821 ΔΙΚΑΙΟΓΕΝΟΥΣ
803 1745 1039 1821 ΚΛΗΡΟὙ.

425 1980 708 2033 ΤΠΟΘΕΣΙΣ.

170 2117 383 2211 Λικαιοχένους
411 2113 635 2217 τελευτήσαντος
668 2107 793 2187 ἄπαιδος
826 2113 873 2175 ἐπὶ
899 2114 1054 2195 τέσσαρσιν

125 2194 267 2298 ἀδελφαῖς
288 2196 439 2300 Πρόξενος
465 2186 520 2275 ἧκε
543 2193 734 2297 διαθήκην”
716 2221 807 2277 εχων,
835 2197 867 2258 ἐν
887 2223 907 2281 η
928 2205 1054 2259 Δικαιο-

127 2277 246 2363 χένηςό
269 2280 441 2383 τελευτήσας
461 2276 513 2343 τόν
533 2276 602 2343 υίόν
616 2276 724 2357 αὐτοῦ,
745 2304 797 2342 του
784 2259 973 2363 Προξένου,
996 2288 1053 2343 Δι-

126 2367 285 2469 καιομένην
317 2361 383 2428 υίόν
410 2359 501 2427 θετόν
529 2362 686 2465 ἐποιήσατο
712 2363 761 2425 έπλ
788 2369 831 2450 τῶ
858 2367 946 2449 τρίτα
970 2366 1055 2469 μέρει

126 2453 179 2528 τῆς
203 2445 312 2523 οὐσίας.
355 2453 461 2511 τοῦτον
486 2444 568 2511 δε
539 2474 591 2512 τον
615 2443 728 2548 τρόπον
745 2426 1035 2550 διανειμαμένων’
997 2474 1054 2511 αυ-

127 2536 187 2596 τῶν
207 2528 261 2614 τήν
282 2530 355 2612 ὅλην
375 2528 494 2611 οὐσίαν,
522 2539 687 2596 τελευταῖον
705 2518 833 2608 ήλθεν’
818 2556 834 2593 ο
854 2526 919 2606 υίός
941 2532 1054 2614 Προξέ-

127 2640 182 2678 νου
210 2618 404 2721 Δικαιοχένης
432 2613 556 2695 φάσκων
582 2617 629 2678 ἐπὶ
658 2611 714 2713 όλη
736 2620 771 2701 τῇ
797 2611 884 2723 οόσίμ
900 2617 1056 2715 γεγονέναι

127 2699 208 2779 υιός,
231 2702 281 2763 καὶ
295 2697 421 2779 νικήσας
440 2696 563 2781 ἀνέλαβε
585 2701 635 2762 καὶ
657 2694 692 2760 τό
715 2676 768 2760 δόό
789 2701 863 2780 μέρη
884 2703 945 2762 τῶν
966 2694 1054 2762 ἆδελ-

128 2788 196 2887 φῶν
221 2785 274 2847 τοῦ
298 2781 530 2862 τελευτήσαντος.
550 2782 681 2882 ὕστερον
709 2782 799 2844 πόλιν
824 2787 856 2845 ot
873 2786 974 2857 παιδες
995 2788 1054 2847 τῶν

127 2864 265 2946 ιἰδελφῶν
288 2865 477 2948 δικασόμενοι
501 2862 576 2969 πρός
602 2868 812 2971 Δικαιοχένην
822 2867 976 2947 ἐνίκησαν,
1002 2868 1055 2930 καλ

128 2953 270 3014 συνέθετο
288 2952 484 3053 Δικαιοχένης
497 2945 661 3013 ἀποδοῦναι
677 2950 768 3013 πόλιν
781 2944 817 3012 τό
839 2948 942 3013 δόο
906 2975 980 3034 μερη
999 2946 1053 3014 αό·

128 3044 189 3108 τοῖς
216 3028 337 3134 καθορῶ
361 3029 449 3097 καλ’
420 3035 587 3141 ανέκαφα,
615 3034 866 3139 έχχυησαμένου
851 3039 944 3097 ταῦτα
965 3044 1053 3098 Λεω-

128 3115 245 3199 χάρους.
281 3122 339 3181 νῦν
360 3116 603 3199 δὲάρνουμένων
621 3144 657 3181 τα
680 3114 804 3194 δόξαντα
825 3123 884 3181 τῶν
905 3120 972 3201 περὶ
998 3127 1054 3181 Δι-

128 3201 287 3301 καιομένην
316 3202 368 3264 καὶ
394 3202 576 3305 Λεωχάρην,
611 3203 784 3308 έχκαλοῶσιν
811 3205 844 3263 οί
866 3204 969 3278 παῖδες
994 3206 1055 3266 τῶν

129 3279 273 3388 ἀδελφῶν
291 3286 359 3366 περι
387 3290 447 3348 τῶν
474 3286 529 3349 δόο
551 3290 649 3388 μερῶν
670 3289 712 3348 τῶ
733 3286 787 3366 μὲν
810 3281 849 3360 ῶς
868 3286 1054 3391 συνθεμένῳ,

128 3374 171 3467 τῶ
198 3361 273 3433 δέ
253 3396 292 3445 ως
320 3371 456 3455 έχχυητή.
494 3365 533 3433 Η
558 3368 657 3445 στάσις
687 3350 862 3451 δτοχασμός·
890 3365 1054 3455 ἆρνοῶνται

128 3478 166 3508 ΨΥ
147 3479 193 3508 ml.
