2340 3916
350 485 478 561 VITA
503 485 790 563 ANDOOIDIS

113 637 138 688 n
156 636 256 691 umis
274 637 300 687 x
318 636 524 691 omronuu
542 639 766 693 enurnacno
785 640 1010 697 insumens.

163 783 358 869 Ἀνδοκίδης
380 788 565 871 Λεωγόρου
587 789 650 872 μὲν
671 778 717 874 ήν
738 788 864 874 πατρὸς
887 794 958 874 (τού
976 790 1051 857 Ἀν-
1070 809 1084 857 1

79 887 237 974 δοκίδου)
265 892 327 952 τοῦ
353 889 502 973 θεμένου
531 890 612 955 stone
644 890 729 976 τρδς
761 892 1052 976 Λακεδαιμονίους

84 988 224 1072 εἰρήνην
243 986 451 1072 Ἀθηναίοις,
480 993 549 1056 τοῖν
570 990 689 1075 δήμων
711 992 749 1057 δὲ
770 991 1051 1080 Κυδαθήναιοςή

77 1088 228 1174 Θορεύς,
256 1090 377 1171 μένους
400 1087 629 1177 εὐπατριδῶν,
659 1090 705 1169 εδς
727 1090 758 1158 δ’
778 1091 972 1173 Ἑλλάνικος
993 1098 1050 1160 καί

82 1182 149 1256 οάιδ
166 1187 289 1276 Ἑρμοῦ
296 1213 303 1227 ·
332 1193 477 1278 καθήκει
504 1191 569 1276 γὰρ
601 1195 649 1270 είς
677 1192 782 1261 αύτδν
808 1195 847 1263 τδ
876 1195 1048 1282 Κηρύκων

83 1294 190 1375 γένος.
220 1330 262 1341 -
290 1291 343 1360 διδ
372 1292 428 1360 καί
455 1298 696 1382 προεχειρίσθη
723 1298 804 1363 ποτὲ
825 1297 907 1383 μετὰ
930 1298 1081 1364 sled-2

76 1417 190 1471 κωνος
217 1392 284 1459 σύν
319 1397 444 1461 ναυσίν
472 1402 579 1462 εἴκοσι
607 1401 835 1482 Κερκυραίοις
865 1400 1050 1484 βοηθήσων

77 1495 337 1580 διαφερομένοις
368 1496 453 1583 πρὸς
485 1502 707 1582 Κορινθίους.
761 1497 844 1582 μετὰ
874 1499 912 1564 δὲ
944 1501 1083 1566 ταῦτα3

76 1596 245 1674 αἰτιαθεὶς
266 1596 403 1682 οίσεβεϊν
431 1596 476 1677 ὡς
504 1602 561 1665 καί
583 1598 684 1677 αὐτὸς
705 1599 784 1676 τούς
801 1598 924 1684 Ἑρμᾶς
951 1620 1049 1683 περι-

80 1699 188 1778 κόψας
210 1701 267 1764 καί
290 1701 336 1777 είς
357 1699 398 1765 τὰ
420 1704 478 1785 τής
492 1698 672 1786 Δήμητρος
687 1698 846 1786 ἁμαρτεδν
867 1701 1047 1786 μυστήρια,

81 1798 152 1884 [διδ
180 1797 218 1864 τδ
246 1802 410 1885 πρότερον
432 1801 627 1867 ’ἀκόλαστον
654 1800 737 1867 ὄντα
764 1801 899 1886 νύκτωρ
933 1801 1083 1886 κωμοί-ι,

146 1938 296 1991 Andocidis
308 1955 353 1991 res
365 1942 509 1992 enarravit
522 1940 662 1991 Caecilius
675 1942 703 1990 in
716 1939 787 1992 libro
800 1940 834 1991 de
844 1940 869 1991 X
879 1940 1046 2002 oratoribus3

80 2007 232 2071 Dionysius
257 2023 365 2073 quoque
390 2009 519 2074 attigisse
542 2009 652 2059 videtur
674 2009 723 2074 (cf.
751 2024 808 2074 arg.
830 2024 869 2059 or.
891 2008 954 2073 IIl).
990 2007 1049 2073 Ipsi

77 2079 172 2126 autem
184 2074 332 2141 biographi
344 2081 456 2127 veteres
468 2077 560 2127 fontes
578 2078 744 2142 praecipuos
761 2076 918 2128 habuerunt
929 2075 1048 2126 Andoci-

79 2142 122 2192 dis
144 2144 232 2208 ipsius
255 2144 395 2194 orationes
418 2140 455 2207 (v.
480 2145 495 2206 ς’
519 2144 561 2206 13)
580 2149 608 2194 et
626 2146 729 2209 Lysiae
753 2144 800 2210 qui
822 2144 910 2195 fertur
928 2148 1048 2204 sextam;

71 2209 214 2261 Theodori
236 2211 368 2276 Byzantii
388 2212 418 2260 in
439 2211 606 2263 Andocidem
630 2212 783 2263 orationem
806 2212 948 2262 exstitisse
975 2218 1048 2329 agad

73 2277 193 2328 fluidam
209 2278 340 2344 legimus,
358 2284 519 2343 usurpatam
538 2295 555 2329 a
573 2294 709 2345 quoquam
727 2294 788 2330 esse
811 2281 959 2329 nescimus.
1015 2294 1049 2329 u·

79 2349 174 2411 penest
191 2347 272 2397 nobis
290 2350 402 2412 praeter
418 2346 701 2397 hancPlutarcheam
718 2347 807 2398 vitam
827 2352 855 2397 et
867 2344 969 2396 Suidae
987 2344 1047 2396 bre·

78 2413 193 2464 vissima
219 2418 247 2463 et
269 2404 448 2480 perdonante
471 2429 551 2477 quam
573 2413 763 2465 Plutarcheae
786 2413 910 2463 confecit
931 2412 1048 2463 Photius

80 2480 154 2544 (cod.
174 2480 244 2546 261).
265 2507 294 2517 —
316 2485 339 2532 1.
359 2479 410 2532 τού
426 2473 595 2532 Ἀνδοκίδου
618 2481 682 2531 add.
701 2480 847 2531 Ruhnken.
871 2481 960 2533 West.
984 2478 1047 2531 coll.

78 2548 182 2599 Andoc.
201 2553 231 2613 3,
250 2550 275 2600 6.
294 2546 402 2600 -τῶν
421 2545 522 2613 δήμων
538 2549 613 2599 ΔΗΡ
624 2549 727 2599 West:
744 2540 795 2598 τδν
814 2546 918 2612 δῆμον.
937 2571 971 2582 -
988 2546 1047 2597 Κυ-

79 2608 264 2683 δαθηναιεύς
282 2616 394 2682 Taylor.
415 2642 449 2652 -
467 2608 576 2683 Θορεύς
593 2615 710 2681 Taylore
729 2605 865 2682 Θουρεύς.
883 2629 909 2663 v.
929 2612 960 2664 O.
977 2612 1001 2665 1.
1018 2629 1046 2662 n.

72 2686 142 2735 213:
166 2678 332 2750 Ἀνδοκίδης
353 2676 518 2749 Λειωγόρου
540 2677 785 2750 Κυδαθηναιεύς,
811 2688 839 2734 et
860 2681 974 2757 Androt.
1001 2696 1046 2746 ap.

78 2750 171 2802 Schol.
194 2752 307 2802 Aristid.
330 2751 386 2815 111,
402 2754 453 2802 485
475 2751 540 2805 Dd.:
567 2743 697 2804 Ἀνδοκίδ
718 2768 732 2811 ς
750 2749 990 2818 Κυδαθηναιευς.
1015 2775 1043 2786 -

71 2811 249 2886 Ἑλλάνικος]
268 2819 303 2870 cl.
314 2819 389 2875 Plut,
405 2818 496 2873 Alcib.
516 2835 540 2869 c.
559 2815 655 2872 21:⁸11.
674 2769 810 2886 δδήτωρ,
830 2807 865 2870 δν
879 2808 1046 2896 Ἑλλάνικος

77 2879 92 2939 δ
115 2879 297 2953 συγγραφεύς
321 2882 363 2947 είς
385 2880 452 2945 τούς
467 2881 627 2948 Ὀδυσσέως
649 2878 812 2953 ύιιοηόνους
835 2878 930 2953 ύνηηα
950 2900 994 2948 εν,
1017 2890 1047 2935 et

73 2955 157 3008 snio.
179 2971 201 3005 s.
225 2971 250 3006 v.
266 2947 355 3006 ileu:
380 2946 523 3040 δαίμονος
549 2945 721 3022 Τηλεμοίηον
743 2953 795 3006 τοῦ
813 2942 918 3005 'Odore
936 2970 974 3013 ως
995 2949 1046 3003 καί

77 3013 265 3085 Νανσικοίας,
285 3013 324 3082 τίς
342 3037 432 3090 φησιν
444 3017 614 3083 Είίοίνιιιος.
637 3022 738 3088 Inepta
756 3027 799 3074 est
817 3023 968 3087 explicatio
986 3021 1046 3072 sive

79 3092 200 3141 auctoris
224 3091 283 3141 sive
306 3091 515 3157 interpolatoris
533 3092 581 3156 qui
598 3082 739 3157 Κηρύκων
761 3096 874 3156 gentem
893 3088 1045 3139 admiscuit.

73 3184 111 3194 --
125 3160 150 3210 2.
168 3159 191 3207 Ε
209 3157 333 3222 Thucyd.
352 3158 378 3222 1,
397 3162 443 3223 513
462 3158 512 3208 sed
530 3159 576 3209 hic
593 3172 662 3210 avus
676 3162 726 3210 est.
740 3160 798 3208 -4
811 3163 840 3208 et
857 3160 873 3209 5
892 3156 1045 3221 emargine

74 3225 185 3277 demum
208 3229 366 3277 sententiae
389 3226 538 3279 interiecta
558 3241 629 3291 esse,
648 3225 677 3275 id
695 3225 767 3290 quod
784 3225 928 3291 perspexit
945 3224 1045 3284 West,

77 3309 113 3343 ex
132 3293 176 3343 his
195 3294 334 3358 arguitur,
352 3296 424 3360 quod
443 3300 470 3345 et
487 3294 599 3360 ignorat
618 3308 651 3344 ea
668 3293 784 3344 Photius
802 3298 831 3344 et
848 3296 913 3343 ante
931 3286 1046 3357 κραθείς

76 3359 116 3425 (6)
134 3361 219 3426 vulgo
244 3360 381 3413 adduntur
401 3363 488 3414 verba
505 3353 713 3428 κροσαμαρτδν
731 3356 887 3427 μυστήρια,
911 3363 979 3410 nats
995 3356 1046 3408 illa

77 3445 93 3480 e
113 3419 265 3496 Δήμητρος
283 3419 386 3497 ἆμαρτ.
403 3444 485 3496 μυστ.
505 3428 552 3495 (3).
571 3455 605 3467 -
