2340 3916
86 269 93 281 ι
127 206 168 257 1v
486 202 705 259 essarrrro.

127 337 268 402 Belrkeri
289 336 499 420 Dobsonique
516 336 594 423 (Ad)
618 340 774 420 apparatu
796 336 939 421 integras
961 336 996 399 in
1011 335 1096 400 hano

128 439 303 504 editionem
324 439 492 521 transtuli,
525 442 704 502 ceterorum
732 436 878 502 codicum
905 458 1097 501 consensum

126 563 293 624 nunquam
326 541 470 626 neglexi3
501 540 658 624 reliquam
686 543 794 603 autem
825 538 1002 603 lectionum
1034 539 1097 602 far-

126 643 272 727 raginem
305 664 456 728 magnam
488 637 613 725 partem
646 641 763 724 abieci,
796 639 914 704 codicis
950 639 985 703 M
1023 661 1096 703 raro

126 745 285 808 rationem
314 743 422 808 habui.
473 741 543 818 Qua
570 743 606 805 in
634 763 668 806 re
696 741 729 804 id
755 746 883 806 tantum
905 762 1031 823 vereor,
1055 761 1097 804 ne

127 847 178 911 cui
199 848 284 910 iusto
313 847 407 929 plura
429 844 598 909 retinuisse
620 843 745 925 videar,
776 843 831 907 sed
857 843 893 906 in
914 841 998 906 hano
1026 863 1098 925 par-

125 952 192 1012 tem
220 968 351 1031 peccare
374 946 482 1009 malui.

210 1047 397 1113 Editionem
419 1046 596 1111 Andocidis
617 1045 797 1130 principem
819 1046 945 1109 Aldus
967 1045 1098 1111 Manu·

125 1150 207 1214 tius
231 1147 383 1231 confecit,
410 1148 494 1212 libro
516 1170 592 1212 usus
614 1147 825 1211 deterioribus
846 1147 967 1211 nostris
990 1148 1097 1231 simili,

127 1250 183 1315 sed
206 1251 262 1334 qui
283 1253 411 1333 praeter
433 1249 630 1334 corruptelas
656 1248 803 1333 proprias
826 1248 981 1332 plurimas
1002 1249 1100 1313 inter·

128 1351 204 1415 dum
226 1352 384 1416 veriorem
407 1352 504 1415 etiam
525 1350 697 1415 lectionem
718 1351 932 1437 praeberet.*)
977 1350 1099 1415 Aldum

128 1457 254 1518 secutus
280 1452 398 1517 Henr.
428 1451 660 1536 Stephanus
689 1456 801 1536 suapte
824 1452 1008 1517 coniectura
1030 1474 1099 1516 non

125 1575 229 1638 pauca
258 1554 454 1638 emendavit,
484 1552 670 1617 Reiskius
700 1553 813 1618 deinde
835 1552 921 1638 (lt),
951 1554 1098 1636 quamvis

126 1655 226 1720 nullis
264 1678 305 1720 ne
347 1655 401 1720 ille
438 1655 567 1739 quidem
607 1653 764 1719 librorum
805 1655 1099 1738 manuscriptorum

127 1756 320 1821 adiumentis
342 1779 428 1840 usus,
452 1761 485 1821 et
506 1756 541 1819 in
557 1755 757 1820 orationibus
780 1757 859 1839 ipsis
874 1755 990 1819 menda
1005 1778 1099 1840 quae-

127 1857 200 1922 dam
228 1857 358 1922 sustulit
386 1862 418 1922 et
449 1857 674 1922 adnotationes
702 1858 840 1941 aspersit
867 1858 972 1921 bonae
994 1857 1098 1943 frugis

127 1959 339 2043 plenissimas,
362 1959 408 2022 ita
429 1963 465 2023 ut
484 1980 595 2023 eorum
611 1981 693 2042 quae
708 1957 874 2022 Beklrerus
897 1979 914 2022 e
935 1958 1099 2023 codicibus

126 2081 212 2124 nova
239 2059 418 2123 introduxit
445 2079 655 2144 permagnam
682 2063 808 2143 partem
840 2059 1024 2124 coniectura
1058 2061 1099 2124 ab

126 2160 184 2224 illo
207 2160 271 2224 iam
293 2160 426 2223 inventa
447 2159 545 2224 tuisse
560 2160 733 2224 videamus.
769 2160 946 2245 Postquam
961 2160 986 2226 I.
1003 2160 1097 2225 Bek-

126 2261 246 2324 kerus
273 2282 333 2343 pro
362 2260 494 2345 vulgata
527 2261 584 2326 illa
610 2283 729 2326 novam
760 2284 798 2327 ex
827 2262 990 2327 codicibus
1019 2263 1101 2346 opti-

127 2362 189 2426 mis
205 2361 425 2425 recensionem
439 2363 618 2447 proposuit,
632 2364 773 2447 primum
787 2364 998 2428 Dobsonus
1014 2363 1100 2429 inter

128 2468 251 2528 ceteros
280 2465 422 2526 oratores
452 2464 579 2528 Atticos
606 2465 806 2529 Andocidem
833 2486 961 2548 quoque
990 2463 1098 2548 edidit,

128 2587 209 2648 quae
243 2563 341 2628 editio
371 2565 517 2647 quamvis
546 2566 588 2630 sit
621 2570 754 2651 propter
782 2566 890 2650 copias
922 2567 1100 2631 lectionum

128 2665 440 2748 adnotationumque
468 2665 606 2752 Dobrei,
635 2666 773 2750 Reiskii,
797 2666 933 2731 aliorum
955 2667 1099 2732 virorum

128 2766 295 2831 doctorum
329 2768 493 2850 appositas
522 2768 708 2851 utilissima,
738 2768 816 2832 nori
849 2772 959 2832 tamen
995 2773 1028 2833 et
1059 2789 1098 2831 er

130 2867 316 2932 coniectura
344 2866 395 2931 vel
425 2868 526 2952 ipsius
555 2868 685 2934 editoris
712 2869 764 2933 vel
797 2869 878 2933 alius
911 2870 1099 2953 cuiusquam

128 2968 212 3033 nihil
250 2989 326 3032 sane
359 2970 514 3034 continet.
569 2968 640 3035 Car.
675 2975 782 3035 autem
821 2969 1099 3035 Schillerus

130 3068 283 3156 (Sabi),
327 3071 382 3153 qui
421 3073 496 3152 post
531 3068 661 3135 Sluiteri
704 3073 859 3137 lectiones
897 3071 1100 3137 Andociden-s

195 3307 220 3371 *l
238 3310 400 3376 Exemplum
418 3314 529 3375 praesto
550 3315 593 3361 est
605 3326 643 3361 cr.
657 3314 680 3372 1,
695 3313 757 3373 123,
769 3311 817 3362 ubi
836 3310 950 3362 codices
969 3302 1101 3377 oinomeli·

127 3375 222 3443 ξαιμι,
245 3376 332 3426 Aldus
350 3369 591 3443 ἄποφθέγξομαι,
616 3377 689 3442 quod
710 3378 759 3429 illo
786 3377 848 3428 loco
877 3394 961 3429 sensu
987 3380 1099 3430 omnino

128 3459 238 3495 cussum
261 3449 316 3504 est,
340 3459 408 3495 vera
432 3443 518 3497 lectio
538 3461 554 3496 a
572 3446 685 3497 Reiskio
709 3450 737 3497 et
759 3445 965 3498 Valckenaerio
988 3451 1101 3512 reperta

127 3505 341 3577 ἀποφεύξομαι.
