2316 3900
382 794 740 883 PRAEFATIO.

512 1003 614 1017 ΛΛΛΛΜΛ

155 1141 327 1222 Hyperidis
350 1143 522 1202 orationum
543 1148 591 1201 sat
612 1152 756 1222 magnam
774 1149 893 1222 partem
916 1163 984 1203 oum
1003 1144 1047 1204 lo-

78 1227 252 1307 cupletibus
274 1225 398 1287 scholiis
414 1227 507 1288 etiam
520 1226 610 1288 XVI.
625 1227 748 1288 saeculo
763 1226 873 1288 Budae
889 1228 922 1287 in
937 1227 1046 1289 biblio-

76 1313 167 1373 theca
187 1312 338 1374 Matthiae
354 1311 482 1374 Oorvini
496 1313 577 1392 regis
600 1313 753 1374 exstitisse
774 1315 939 1374 memoriae
954 1314 1048 1375 tradi·

76 1407 142 1457 tum
162 1406 222 1475 est3
241 1398 296 1459 scd
314 1405 481 1479 antequam
498 1397 574 1458 inde
591 1398 624 1457 in
640 1399 740 1458 lucem
759 1398 934 1478 prodirent,
959 1407 1048 1479 capta

76 1483 153 1543 urbe
176 1504 194 1544 a
215 1483 325 1543 Turcis
352 1505 379 1545 a.
411 1483 493 1543 1526
519 1482 738 1545 bibliothecam
759 1483 845 1542 illam
869 1482 1048 1543 barbaricus

76 1568 163 1628 furor
187 1568 367 1648 absumpsit.
409 1566 533 1629 Paucae
560 1585 599 1629 ex
625 1568 745 1648 magnis
773 1569 879 1647 copiis·
898 1568 1048 1648 reliquiae

75 1662 229 1728 servatae,
256 1655 368 1734 partim
389 1652 611 1714 Vindobonam
639 1660 829 1732 asportatae,
856 1653 969 1731 partim
993 1673 1050 1733 per

75 1738 270 1819 Hungariam
286 1739 458 1818 dispersae3
476 1745 506 1798 et
520 1736 692 1818 Hyperidis
705 1736 862 1817 quaedam
876 1737 1049 1816 fragmenta

77 1824 160 1905 apud
180 1824 312 1884 Paulum
326 1822 542 1884 Bomemizam
556 1822 712 1902 quendam
726 1821 909 1901 Hungariae
932 1822 1049 1901 episco-

76 1929 150 1990 pum
173 1919 293 1970 exstare
316 1911 349 1968 in
372 1907 506 1969 Gesneri
527 1907 734 1969 bibliothecae
758 1907 946 1967 editionibus
970 1926 1050 1986 quae

77 2003 147 2074 post
169 2017 197 2056 a.
222 1994 303 2054 1545
327 1993 511 2074 prodierunt
531 1992 655 2073 legitur.
698 1992 743 2052 At
769 2010 873 2072 neque
900 1991 978 2052 haee
999 2012 1048 2052 us-

78 2098 138 2158 que
160 2079 305 2140 adhunc
328 2079 410 2140 diem
431 2087 677 2158 comparuerunt,
703 2096 805 2158 neque
823 2077 950 2138 aliunde
966 2079 1048 2158 quic-

78 2182 169 2244 quam
190 2164 282 2225 huius
306 2165 435 2225 oratoris
458 2161 629 2242 erutum*),
655 2158 755 2225 donec
776 2164 922 2244 proximis
944 2163 1049 2223 lustris

77 2250 234 2329 insperato
273 2262 397 2328 prorsus
438 2269 476 2309 ex
504 2248 671 2329 Aegyptiis
704 2247 823 2308 Thebis
855 2248 941 2308 haud
978 2268 1049 2307 con-

76 2334 246 2394 temnenda
267 2354 339 2413 pars
360 2332 533 2413 Hyperidis
556 2346 684 2411 operum
705 2331 827 2410 prolata
850 2339 906 2390 est.

162 2418 328 2495 Ingentem
355 2419 418 2476 vim
445 2416 636 2476 voluminum
663 2434 908 2495 papyraceorum
929 2417 962 2474 in
987 2414 1048 2475 Ae-

78 2509 175 2581 gypto
197 2502 312 2579 passim
333 2520 389 2579 per
410 2500 552 2578 sepulcra
573 2500 733 2560 inventam
761 2518 829 2559 esse
854 2499 1050 2579 invenirique
1099 2538 1101 2543 -

78 2594 186 2644 notum
209 2593 267 2658 est,
296 2584 353 2645 sed
382 2603 486 2644 eorum
512 2584 607 2662 longe
635 2584 768 2645 maxima
795 2598 866 2663 pars
888 2583 968 2644 nihil
989 2585 1050 2644 nisi
1080 2608 1082 2612 ¹

77 2669 200 2730 libellos
222 2671 307 2729 vario
331 2677 512 2749 argumento
536 2668 575 2730 de
597 2669 725 2749 privatis
746 2667 838 2730 rebus
861 2671 1049 2750 conscriptos

78 2756 230 2830 continet,
254 2773 354 2836 pauca
377 2753 545 2814 admodum
567 2773 695 2834 operum
709 2754 893 2834 scriptorum
914 2763 1049 2816 vetusto·

123 2975 129 2985 .
154 2939 183 3003 *l
197 2940 249 3003 ⁴Dc
272 2939 316 2991 his
340 2939 423 2990 rebus
446 2939 573 2991 omnibus
601 2938 638 2990 cf.
665 2938 817 3007 Kiessling,
841 2937 992 2991 Commeat.
1017 2940 1052 2990 de

77 3007 181 3073 Hyper.
199 3007 214 3058 1
236 3023 262 3073 p.
282 3010 311 3068 93
339 3006 509 3074 Babington.
531 3005 648 3060 Journal
671 3007 702 3058 of
723 3006 853 3058 elassioal
874 3007 930 3058 aad
953 3008 1051 3059 sacred

78 3075 221 3142 philology
238 3077 253 3127 Ι
270 3092 297 3142 p.
315 3076 376 3129 40⁷.
424 3076 467 3126 De
485 3074 536 3126 illo
555 3075 652 3128 codiee
670 3074 794 3127 Budensi
810 3075 837 3129 J.
857 3075 889 3124 A.
908 3076 1053 3127 Brassica·

78 3157 131 3193 nus
153 3143 253 3194 traditr
277 3143 455 3208 ‚,vidimus“,
477 3143 584 3209 inquit,
608 3144 773 3209 „integrum
795 3141 968 3209 Hyperidem
990 3157 1051 3193 eum

77 3209 306 3277 locupletissimis
328 3211 455 3272 scholiis,
477 3211 579 3263 librum
600 3210 694 3263 multis
717 3211 802 3263 etiam
824 3209 954 3261 censibus
977 3210 1051 3260 redi-

77 3279 235 3334 mendam“.
265 3279 430 3333 InGesneri
441 3279 571 3333 biblioth.
590 3295 611 3332 s.
623 3295 650 3332 v.
667 3279 826 3346 Hyperides
837 3278 953 3344 legitur:
973 3278 1048 3342 „Hy-

78 3348 182 3413 peridis
201 3349 357 3415 fragmenta
376 3348 512 3415 quaedam
532 3348 686 3400 orationum
710 3350 824 3400 exstant
842 3345 917 3413 apud
933 3344 1051 3398 Paulum
1134 3422 1137 3426 Ι

77 3417 242 3468 Bornemiza
261 3418 421 3483 episcopum
439 3418 469 3468 in
481 3415 656 3483 Hungaria“.
