2316 3900
157 185 218 247 130
502 181 756 240 AIZXINOY

157 346 316 432 ρεύουσιυ
328 349 361 412 οί
377 345 474 429 νόμοι
489 339 549 409 τδν
560 337 625 407 ὑπδ
643 347 703 408 τοῦ
715 338 822 425 δήμου
832 339 1107 424 στεφανούμενον

158 443 202 530 μή
209 443 385 530 κηρύττειν
395 449 457 522 έξω
468 447 525 526 τής
536 443 719 524 ἐκκλησίας,
732 435 793 523 ούχ
804 439 913 516 ἕξουσι
924 440 1042 521 λέγειν,
1056 448 1107 505 οί-

158 562 255 610 σονσι
273 542 308 609 δὲ
324 547 370 621 είς
386 540 448 627 τήν
463 538 648 622 ἀπολογίαν
663 535 724 605 τόν
742 534 969 604 Διονυσιακὸν
986 537 1106 622 νόμον,

158 643 212 708 καλ
233 641 410 727 χρήσονται
430 646 492 707 τοῦ
513 638 621 722 νόμον
642 637 733 720 μέρει
748 638 813 702 τινλ
834 637 1029 713 κλέπτοντες
1045 634 1109 718 τήν

159 737 320 824 ἀκρόασιν
332 735 443 824 ὑμῶν,
467 737 523 803 καὶ
534 736 731 816 παρέξονται
749 733 855 817 νόμον
866 730 967 802 οὐδέν
978 735 1108 819 προσή-
1122 745 1153 801 δέ

158 863 260 904 κοντα
276 846 317 924 τῇ
332 843 446 922 γραφή
463 838 558 922 τήδε,
575 834 631 900 καὶ
641 835 806 916 λέξουσιν,
832 828 876 910 ὡς
888 835 949 899 είσλ
960 841 1001 919 τῇ
1012 833 1109 899 πόλει

90 944 141 1000 429
158 933 218 1001 δύο
231 936 329 1020 νόμοι
340 941 485 1019 κείμενοι
501 932 576 1016 περὶ
592 939 660 997 τάν
677 930 915 1015 κηρυγμάτων,
927 924 972 1006 εἷς
983 930 1056 1014 μὲν,
1068 927 1108 998 δν

158 1039 224 1097 νῦν
236 1030 299 1116 ἐγώ
311 1035 509 1116 παρέχομαι,
535 1029 718 1113 διαρρήδην
735 1024 955 1110 ἀπαγορεύων
970 1025 1031 1094 τὸν
1042 1024 1107 1095 ὑπὸ

158 1137 219 1196 τοῦ
242 1130 350 1214 δήμου
372 1129 643 1214 στεφανούμενον
665 1126 709 1212 μή
725 1127 950 1212 κηρύττεσθαι
973 1131 1034 1206 ἔξω
1051 1135 1110 1212 τῆς

160 1230 348 1311 ἐκκλησίας,
374 1229 488 1309 ἕτερον
505 1225 536 1293 δ’
551 1225 634 1294 εἶναι
652 1227 759 1313 νόμον
773 1226 939 1312 φήσουσιν
956 1229 1110 1293 ἐναντίον

160 1328 282 1413 τούτῳ,
295 1327 355 1392 τὸν
367 1325 533 1393 δεδωκότα
544 1330 875 1406 έξουσίανποιελσθαι
886 1324 948 1411 τήν
958 1323 1111 1410 άνάρρη-

161 1444 215 1492 σιν
225 1431 286 1492 τοῦ
296 1425 465 1509 στεφάνου
475 1429 657 1514 τραγῳδοῖς
669 1428 704 1491 έν
715 1434 760 1515 τῷ
773 1426 921 1514 θεάτρφ,
934 1426 993 1494 ἐὰν
1005 1433 1110 1512 ψηφί-

162 1520 288 1608 σηταιὸ
302 1527 419 1608 δήμος
432 1521 514 1590 κατά
527 1521 567 1608 δή
580 1531 700 1589 τοῦτον
710 1523 770 1590 τδν
780 1524 885 1609 νόμον
896 1525 1043 1610 φήσουσι
1054 1551 1111 1608 γε-

161 1626 324 1707 γραφέναι
341 1621 400 1688 τὸν
416 1628 647 1706 Κτησιφῶντα.
679 1619 742 1705 ἐγώ
757 1621 792 1688 δὲ
809 1620 892 1704 πρδς
909 1622 968 1700 τάς
979 1624 1111 1691 τούτων
1126 1632 1153 1690 31

161 1723 275 1806 τέχνας
291 1725 472 1805 παρέξομαι
489 1718 699 1806 συνηγόρους
714 1719 793 1799 τούς
803 1722 928 1805 νόμους
938 1721 1019 1801 τούς
1029 1721 1112 1808 ύμε-

101 1856 105 1863 ·
161 1826 293 1906 τέρονς,
306 1819 387 1902 ὅπερ
400 1827 535 1887 διατελῶ
548 1819 745 1898 σπουδάζων
756 1817 844 1900 παρά
857 1828 967 1886 πᾶσαν
977 1819 1039 1906 τήν
1051 1849 1112 1888 κα-

162 1926 328 2005 τηγορίαν.
372 1925 402 1986 εί
419 1917 483 2001 γάρ
506 1917 604 1984 τοῦτό
624 1919 713 1984 ἐστιν
736 1916 858 2001 άληθές
878 1918 933 1985 καί
957 1927 1112 1986 τοιοῦτον

162 2023 240 2095 ἔθος
251 2021 481 2099 παραδέδυκεν
493 2015 589 2102 ὑμῶν
599 2024 645 2095 είς
657 2015 719 2102 τήν
735 2024 919 2102 πολιτείαν,
940 2015 1015 2085 ὥστ’
1027 2017 1113 2086 άκύ-

163 2143 242 2203 ρους
264 2117 389 2202 νόμους
411 2119 447 2184 έν
469 2133 537 2195 τοῖς
560 2125 688 2200 κυρίοις
704 2114 959 2203 ἀναγεγράφθαι
976 2123 1033 2188 καὶ
1051 2122 1112 2189 δύο

163 2219 237 2297 περὶ
257 2223 332 2300 μιᾶς
352 2214 499 2297 πράξεως
520 2214 739 2296 ὑπεναντίους
764 2215 933 2303 άλλήλοις,
954 2227 990 2286 τί
1008 2217 1051 2287 άν
1068 2225 1115 2288 ἔτι

163 2313 288 2398 ταύτην
301 2323 387 2381 είποι
398 2340 446 2392 τις
458 2313 541 2381 εἶναι
552 2314 613 2400 τήν
625 2323 803 2400 πολιτείαν,
817 2319 852 2383 έν
863 2309 885 2405 ᾗ
896 2316 1000 2385 ταύτά
1008 2340 1115 2402 προσ-

164 2414 340 2481 τάττουσιν
363 2417 398 2480 οί
417 2412 515 2499 νόμοι
536 2428 643 2481 ποιεῖν
660 2416 714 2480 καί
731 2411 775 2500 μή
804 2428 926 2496 ποιεῖν;
955 2415 1027 2483 ἀλλ’
1051 2415 1153 2484 ούκδλ

165 2519 228 2597 ἔχει
245 2509 342 2580 ταῦθ’
355 2509 474 2590 οὕτως·
498 2510 576 2598 μήθ’
588 2511 681 2599 ὑμεῖς
697 2537 776 2580 ποτε
787 2518 834 2592 είς
850 2516 1016 2600 τοσαύτην
1036 2517 1115 2582 ἄτα-

166 2618 239 2691 ξίαν
256 2621 324 2678 τῶν
341 2612 455 2696 νόμων
473 2618 667 2698 προβαίητε,
689 2609 766 2677 οὔτε
780 2609 937 2697 ήμέληται
955 2616 1032 2697 περὶ
1049 2622 1116 2681 των

165 2710 327 2775 τοιούτων
336 2715 382 2795 τῷ
399 2710 566 2795 νομοθέτη
579 2715 626 2797 τῷ
643 2707 705 2793 τήν
716 2713 939 2793 δημοκρατίαν
951 2714 1117 2798 καταστή-

166 2830 271 2892 σαντι,
280 2805 361 2874 άλλά
375 2808 558 2892 διαρρήδην
569 2811 806 2889 προστέτακται
817 2823 883 2886 τοῖς
892 2816 1116 2896 θεσμοθέταις

98 2923 150 2977 430
167 2904 241 2975 καθ’
254 2907 392 2973 ἕκαστον
403 2904 557 2972 ένιαυτδν
572 2911 737 2988 διορθοῦν
748 2909 785 2972 έν
796 2913 842 2994 τῷ
859 2907 952 2997 δήμφ
964 2910 1045 2990 τούς
1056 2914 1116 2981 νό-

166 3031 264 3092 μους,
289 3001 434 3089 άκριβεδς
451 3005 663 3084 ἐξετάσαντας
680 3008 734 3071 καλ
756 3009 997 3092 σκεψαμένους,
1023 3021 1054 3077 εί
1068 3037 1117 3089 τις

168 3104 412 3188 ἀναγέγραπται
423 3103 525 3189 νόμος
536 3106 683 3180 ἐναντίος
694 3104 792 3190 ἑτέρω
805 3103 897 3192 νόμῳ
907 3099 930 3189 ή
941 3103 1069 3189 άκυρος
1080 3111 1117 3175 ἐν

167 3218 233 3281 τοῖς
246 3210 385 3287 κυρίοις,
408 3199 549 3286 ήείπον
566 3205 628 3269 είσλ
638 3202 736 3286 νόμοι
752 3207 884 3278 πλείους
901 3199 976 3279 ἑνός
993 3200 1118 3288 ἄναγε-

166 3305 347 3386 γραμμένοι
357 3305 431 3384 περὶ
442 3301 578 3386 ἑκάστης
590 3299 743 3383 πράξεως.
768 3297 832 3366 κάν
842 3326 873 3365 τι
886 3308 1043 3369 τοιοῦτον
1057 3299 1116 3369 εὖ·
1129 3318 1153 3373 θλ

168 3406 336 3483 ρίσκωσιν,
345 3397 615 3482 άυαγεγραφότας
625 3402 661 3464 ἐν
673 3401 977 3465 σανίσινέκτιθέναι
987 3401 1116 3466 κελεύει
