2340 3916
178 218 237 282 192
520 221 777 280 ΑΙΣΧΙΝΟΤ

174 378 275 458 αὐτὸς
286 382 371 448 έκων
382 383 566 466 κατέπεμψε
577 379 750 466 τριακόσια
761 381 905 448 τάλαντα
916 389 961 470 τῷ
975 383 1084 472 δήμφ,
1103 379 1124 449 ἀ

175 488 365 564 σωφρονῶν
382 477 443 548 οῦκ
462 482 599 560 ἐδέξατο.
636 477 653 547 ὁ
671 480 707 548 δέ
723 486 866 566 κομίζων
883 473 975 569 ἦντὸ
987 489 1125 569 χρυσίον

175 576 290 662 καιρός
301 580 356 646 καὶ
369 579 474 665 φόβος
484 579 538 646 καὶ
549 585 641 664 χρεία
653 581 841 665 συμμάχων.
860 578 896 648 τὸ
906 580 941 648 δὲ
952 578 1032 649 αὐτὸ
1045 589 1125 648 τοῦ-

175 706 212 746 το
226 681 280 747 καί
290 676 352 765 τὴν
365 685 521 765 Θηβαίων
533 691 721 765 συμμαχίαν
732 678 941 765 ἐξειργάζετο.
977 677 1020 745 σῦ
1040 683 1076 746 δὲ
1087 677 1124 745 τό

175 779 237 863 μὲν
258 784 327 844 τῶν
342 784 498 865 Θηβαίων
519 775 626 864 ὄνομα
648 779 704 846 καὶ
725 776 761 845 τό
784 785 842 864 της
865 779 1127 864 δυστυχεστάτης

176 884 362 964 συμμαχίας
375 881 517 964 ἐνοχλεῖς
528 875 578 945 ἀεὶ
589 881 713 963 λέγων,
726 879 765 945 τά
781 877 810 945 δ’
827 877 1054 964 ἑβδομήκοντα
1065 877 1127 942 τά-

175 989 279 1048 λαντα
290 977 494 1068 ὑποσιωπᾷς,
507 975 528 1047 ἀ
539 981 718 1066 προλαβῶν
729 985 790 1046 τοῦ
801 983 976 1066 βασιλικοῦ
988 983 1126 1062 χρυσίου

175 1077 407 1163 ἀπεστέρησας,
451 1075 494 1145 οῦ
515 1077 555 1145 δι’
578 1082 710 1146 ἔνδειαν
738 1075 800 1163 μὲν
826 1075 1005 1163 χρημάτων
1027 1076 1125 1142 ἕνεκα
1140 1083 1164 1133 2².

174 1183 271 1243 πέντε
283 1174 455 1243 ταλάντων
470 1179 505 1243 οί
519 1177 606 1256 ξένοι
623 1190 691 1254 τοῖς
709 1181 866 1262 Θηβαίοις
882 1172 942 1260 τὴν
955 1173 1064 1259 ἀκραν
1083 1171 1124 1240 οῦ

175 1277 380 1360 παρέδοσαν;
413 1272 467 1340 διά
484 1275 581 1341 ἐννέα
601 1276 637 1341 δὲ
653 1273 799 1341 τάλαντα
812 1270 975 1359 ἀργυρίου
988 1271 1124 1338 πάντων

173 1371 343 1457 Ἀρκάδων
360 1373 611 1459 ἐξεληλυθότων
626 1375 681 1441 καὶ
698 1381 766 1440 τῶν
788 1370 962 1461 ἡγεμόνων
985 1375 1124 1456 ἑτοίμων

174 1471 282 1539 ὅντων
292 1469 464 1560 βοηθεῑυὴ
478 1476 593 1557 πρᾶξις
606 1470 647 1538 οῦ
658 1475 846 1559 γεγένηται;
866 1468 910 1540 σῦ
925 1473 960 1540 δέ
972 1481 1125 1550 πλουτεῖς

174 1575 230 1639 καὶ
246 1585 316 1651 ταῖς
332 1569 468 1659 ἡδοναῖς
484 1585 555 1648 ταῖς
572 1578 699 1638 σαυτοῦ
713 1584 870 1657 χορηγεῖς.
900 1573 954 1639 καλ
964 1569 1001 1639 τό
1014 1571 1124 1656 κεφά-

174 1679 285 1755 λαιον,
308 1670 343 1739 τό
363 1671 424 1757 μὲν
441 1668 615 1758 βασιλικόν
631 1679 769 1756 χρυσίον
786 1669 875 1756 παρά
892 1671 1017 1760 τοῦτφ,
1042 1675 1076 1738 οἱ
1087 1671 1123 1737 δὲ

105 1783 158 1839 634
172 1774 324 1838 κίνδυνοι
335 1769 407 1854 παρ’
422 1768 510 1857 ὑμῖν.

252 1867 363 1949 ’Ἁξιον
374 1867 406 1938 δ’
419 1871 485 1936 ἐστὶ
497 1870 552 1938 καὶ
568 1869 630 1953 την
641 1866 859 1956 ἀπαιδευσίαν
870 1869 981 1936 αὐτῶν
990 1879 1125 1955 θεωρῆ-
1141 1882 1164 1934 24

175 1988 238 2036 σαι.
261 1974 292 2037 εί
306 1968 370 2055 γάρ
387 1967 540 2054 τολμήσει
552 1976 735 2054 Κτησιφῶν
750 1969 812 2055 μὲν
823 1972 1047 2055 Δημοσθένην
1059 1992 1126 2036 πα-

175 2078 331 2151 ρακαλεῖν
348 2071 483 2148 λέξοντα
499 2075 545 2148 είς
567 2065 668 2155 ῦμάς,
693 2059 790 2146 οὗτος
805 2067 835 2136 δ’
856 2065 983 2156 ἀναβάς
1003 2068 1126 2137 εἀυτόν

174 2166 385 2252 ἐγκωμιάσει,
409 2165 594 2253 βαρύτερον
610 2174 678 2233 τῶν
695 2172 803 2250 ἔργων
819 2157 867 2233 ῶν
884 2166 1074 2234 πεπόνθατε
1087 2166 1124 2235 τό

174 2264 326 2351 ἀκρόαμα
344 2271 498 2348 γίγνεται.
532 2263 619 2332 ὅπου
635 2263 699 2351 γάρ
724 2262 764 2350 δὴ
777 2265 855 2342 τοῦς
873 2266 933 2351 μὲν
946 2265 1049 2344 ὅντως
1062 2265 1125 2333 ἀν-

174 2368 255 2449 δρας
265 2360 430 2448 ἀγαθοῦς,
443 2359 492 2441 οἷς
503 2360 609 2431 πολλοὶ
622 2365 678 2431 καὶ
688 2363 772 2430 καλά
785 2363 946 2449 σύνισμεν
957 2370 1053 2448 ἔργα,
1066 2363 1127 2432 ἐάν

175 2461 252 2541 τοῦς
263 2459 337 2529 καθ’
352 2464 480 2530 ἑαυτῶν
491 2465 647 2542 ἐπαίνους
657 2459 856 2548 λέγωσιν,οῦ
869 2465 1029 2549 φέρομεν·
1043 2462 1126 2532 ὅταν

175 2565 210 2629 δὲ
221 2562 401 2647 ἅνθρωπος
413 2563 551 2648 αίσχῦνη
570 2569 628 2650 τῆς
640 2562 766 2640 πόλεως
779 2559 925 2646 γεγονός
936 2560 1056 2629 ἑαυτόν
1070 2566 1127 2649 ἐγ-

174 2662 336 2748 κωμιάζη,
349 2668 397 2739 τίς
408 2657 451 2728 ἀν
462 2661 501 2728 τά
513 2670 649 2729 τοιαῦτα
659 2661 891 2748 καρτερήσειεν
903 2658 1054 2742 ἀκοῦων;

254 2757 332 2826 Ἀπὸ
345 2759 407 2846 μὲν
420 2752 485 2828 οῦν
496 2769 552 2848 τῆς
563 2760 786 2849 ἀναισχύντου
803 2769 1040 2849 πραγματείας,
1063 2760 1125 2829 έάν
1140 2781 1164 2831 24

174 2865 368 2945 σωφρονῇς,
392 2855 579 2946 ἀποστήσει,
603 2867 735 2946 ποίησαι
747 2861 792 2945 δέ,
806 2853 1039 2947 ῶΚτησιφῶν,
1066 2860 1122 2929 διά

173 2963 300 3023 σαυτοῦ
310 2955 372 3042 την
383 2954 572 3041 ἀπολογίαν,
606 2957 648 3027 οῦ
659 2957 723 3043 γάρ
737 2959 777 3047 δή
795 2985 862 3027 που
873 2960 971 3028 τοῦτό
989 2986 1026 3045 γε
1038 2963 1124 3047 σπη’-

173 3068 234 3139 υει,
248 3052 292 3132 ὡς
305 3053 345 3121 οῦ
359 3053 500 3134 δυνατὰς
511 3055 540 3123 εί
549 3061 663 3142 λέγειν.
691 3061 745 3127 καὶ
756 3057 821 3143 γάρ
833 3057 961 3127 ἀτοπόν
971 3078 1024 3126 σοι
1036 3081 1124 3145 συμ-

171 3163 295 3242 βαίνει,
320 3161 351 3223 εί
367 3154 483 3244 πρῴην
499 3160 561 3242 μέν
578 3156 655 3224 ποθ’
668 3156 845 3244 ὑπέμεινας
861 3159 1065 3245 πρεσβευτὴς
1078 3157 1123 3236 ῶς

172 3256 392 3340 Κλεοπάτραν
410 3252 472 3341 τὴν
489 3262 656 3324 Φιλίππου
673 3261 844 3342 θυγατέρα
860 3268 1124 3343 χειροτονεῖσθαι

104 3364 156 3418 635
173 3353 533 3438 συναχθεσθησόμενος
554 3356 605 3421 ἐπὶ
622 3363 661 3442 τῇ
679 3363 740 3421 τοῦ
758 3361 944 3423 Μολοττῶν
962 3356 1123 3442 βασιλέως

166 3449 386 3537 Ἀλεξάνδρου
397 3461 532 3544 τελευτῇ
539 3504 548 3540 ,
570 3455 646 3521 νυνὶ
659 3458 693 3521 δὲ
705 3452 745 3521 οῦ
757 3455 872 3540 φήσεις
891 3453 1060 3522 δύνασθαι
1070 3455 1126 3523 λέ·
