2340 3916
419 179 712 237 Auocnhcootm.
1003 181 1052 249 99

74 369 127 415 τοι
149 347 201 413 ἐπὶ
222 347 353 414 τούτοις
375 346 435 413 οὐκ
456 348 497 415 ἄν
520 369 568 415 τι(
590 349 676 416 εἴποι
697 353 737 417 τὸ
759 354 870 431 δεῖσαι.
907 352 991 418 Poll.
1014 352 1046 431 3,

74 433 126 498 79.
162 431 218 496 Ad
240 440 321 496 orat.
344 452 372 496 o.
394 432 598 500 Dorotheum
619 434 721 500 refert
744 435 776 501 S.

73 603 101 668 B
136 516 245 666 Α203Ο
248 515 384 665 1Κα202τηί
399 517 510 584 σκέλει
525 541 566 602 με
581 516 688 605 ἠρέμα
703 521 878 603 ἔκρουσεν.
902 521 1044 587 Antiatt.
1057 540 1096 582 oss

106 649 113 666 ·
171 648 178 666 ·
267 650 274 680 ι
343 650 351 667 ·
591 676 596 683 ,

158 684 1168 775 Mfflfflwwwwmmw

73 768 328 855 ὑπομοσθείσης
349 770 473 857 ταύτης
486 781 544 856 της
557 777 692 860 γραφῆς
714 771 887 860 άνεβίήθη
904 773 921 839 ὁ
937 772 1041 857 άνοίν.

74 856 181 924 Schol.
205 855 263 921 Ar.
285 856 372 923 Plut.
395 881 428 922 v.
452 857 523 924 725.

159 940 231 1007 205.
254 942 453 1022 Ὑπερείδου.
492 943 563 1009 Ὑπ.
586 943 605 1010 ὁ
629 943 736 1024 ῥήτωρ
752 944 860 1028 ἔφηεε,
882 947 940 1026 τὴν
956 945 1042 1024 ἀγω-
1056 962 1095 1006 ων

73 1027 145 1094 νίαν
172 1031 231 1092 τοῦ
254 1027 360 1104 λέγειν
382 1028 484 1107 πέδην
507 1028 598 1095 εἶναι.
636 1028 728 1096 Stob.
757 1029 843 1094 Flor.
866 1030 899 1109 8,
926 1031 975 1096 16.
999 1030 1042 1097 of.

72 1111 173 1178 Mioh.
195 1113 260 1198 Ap.
284 1133 377 1197 prov.
402 1113 454 1195 16,
476 1111 508 1176 2.

105 1230 109 1237 ·
157 1195 232 1261 200.
252 1192 462 1281 Ἀρχομένων
484 1197 539 1262 δεῖ
556 1200 627 1263 τῶν
649 1194 865 1283 ἀδικημάτων
889 1197 1095 1283 theodo-2³⁵

74 1298 148 1346 σειν
169 1277 229 1357 τάς
250 1277 368 1359 ὁδούς·
392 1277 476 1347 ὅταν
499 1280 532 1346 δ’
561 1279 648 1360 ἅπαξ
671 1281 797 1369 ῥιζωθῄ
819 1279 840 1367 ἡ
864 1286 964 1348 κακία
986 1285 1044 1349 καὶ

73 1362 199 1431 παλαιά
220 1364 368 1450 γένηται,
391 1367 549 1453 καθάπερ
563 1366 758 1453 σύντροφος
779 1364 959 1452 ἀρρωστία,
982 1392 1043 1453 χα-

74 1448 179 1516 λεπὸν
201 1447 310 1535 αὐτην
331 1453 547 1536 κατασβέσαι.
586 1452 678 1520 Stob.
700 1452 789 1520 Flor.
810 1453 862 1532 46,
886 1454 938 1519 63.

157 1536 231 1600 207.
260 1539 328 1600 Δεῖ
345 1534 408 1622 την
431 1538 470 1603 ἐκ
492 1542 552 1623 τῆς
572 1539 682 1614 οἰκίας
705 1537 980 1643 ἐκπορευομένην
1003 1538 1042 1604 ἐν
1055 1557 1094 1600 tos

73 1621 213 1707 τοιαύτη
240 1621 443 1687 καταστάσει
470 1617 558 1687 εἶναι
590 1625 649 1706 τῆς
675 1616 825 1706 ἡλικίας,
853 1645 936 1699 ωςτε
963 1620 1044 1700 τούς

74 1703 293 1781 ἀπαντῶντας
307 1706 560 1791 πυνθάνεσθαι,
576 1705 621 1792 μὴ
637 1710 729 1784 τίνος
746 1707 817 1773 ἐστί
831 1707 933 1792 γυνη,
957 1705 1043 1772 otto

73 1794 165 1868 τίνος
185 1791 304 1877 μήτηρ.
343 1789 435 1858 Stob.
457 1792 546 1857 Flor.
570 1792 619 1873 74,
644 1793 696 1859 33.
734 1792 790 1858 Ad
812 1802 894 1858 orat.
917 1815 946 1858 ο.
968 1793 1043 1858 Ari·
1110 1815 1120 1830 ·

73 1885 240 1962 stogoram
260 1876 374 1942 retulit
394 1875 570 1942 Westerm.

157 1961 231 2026 208.
258 1958 347 2038 Τοῦς
360 1960 423 2046 μὲν
438 1963 524 2068 πρὸς
546 1960 606 2026 τὸν
627 1958 738 2045 ίίνὸρα
760 1959 822 2026 τόν
844 1959 965 2045 ἑαντῆς
978 1985 1040 2044 γν-
1055 1979 1094 2022 ων

72 2046 166 2111 ναικὶ
186 2037 448 2131 καλλωπισμούς
468 2067 559 2123 οπως
581 2045 741 2130 βούλοιτο
763 2043 826 2132 χρη
843 2048 1041 2129 γίγνεσθαι·

72 2128 153 2207 τούς
180 2130 295 2215 μέντοι
317 2132 395 2216 περὶ
416 2129 476 2209 τάς
499 2131 638 2209 ἐξόδους
659 2129 793 2215 οὐκέτι,
824 2128 903 2217 (οὐκ
926 2128 1041 2217 ὄντας)

73 2218 158 2300 πρὸς
180 2216 241 2281 τὸν
263 2213 385 2300 ἄνδρα,
409 2214 494 2282 otto
517 2213 602 2301 πρὸς
623 2214 703 2293 τούς
718 2215 863 2302 ἑτέρους.
892 2217 973 2283 ibid.
989 2216 1042 2283 34.

157 2300 231 2366 209.
253 2301 324 2367 Ὑπ.
347 2303 367 2368 ὁ
389 2303 495 2384 ῥήτωρ
519 2303 583 2385 ἔφη
606 2305 646 2384 μὴ
670 2303 822 2370 δύναεθαι
843 2306 952 2368 καλῶς
973 2307 1042 2386 ζῆν,
1055 2318 1095 2360 2⁸2

73 2387 114 2534 ηὴ
143 2387 253 2468 μαθὼν
279 2389 322 2534 ηη
348 2390 431 2455 καλὰ
456 2390 497 2455 τὰ
525 2390 561 2454 ἐν
589 2395 635 2472 τῷ
664 2389 731 2470 βίῳ.
768 2386 860 2453 Stob.
888 2385 1040 2472 Append.

98 2479 200 2536 orent.
249 2517 256 2533 .
324 2517 332 2534 .

158 2494 245 2619 210.p
254 2559 322 2619 Δεῖ
339 2551 400 2620 τὸν
415 2552 548 2639 ἀγαθὸν
565 2556 825 2623 ἐπιδείκνυσθαι
841 2556 880 2620 ἐν
895 2555 958 2639 μὲν
973 2565 1043 2631 τοῖς
1055 2571 1094 2613 240

74 2639 187 2722 λόγοις
209 2637 232 2703 ά
254 2649 392 2724 φρονεῖ,
423 2641 462 2705 ἐν
485 2640 523 2706 δὲ
545 2651 614 2718 τοῖς
636 2643 748 2727 ἔργοις
769 2638 792 2704 ά
813 2649 913 2705 ποιεί.
951 2639 1041 2705 Max.

74 2724 170 2791 Oonf.
193 2725 319 2812 Aphor.
342 2747 372 2811 p.
396 2725 458 2792 165
479 2734 544 2791 tur.

158 2809 232 2874 211.
259 2807 328 2875 Λιά
350 2808 413 2875 δύο
437 2809 625 2918 προφάσεις
650 2812 720 2875 τῶν
742 2808 958 2893 ἀδικημάτων
981 2805 1040 2872 ίίν-
1056 2825 1095 2866 241

73 2900 209 2977 θρωποι
232 2890 431 2977 ἀντέχονται,
459 2919 480 2978 η
510 2892 566 2959 διά
596 2894 707 2978 φόβον
734 2894 756 2978 ἢ
783 2891 839 2959 διά
864 2892 1043 2976 αἰσχύνην.

72 2978 164 3044 Max.
187 2979 284 3043 Oonf.
307 2978 493 3063 Aphorism.
517 3002 550 3066 p.
576 2979 636 3044 169
657 2989 721 3044 tur.

73 3167 143 3218 haee
155 3166 242 3218 verba
252 3166 403 3217 exstitisse.
426 3166 548 3217 forsitan
557 3167 692 3218 orationis
701 3182 724 3217 ο.
734 3166 920 3218 Montithoum
929 3165 1042 3216 fuerint.

73 3261 107 3271 -
124 3237 175 3286 206
187 3233 433 3300 apophthegmatis
445 3233 563 3285 similius
576 3238 627 3297 est,
647 3234 721 3286 siout
733 3236 818 3286 etiam
829 3235 880 3286 200
891 3239 920 3285 et
933 3235 992 3285 212.
1009 3258 1043 3269 -

74 3305 124 3354 206
136 3302 260 3368 Lycurgi
270 3303 363 3368 potius
376 3317 459 3367 quem
471 3302 624 3368 Hyperidis
641 3302 735 3353 stilum
747 3301 876 3355 ostendit.
906 3314 958 3364 συμ
981 3297 1043 3365 ρὰ(-

74 3384 131 3423 cett
143 3371 200 3422 AB.
221 3369 336 3421 eandem
350 3369 519 3422 locutionem
533 3370 618 3420 habet
632 3371 704 3436 Lyo.
721 3370 736 3432 ἕ
750 3371 807 3423 124.
825 3397 859 3406 -
876 3315 990 3434 ἡκακία
1003 3369 1042 3428 se

74 3444 135 3489 erat
152 3435 242 3490 κακία.
260 3466 295 3476 -
316 3440 366 3490 208
385 3437 466 3491 ὅπως
484 3435 519 3488 ἂν
536 3437 612 3501 βουλ.
631 3437 659 3488 S.
682 3463 716 3474 -
734 3435 1051 3501 oostt1,tohcohoe1

74 3503 177 3571 οὐκέτι,
197 3505 249 3559 οὐκ
268 3505 353 3558 ὄντα(
373 3507 405 3557 oi.
419 3507 446 3559 S.
465 3532 499 3543 -
516 3508 567 3559 200
587 3501 1068 3572 ροοονπο11ο1ιοηιοωοπιπεὶ.-

888 3597 933 3648 ’β
