2340 3916
38 198 80 250 ¹1).
96 183 139 235 67.
184 183 277 233 ΠΕΡΙ
294 182 371 234 ΤΟΤ
390 182 690 234 ΦΙΛΟΚΤΗΜΟΝΟΣ
707 181 873 234 ΚΛΗΡΟΤ.
970 189 1010 253 73

94 348 262 450 δροκλὲους
268 371 309 427 μη
298 340 408 410 εἶναι
429 348 564 410 ἐπίδικον
585 342 669 422 ὄντος
686 342 867 427 Ἀντιδωρου
887 352 1011 430 γνησίου

91 426 198 507 παιδός
218 426 406 512 Εὐκτήμονι,
429 435 461 494 οἱ
477 433 545 533 περὶ
565 432 783 532 Χαιρίστρατον
803 433 1010 535 ἐπεσκήψαντο

90 543 128 602 τῃ
114 518 356 604 διαμαρτυρίᾳ,
371 516 423 579 καί
438 520 543 579 τοῦτον
564 508 685 616 κοίτην
700 508 886 595 ἀδελφήν
850 522 942 581 αυτοῦ
957 516 1009 581 νό-

92 608 170 675 θους
194 582 347 702 γεγονέναι
375 597 553 680 φάσκοντες,
580 593 634 662 τδν
660 596 747 662 δὲ
712 622 805 701 νυμον
828 600 1011 701 διαμορεόειν

92 682 178 783 νόθῳ
199 688 252 746 καί
272 681 352 771 νόθή
365 710 413 789 μη
399 681 508 747 είναι
527 681 701 767 ἀγχιστείαν
730 678 768 746 H
787 681 887 758 στάσις
906 705 1010 766 στοχα-

92 748 178 869 σμός·
199 765 311 848 οίδηλον
336 764 393 851 γδρ
411 793 435 831 ει
430 770 566 870 ’ἐποίησε
581 764 778 870 Φιλοκτήμαν
792 769 1012 851 Χαιρέστρατον

92 846 160 915 υιόν
179 853 288 939 ἕαντρῖ,
311 854 363 916 καί
380 853 470 917 πόλιν
491 848 602 933 όιδήλον
621 854 648 914 εί
666 851 788 934 γνήσιοί
801 855 877 914 είσιν
895 856 928 916 οί
943 856 1013 938 περί

92 918 279 1020 Ἀντίδωρον.

119 1057 190 1131 ’Ότι
216 1052 348 1150 μέν,
321 1090 346 1130 ω
365 1057 501 1151 ανδρες,
528 1058 663 1131 πάντων
685 1060 868 1131 οἰκειότατοι
885 1065 1013 1152 χρῶμαι

58 1160 273 1255 Φανοστράτῳ
291 1190 327 1231 τε
344 1164 400 1231 καὶ
417 1159 648 1254 Χαιρεστρότςο
674 1170 811 1254 τουτῳί,
838 1160 916 1242 τοδς
934 1172 1012 1234 πολ-

57 1259 130 1343 λοδς
148 1262 239 1351 οἶμαι
255 1259 352 1352 ὑμῶν
378 1265 519 1350 εἰδέναι,
546 1277 614 1342 τοῖς
633 1262 670 1330 δὲ
687 1259 732 1351 μή
751 1261 877 1333 είδόσιν
895 1262 1013 1334 ἱκανόν

47 1351 118 1452 ’ἐρεῖ
142 1362 335 1452 τεκμήριον·
362 1361 416 1433 ὅτε
442 1361 504 1453 γὰρ
532 1371 580 1443 είς
595 1371 755 1432 Σικελίαν
781 1366 906 1446 ἐξέπλει
922 1393 1011 1454 τριη·

58 1466 185 1553 ραρχοῖν
202 1468 457 1555 Χαιρέστρατος,
487 1461 542 1534 διὰ
566 1461 603 1532 τδ
621 1462 783 1554 πρότερον
800 1460 900 1546 αὐτὸς
919 1469 1013 1535 ἐκπε-

58 1568 230 1635 πλευκέναι
256 1563 417 1656 προῄδειν
443 1563 568 1645 πάντας
593 1563 670 1645 τούς
697 1567 872 1654 ἐσομένους
898 1565 1013 1636 κινδύ-

58 1692 151 1754 νους,
178 1662 265 1754 ὅμως
293 1667 331 1736 δὲ
358 1668 526 1755 δεομένων
551 1664 678 1735 τούτων
695 1668 751 1735 καί
768 1669 1014 1748 σονεξέπλευσα

59 1768 108 1834 καὶ
134 1765 409 1856 συνεδυστόχήσα
426 1769 481 1836 καὶ
500 1765 648 1855 ἑάλωμεν
666 1774 714 1847 είς
731 1764 809 1848 τοδς
826 1774 1012 1856 πολεμίους.

59 1861 176 1937 ἄτοπον
204 1864 244 1954 δή
272 1875 302 1938 εἰ
329 1872 439 1938 ἐκεῖνα
461 1868 522 1957 μὲν
539 1865 718 1958 προδήλων
735 1864 842 1937 όντων
858 1871 927 1938 τοῖν
944 1895 1013 1939 κιν-
1031 1885 1048 1933 2

61 1964 213 2037 δόνωυ“
194 1996 281 2056 ομως
309 1964 415 2037 διδι
380 1997 418 2038 το
435 1971 578 2058 χρῆσθαι
595 1966 723 2048 τούτοις
749 1970 805 2037 καί
823 1977 942 2058 φίλους
959 1998 1013 2039 νο

59 2064 194 2154 μίζειν’
173 2072 356 2158 υπέμενον,
383 2072 448 2138 νῦν
475 2065 577 2138 δὲ’
538 2098 579 2138 ου
603 2068 773 2162 πειρῴμην
790 2085 963 2193 σμνειπειν
982 2074 1013 2154 ἐξ

61 2156 103 2236 όν
119 2165 214 2257 ὑμεῖς
231 2166 271 2237 τδι
288 2197 325 2239 τε
343 2197 463 2259 ευορκα
488 2182 672 2259 ψηφιεῖσθε
688 2172 744 2239 καί
760 2168 890 2251 τούτοις
906 2199 947 2239 τα
965 2177 1013 2240 δί-

59 2295 130 2338 καια
160 2268 342 2358 γενήσεται.
397 2274 510 2360 δέομαι
542 2260 605 2340 οὖν
630 2266 726 2360 δμων
752 2270 953 2396 συμμυιόμήν
979 2299 1015 2342 τε

60 2374 141 2458 ἔχειν
158 2373 213 2439 και
230 2367 301 2460 μετ’
331 2368 463 2452 εὐνοίας
480 2368 723 2461 ἀκροάσασθαι
747 2366 847 2463 δνᾶρ
864 2401 956 2460 αμων
973 2370 1014 2442 οδ

58 2467 167 2560 μικρὰς
185 2468 315 2560 αὐτοῖς,
335 2469 418 2542 ἄλλα
435 2474 576 2562 περὶ
528 2501 597 2542 τοον
613 2480 786 2561 μεγίστων.

130 2571 346 2661 Φιλοκτήμων
372 2570 434 2662 γὰρ
460 2569 478 2643 ὁ
505 2571 689 2662 Κηφισιεὺς
716 2580 811 2661 φίλος
837 2562 880 2658 ήν
897 2583 1050 2662 Χαιρε-3

57 2670 181 2764 στροίτμ
207 2681 343 2765 τουτῳί
372 2671 451 2755 δοδς
479 2675 515 2744 δὲ
541 2671 581 2743 τὰ
608 2675 730 2743 ἑαυτοῦ
745 2675 800 2742 καί
817 2669 894 2742 υίδν
912 2669 1015 2744 αδτδυ

55 2771 271 2862 ποιησάμενος
290 2772 487 2896 &mmm
516 2772 672 2864 λαχόντος
688 2775 798 2845 δὲτοδ
815 2772 1014 2863 Χαιρεστρά-

54 2901 112 2943 του
130 2872 212 2944 κατδι
228 2872 287 2945 τδν
303 2873 406 2964 νόμον
423 2903 483 2945 του
471 2874 642 2966 κλήρου,
670 2873 742 2958 ἐξὸν
768 2871 1015 2964 αμφισβητήσαι

52 2969 240 3061 Ἀθηναίων
264 2978 313 3068 τῷ
339 2978 530 3070 βουλομένῳ
556 2979 612 3047 καὶ
631 2972 811 3067 εὐθυδικίᾳ
829 2975 1015 3046 εἰσελθόντι

55 3069 144 3155 είς
122 3079 272 3164 υμοῖς,ε
274 3083 463 3165 ίφαίυοιτο
482 3076 668 3167 δικαιότερα
694 3048 817 3165 λέγων,
845 3083 932 3165 ἔχειν
957 3075 1016 3165 τήν

54 3180 194 3267 κλῆρον,
222 3176 485 3269 διεμαρτύρησεν
500 3174 698 3269 Ἀνδροκλῆς
717 3173 831 3247 οὑτοσί
849 3205 894 3265 μή
883 3174 1015 3247 ἐπίδι-
1032 3195 1050 3244 4

53 3305 113 3347 κον
132 3275 269 3348 εἶναι
235 3307 294 3348 τον
315 3282 456 3370 κλῆρον,
482 3301 673 3369 αποστερων
695 3307 814 3349 τουτον
836 3281 893 3364 τής
916 3274 1015 3366 ἄμφι-

54 3377 244 3466 σβήτήσεως
255 3381 310 3448 καὶ
322 3375 407 3468 ὑμᾶς
424 3383 486 3450 τοῦ
502 3388 639 3471 κυρίους
656 3383 816 3467 γενέσθαι
832 3375 946 3447 ὅντινα
964 3383 1018 3447 δεῖ

52 3477 261 3572 κληρονόμον
286 3478 554 3569 καταστήσασθαι
579 3484 646 3551 τόν
674 3477 932 3568 Φιλοκτήμονος·
959 3479 1015 3547 καί
