2340 3916
152 187 216 252 214
487 186 768 263 μετάκοινοι,

154 356 234 437 φῶς.
260 342 314 435 ἆρ’
333 341 395 416 οὖν
413 350 467 415 καλ
485 353 637 436 Φιλίππῳ
650 341 797 431 προδοὺς
813 341 874 429 την
886 346 1030 429 ἐμαυτοῦ
1041 369 1131 420 nce-7

154 452 248 534 τρίδα
266 449 321 514 καλ
338 447 634 532 παραπρεσβεύσας
652 451 788 512 τοιαῦτα
799 440 880 510 κατά
893 450 949 529 τῆς
968 443 1103 527 πόλεως,

155 549 209 614 καὶ
228 542 265 631 δη
287 543 498 630 θεραπεύσας
509 543 725 629 Μακεδόνας,
752 541 861 628 ἐπειδὴ
873 541 1005 627 τάχιστα
1019 542 1103 626 φεό·

154 673 224 731 γων
243 645 324 730 παρ’
344 643 438 731 ὑμῶν
456 642 603 732 ςόχόμην,
628 641 710 730 πρός
723 641 938 726 Ἀλέξανδρον
956 639 1104 727 άπηλλά-

154 732 233 832 γην,
255 746 353 831 χάριν
369 770 404 811 τε
421 734 470 809 ῶν
485 743 697 828 παρεσχόμην
714 740 805 831 αὐτῷ
821 740 1040 825 κομιούμενος
1051 742 1105 807 καὶ

155 852 360 929 προμηθείας
377 841 531 928 δηλονότι
549 841 743 926 τευξόμενος
754 839 833 925 παρ’
847 836 954 929 αὐτῶς
977 837 1104 906 καὶούκ
1122 846 1138 897 8

154 941 229 1009 ἔσθ’
253 940 343 1020 όπως
361 939 421 1026 ου’χ
439 939 553 1026 ἕῶρωυ
571 937 611 1006 τά
629 943 690 1025 μὲν
708 941 743 1005 ἐν
760 944 901 1026 Βοιωτία
924 942 1103 1004 πανδοκεῖα

154 1041 317 1126 Δημάδην
339 1046 454 1126 ε”χοντα
477 1039 530 1105 καλ
547 1044 648 1124 χωρία
666 1043 790 1121 ζευγῶν
812 1046 935 1105 είκοσιν
957 1035 1103 1118 ἀροῦντα

154 1141 208 1205 καὶ
218 1145 342 1223 χρυσᾶς
352 1143 468 1224 ἔχοντα
485 1136 622 1222 φιάλας,
639 1133 808 1222 Ἡγήμονα
827 1136 861 1203 δὲ
873 1137 927 1203 καὶ
938 1135 1103 1218 Καλλιμέ-

155 1241 272 1321 δοντα,
295 1238 354 1305 τόν
366 1237 426 1323 μὲν
440 1240 477 1305 ἐν
487 1241 613 1324 Πέλλη,
631 1234 691 1301 τόν
702 1235 737 1302 δὲ
750 1241 785 1303 ἐν
796 1243 953 1323 Βερροίηι,
973 1235 1024 1300 καὶ
1038 1237 1103 1298 δω-

155 1336 230 1419 ρεάς
248 1336 315 1421 ἅμα
335 1335 510 1421 εἰληφότας
526 1338 580 1402 καὶ
597 1349 755 1419 γυναῖκας
773 1331 1034 1417 εὐπρεπεστάτας
1048 1357 1105 1414 γε-

153 1434 348 1520 γαμηκότας.
369 1437 423 1501 καλ
435 1431 502 1519 μὴν
513 1431 591 1500 οὐδὲ
603 1429 685 1519 πρός
696 1436 862 1520 Θηβαίους
873 1428 946 1498 οὐδ’
965 1437 1009 1508 είς
1022 1438 1105 1497 Θετ-
1121 1445 1136 1495 9

84 1554 136 1612 697
155 1541 271 1602 ταλίαν
290 1532 423 1625 ᾠχόμην
437 1531 516 1618 παρ’
533 1529 643 1619 ὑμῶν,
666 1531 743 1600 οὐδὲ
761 1530 843 1614 πρὸς
860 1530 981 1607 άλλους
999 1528 1102 1613 τινάς,

154 1631 232 1716 παρ’
254 1631 301 1712 οἷς
318 1629 340 1718 ἢ
359 1639 524 1716 λοιδορεῖν
543 1637 608 1700 ἔδει
624 1658 664 1718 με
680 1629 741 1717 την
759 1634 897 1717 πατρίδα
916 1631 977 1714 την
989 1623 1103 1714 ἐμὴνῆ

155 1735 412 1818 λοιδορουμένης
423 1729 525 1818 αὐτῆς
536 1729 692 1817 οἰκοόειν,Ι
712 1728 784 1797 ἄλλ’
800 1735 845 1808 είς
858 1727 970 1796 Ῥόδον
982 1726 1104 1811 άφικό-

153 1857 236 1916 μην,
263 1829 340 1897 οὔτε
357 1829 402 1915 μά
415 1828 473 1898 τόν
482 1838 549 1897 Δία
562 1835 736 1916 δυσμενῶν
747 1826 825 1914 ὑμίν
838 1825 909 1894 οὔτ’
924 1826 1032 1904 άλλως
1045 1854 1104 1912 φι-

153 1929 417 2015 λακεχθημόνων
428 1928 620 2014 άνθρῶπων
637 1929 742 1998 πόλιν.
764 1927 800 1995 τό
815 1931 875 2013 μὲν
889 1925 952 2013 γάρ
966 1927 1103 2012 άγχιστα
1123 1945 1153 1998 10

153 2035 209 2113 της
222 2029 348 2094 ἑαυτῶν
359 2033 515 2113 πατρίδος
526 2029 660 2097 ἑστάναι
673 2030 1003 2114 κατειρωνευομένων
1013 2033 1104 2111 ε”μ-οι-

153 2152 189 2209 γε
208 2133 264 2210 τῆς
282 2134 456 2210 συμφοράς
476 2125 560 2192 εἶναι
576 2135 702 2212 μᾶλλον
722 2123 744 2210 ἦ
766 2127 972 2212 στεργόντων
994 2127 1104 2193 ἐδόκει

152 2222 213 2309 τὴν
227 2225 340 2292 πόλιν·
361 2224 420 2291 τόν
438 2224 473 2291 δὲ
490 2224 595 2304 ὅντως
607 2229 785 2312 στέργοντα
796 2223 858 2310 τὴν
871 2227 990 2294 ἑαυτοῦ
1003 2227 1103 2292 πόλιν

153 2321 196 2402 ῶς
212 2323 412 2405 πορρωτάτω
430 2331 557 2410 μᾶλλον
575 2323 676 2411 αὐτῆς
693 2329 792 2412 ἐχρῆν
809 2323 954 2410 άπιέναι,
976 2328 1105 2413 καὶμη-

152 2425 209 2492 δλν
226 2428 264 2492 ἑν
280 2438 347 2503 τοῖς
365 2422 510 2511 όμμασιν
527 2423 707 2511 ὑπόμνημα
726 2431 826 2511 ἔχειν,
849 2422 868 2493 δ
887 2427 948 2511 την
965 2425 1104 2510 γνῶμην

83 2540 137 2596 698
154 2521 276 2607 άμόξει.
303 2525 357 2590 καὶ
368 2521 431 2609 γάρ
445 2521 518 2590 οὐδ’
533 2527 680 2592 ἐνταῦθα
691 2532 820 2610 μείνας,
844 2528 881 2592 ἐν
894 2522 1010 2614 Ῥόδῳ,
1034 2551 1102 2609 (γα-
1124 2551 1154 2602 ι,

151 2630 244 2707 νείηυ
255 2620 314 2709 άν,
337 2620 420 2690 άλλά
439 2632 496 2710 τῆς
507 2634 642 2711 περαίας
653 2624 808 2709 ἑλόμενός
820 2653 850 2692 τι
861 2625 982 2711 μικρὸν
992 2649 1102 2710 φρου-

152 2749 241 2807 ριου,
259 2724 401 2808 Ἅμμον·
427 2722 602 2791 κάνταδθα
618 2723 797 2809 πριάμενος
814 2732 916 2809 χωρία
932 2724 1103 2792 τοσοότωεΙ

152 2818 340 2905 ταλάντων,
353 2819 443 2888 ὅσων
455 2820 542 2899 είκός
553 2813 595 2906 ἦν
606 2823 665 2888 τόν
677 2829 844 2890 Φιλίππου
856 2825 915 2910 μὲν
928 2823 1101 2908 πρότερον,

152 2917 208 2985 εἶτ’
237 2917 455 3001 Ἀλεξάνδρου
480 2919 651 3005 μισθωτόν
680 2920 821 3004 ὕστερον
842 2921 1025 3007 γενόμενον
1047 2925 1103 2990 καλ

153 3024 278 3096 Φωκεῖς
296 3019 463 3100 προδόντα
482 3022 536 3085 καὶ
552 3017 613 3105 τὴν
635 3028 702 3086 τῶν
721 3020 886 3107 Ἑλλήνων
907 3025 1102 3103 ἐλευθερίαν

151 3116 342 3200 Μακεδόσι,
365 3115 514 3202 κάθημαι
531 3116 609 3202 μεθ’
629 3116 708 3186 ἑπτά
722 3120 942 3202 θεραπόντων
952 3124 1103 3188 ἐνταῦθα

82 3233 135 3289 699
152 3219 206 3283 καλ
226 3220 320 3283 δυσίν
337 3215 451 3299 μόνων
468 3223 646 3301 γνωρίμων
658 3221 711 3284 καί
722 3227 779 3304 τῆς
790 3216 926 3304 μητρός,
950 3216 972 3305 ἣ
988 3226 1100 3301 τρίτον
1121 3238 1150 3288 12

151 3319 269 3400 ἔχουσα
281 3316 335 3380 καί
347 3314 592 3400 ἑβδομηκοστόν
608 3321 679 3394 ἔτος
691 3321 828 3384 ἔπλευσε
839 3315 904 3383 σύν
914 3321 983 3403 ἐμοὶ
996 3322 1101 3402 μεθέ-

151 3418 251 3490 ξουσα
263 3421 318 3496 τῆς
330 3409 377 3477 δι’
387 3409 471 3499 ὑμᾶς
482 3440 537 3499 μοι
550 3421 723 3500 συμφοράς
734 3421 929 3502 γενομένης,
953 3417 1006 3482 καλ
1018 3414 1099 3500 μετά
