2316 3900
148 198 190 261 60
566 187 696 239 12A10‘r
1015 184 1067 236 On.
1087 186 1113 237 τ.

147 360 232 453 ήμάς
251 368 466 450 κεκομίσθαι,
494 358 732 452 μαρτυρησάτω
758 354 946 439 τιςαότοῖς.
983 353 1115 445 ὅτιμὲν

146 462 211 555 γάρ
229 465 450 551 Δικαιογένης
469 457 631 583 ὡμολόγει
648 458 862 551 παραδώσειν
889 453 969 546 ήμῑν
988 446 1038 526 οἷν
1056 486 1115 527 κα-

146 558 313 635 τέλιπεν’
296 592 314 632 ο
333 566 526 646 Μενεξένου
552 558 592 630 τά
612 559 672 630 δυό
699 564 797 649 μέρη,
824 555 918 648 ἡμεῖς
944 554 1115 648 μάρτυρας

146 662 377 785 παρεχόμεθα,
411 658 518 733 καλ”
499 690 549 731 οτι
576 659 753 749 Λεωχάρης
787 656 977 781 ἠγγυήσατο
1010 654 1116 729 αότόν

147 769 252 835 ταῦτα
269 762 435 851 ποιήσειν’
462 764 517 831 καὶ
543 760 606 852 γάρ
626 760 825 849 δικαζόμεθα
844 756 899 829 διά
916 761 1031 847 τοῦτο,
1058 762 1115 828 καὶ

147 870 251 935 ταῦτα
276 862 521 954 άντωμόσαμεν.
558 869 629 931 Καί
651 890 705 950 μοι
723 857 896 949 ἀνάγνωθι
921 856 984 947 τήν
1010 856 1115 930 άντω-

147 973 275 1055 μοσίαν.

518 1124 745 1176 ΑΝΤΩΜΟΣΙΑ.

111 1288 130 1339 5
222 1273 266 1335 Ee
283 1266 344 1353 μὲν
361 1273 493 1353 τοίνυν,
523 1256 707 1356 άάνδρες,
736 1266 811 1354 περὶ
829 1262 957 1335 τούτων
977 1272 1115 1354 ἔμελλον

29 1402 32 1408 ·
148 1362 419 1452 ἀπολογήσασθαι
436 1364 539 1454 μόνον
556 1364 734 1456 Λεωχάρης
752 1358 775 1452 ή
791 1368 1029 1453 Δικαιογένης,
1057 1363 1114 1455 66-

84 1522 87 1528 .
148 1492 198 1534 κει
215 1462 257 1534 άν
274 1494 329 1554 μοι
347 1464 386 1535 τά
405 1469 574 1555 εἰρημένα
604 1464 717 1554 ἐπειδή
746 1466 782 1534 δὲ
809 1469 1115 1555 παρεσκευασμένοι

149 1567 234 1634 εἰσὶν
268 1569 299 1649 ἐξ
326 1562 428 1657 άρχής
460 1570 536 1657 περὶ
562 1570 623 1636 τοῦ
655 1565 779 1657 κλήρου
805 1568 924 1653 λέγειν,
951 1564 1115 1654 βούλομαι

147 1660 233 1755 όμάς
251 1670 306 1736 καὶ
325 1662 404 1754 παρ’
425 1671 504 1755 ἐμοῦ
520 1665 560 1737 τά
578 1670 768 1758 πραχθέντα
786 1669 974 1754 πυθέσθαι,
992 1672 1050 1735 ἵνα
1069 1674 1114 1736 εἰ·

149 1764 242 1846 δότες
260 1764 402 1855 τάληθή,
422 1765 440 1837 6
458 1796 488 1837 τι
506 1763 549 1838 άν
569 1772 652 1857 δοκῇ
669 1765 767 1856 ὑμῖν,
787 1775 1001 1855 ψηφίσησθε,
1029 1763 1115 1836 ἄλλά

146 1863 191 1954 μή
210 1870 456 1957 ἐξηπατημένοι.
484 1873 662 1961 Μενεξένῳ
681 1866 743 1957 γάρ
761 1871 808 1959 τῳ
824 1863 970 1959 ἡμετέρῳ
989 1866 1115 1960 πάππῳ

148 1968 275 2051 ἐγένετο
304 1966 378 2047 υἱός
411 1970 472 2056 μὲν
500 1965 563 2056 εἷς,
595 1971 831 2056 Δικαιογένης,
864 1970 1048 2056 θυγατέρες
1076 1970 1115 2038 δὲ

146 2066 314 2156 τέτταρες,
344 2058 392 2137 τόν
411 2075 507 2155 ἔλαβε
524 2078 604 2157 μίαν
621 2071 683 2158 μέν
700 2066 915 2157 Πολυάρατος
932 2063 950 2136 6
968 2066 1076 2157 πατήρ
1095 2064 1114 2139 6

147 2163 238 2254 ἐμός,
266 2164 370 2255 άλληυ
390 2170 427 2237 δὲ
445 2174 623 2258 Δημοκλῆς
642 2167 659 2240 6
680 2166 882 2258 Φρεάρριος,
908 2165 970 2254 τήν
989 2170 1026 2238 δὲ
1044 2178 1113 2256 Κη-

145 2270 302 2354 φισοφῶν
328 2264 345 2337 6
373 2269 571 2351 Παιανιεύς·
600 2266 620 2358 ή
649 2272 685 2340 δέ
704 2267 887 2360 Θεοπόμπῳ
907 2267 1048 2357 ἐγήματο
1066 2273 1115 2361 τῳ

111 2367 380 2455 δΚηφισοδότου
407 2380 515 2459 πατρί
560 2367 652 2439 καὶὸ
679 2372 740 2458 μὲν
757 2372 994 2457 Δικαιογένης,
1022 2368 1113 2460 τριή-

147 2469 513 2556 ραρχοςέκπλεόσας
470 2501 530 2558 της
542 2469 713 2559 Παράλου,
728 2466 918 2555 ἐτελεύτησε
928 2467 1115 2558 μαχόμενος

147 2570 184 2638 έν
202 2576 338 2664 Κνίδῳ
366 2566 646 2649 άποθανόντοςδ’
667 2565 768 2637 αότου
757 2565 926 2649 άπαιδος
945 2569 1116 2658 διαθήκην

146 2665 297 2756 άπέφηνε
315 2666 515 2800 Πρόξενος
499 2699 517 2739 ο
534 2672 773 2755 Δικαιογένους
791 2668 913 2757 πατήρ,
940 2659 964 2758 6
980 2670 1114 2741 πιστεύ-

147 2789 264 2848 σαντες
290 2766 366 2837 oc‘
348 2776 499 2861 ημέτεροι
531 2772 669 2858 πατέρες
697 2772 867 2859 ἐνείμαντο
893 2766 952 2840 τόν
978 2775 1113 2859 κλήρου.

146 2868 201 2936 καὶ
222 2869 275 2934 ἐπὶ
292 2870 354 2956 μὲν
371 2898 417 2961 τῳ
406 2874 535 2959 ᾗτρίτῳ
562 2872 654 2959 μέρει
671 2898 731 2939 του
719 2869 873 2961 κλήρου
892 2875 1115 2959 Δικαιογένης

146 2964 205 3036 όδε
230 2993 276 3057 τῳ
302 2944 496 3051 Μενέξένου
523 2967 795 3059 Δικαιογέυει,’
777 2974 923 3096 ημετέρῳ
953 2973 989 3040 δὲ
1015 2980 1113 3065 θειῳ,

146 3062 219 3144 υλδς
238 3068 384 3153 έγίγνετο
403 3068 550 3156 ποιητός·
578 3075 645 3141 των
665 3073 701 3140 δε
719 3074 844 3141 λοιπων
863 3069 983 3158 ἑκάστη
1001 3070 1038 3141 τό
1058 3077 1114 3161 μέ-

148 3194 204 3257 ρος
228 3167 232 3253 6
257 3167 473 3289 ἐπεδικάσατο
499 3199 567 3241 των
593 3174 784 3254 Μενεξένου
810 3176 1018 3259 θυγατέρων
1065 3202 1115 3243 ων

150 3264 213 3353 ἐγω
245 3262 323 3346 τούς
354 3267 428 3338 τότε
459 3270 624 3361 παρόντας
662 3266 745 3360 ὑμῖν
777 3269 944 3361 μάρτυρας
976 3276 1114 3361 παρέξο-

147 3394 215 3453 μαι.

526 3502 734 3554 ΜΑΡΤΤΡΕΣ.
