2340 3916
422 205 720 264 ΑΠΟΕΠΑΕΜΑΤΙΑ.
1012 207 1064 273 75

291 375 356 440 XI.
395 377 483 443 ΚΑΤ’
509 378 845 445 ΑΡΧΕΕΤΡΑΤΙΔΟΥ.
1072 400 1113 446 [x

166 495 218 560 49.
244 496 417 579 Κινήεομεν
445 499 482 562 δέ
506 496 602 564 ἔλεον
625 499 684 566 κᾶν
705 497 966 578 ὑποδεικνύωμεν
990 498 1052 563 πά·
1071 518 1098 559 ⁵0

80 588 140 649 θοε
160 583 198 647 τὸ
222 583 415 664 εαμβεβηκόε
436 583 510 662 περί
535 603 625 650 τινα(
651 589 718 650 τῶν
748 583 874 651 οἰκείων
902 586 962 649 τοῦ
988 605 1053 663 κρι-

81 667 223 749 νομένου
245 667 265 747 ἢ
287 671 346 733 τοῦ
367 672 559 735 τεθνεῶτοε·
582 667 653 734 Ὑπ.
675 668 712 734 ἐν
727 673 774 753 τῷ
790 668 858 733 κατ’
879 668 961 748 Ἀρχ.
978 668 1052 733 ἐπέ-

79 752 155 821 ξειά
176 771 241 818 που
263 752 304 818 τὰ
326 752 542 834 ευμβεβηκότα
568 758 606 838 τῇ
632 756 690 819 τοῦ
713 752 860 819 Ὀνείδοιι
883 752 982 834 μητρί.
1009 790 1052 800 -

80 837 197 923 Apsin.
220 837 306 917 τέχν.
329 837 397 917 ῥητ.
422 836 475 902 IX
496 860 529 922 ρ.
552 835 614 902 591
638 836 693 902 W.
1097 917 1103 927 η
1140 846 1145 853 ’

165 922 218 986 50.
247 923 318 987 Ὅτι
347 925 383 988 δέ
406 922 466 989 οὐκ
488 924 561 1002 ἐξῆν
583 926 654 990 τοῖε
676 921 875 1004 ἀπαδημοῦει
894 923 1051 1002 θεωρικὸν
1064 941 1090 983 ιι

80 1007 265 1090 λαμβάνειν,
287 1006 358 1073 Ὑπ.
374 1007 556 1087 δεδήλωκεν
577 1007 614 1073 ἐν
629 1013 676 1092 τῷ
690 1008 758 1075 κατ’
773 1008 857 1088 Ἀρχ.
881 1045 924 1055 -
945 1007 1050 1093 Harp.

80 1115 106 1156 s.
131 1115 163 1157 v.
186 1092 331 1172 θεωρικά.

164 1175 218 1242 51.
247 1172 441 1257 Εὔβουλος·
471 1214 513 1224 -
541 1176 652 1258 ἕτερος
679 1176 715 1242 δ’
743 1176 827 1244 ἐετὶν
855 1177 874 1242 ὁ
903 1175 1050 1260 κωμικόε,
1064 1195 1090 1237 ω

80 1259 131 1411 οΡιῖ1
150 1261 341 1343 μνημονεύει
369 1261 442 1327 Ὑπ.
472 1261 508 1328 ἐν
536 1267 582 1348 τῷ
604 1261 671 1327 κατ’
693 1262 778 1344 Ἀρχ.
813 1300 855 1311 -
887 1259 1051 1348 Harpocr.

133 1356 177 1413 ot.

164 1430 217 1496 52.
241 1427 343 1513 Ἱερά·
371 1432 411 1497 τὰ
432 1437 500 1498 τῶν
521 1433 723 1513 τεθνηκότων
746 1431 831 1499 ὀετά.
875 1431 948 1497 Ὑπ.
971 1430 1051 1496 κατά
1064 1449 1089 1491 ω

79 1517 164 1597 Ἀρχ.
187 1552 229 1563 -—
251 1515 424 1581 Antiattic.
446 1517 482 1581 in
504 1517 544 1582 B.
566 1517 607 1579 A.
630 1538 663 1602 p.
687 1516 825 1599 100,18‚
848 1524 881 1580 et
902 1514 1051 1581 similiter

81 1601 232 1665 Ammon.
255 1623 288 1666 π.
313 1606 401 1682 διαφ.
426 1604 454 1667 λ.
479 1624 511 1686 p.
536 1600 717 1680 73Va10k.

164 1683 217 1750 53.
240 1684 311 1751 Ὑπ.
334 1686 370 1752 ἐν
392 1691 438 1752 τῶ
460 1685 528 1751 κατ’
549 1687 651 1766 Ἀρχ.·
677 1684 713 1749 οἱ
731 1681 812 1761 τούς
834 1683 1089 1766 ἰθυφάλλοαςα

80 1771 189 1920 ἐνλῖῇ
217 1765 385 1856 ὀρχήστρᾳ
414 1751 627 1854 άρχούμενοι.
662 1807 704 1817 -
736 1769 840 1857 Harp.
869 1791 894 1834 ο.
923 1792 955 1834 ν.
985 1767 1050 1835 ἰθύ-

79 1876 129 1937 φα
171 1876 212 1920 οι.

164 1939 217 2006 54.
245 1939 409 2023 πάραλος·
440 1978 482 1988 -
504 1978 546 1988 -
574 1940 606 2007 οἱ
634 1941 670 2006 δέ
699 1939 921 2021 ἐπιβεβηκότεε
951 1937 1088 2018 αὐτῆειτ

79 2026 258 2093 ἐκαλοῦντο
280 2025 446 2109 Πάραλοι,
470 2026 503 2091 οἳ
524 2026 577 2091 διὰ
599 2025 718 2104 ταύτην
746 2025 803 2103 τήν
827 2023 999 2104 ὑπηρεείαν
1023 2017 1051 2090 δ’

78 2131 115 2177 τε
138 2108 277 2193 ὀβολοὺε
299 2111 481 2193 ἐλάμβανον
503 2111 608 2177 καὶτὸ
628 2112 742 2177 πλεῖον
758 2110 856 2190 μέρος
870 2111 929 2174 τοῦ
945 2108 1051 2177 ἐνιαυ-

78 2198 139 2262 τοῦ
163 2194 246 2261 οἴκοι
270 2196 396 2277 ἔμενον,
419 2194 503 2261 ἄλλα
524 2195 560 2261 τέ
581 2216 654 2262 τινα
676 2194 820 2274 ὑπῆρχεν
836 2193 946 2260 αὐτοῖς
961 2194 1051 2274 παρὰ

77 2284 136 2359 τῆ(
158 2280 296 2363 πόλεως,
320 2279 365 2347 ὥε
385 2301 482 2363 φηειν
504 2280 576 2346 Ὑπ.
597 2281 633 2347 ἐν
653 2286 700 2366 τῷ
720 2280 788 2345 κατ’
803 2278 886 2359 Ἀρχ.
909 2317 951 2326 -
964 2276 1050 2342 Har·

104 2385 170 2429 oer.

78 2387 101 2450 p
164 2448 217 2514 55.
240 2449 479 2525 Ξαπεταίονες·
505 2450 579 2515 Ὑπ.
603 2449 670 2514 κατ’
692 2449 848 2528 Ἀρχεετμ.
873 2484 916 2494 -
943 2447 1048 2533 Harp.
1062 2464 1088 2506 ω

165 2532 218 2598 56.
243 2533 282 2598 ἐν
305 2533 512 2618 παραβύστῳ
539 2534 610 2600 ἀντὶ
637 2536 697 2598 τοῦ
719 2532 828 2613 κρύφα
850 2533 901 2598 καὶ
923 2531 964 2599 οὐ
986 2552 1049 2613 φα·
1062 2550 1089 2591 ιι

78 2623 184 2697 νερῶε
205 2619 277 2685 Ὑπ.
302 2620 406 2702 ἐντῷ
429 2621 497 2685 κατ’
519 2621 602 2701 Ἀρχ.
624 2656 666 2665 -
688 2615 793 2703 Harp.

164 2702 217 2769 57.
241 2703 430 2786 Σιτειριεάς·
451 2705 523 2771 Ὑπ.
546 2704 614 2770 κατ’
635 2703 792 2784 Ἀρχεετρ.
815 2739 857 2748 -
878 2698 1040 2788 Harpocr.
1062 2718 1088 2760 ω

182 2854 263 2920 XII.
303 2856 393 2922 ΚΑΤ’
419 2856 685 2923 ΑΥΤΟΚΛΕΟΥ(
710 2852 950 2920 ΠΡΟΔΟΕΙΑΕ.
1067 2867 1089 2911 x

165 2972 218 3040 58.
241 2974 312 3040 Ὑπ.
335 2974 371 3040 ἐν
393 2979 439 3056 τῷ
461 2974 529 3040 κατ’
550 2974 623 3040 Αὐτ.
647 2974 762 3058 εἰπών,
784 2971 833 3039 ὅτι
854 2975 974 3038 τοῦτον
997 2970 1051 3036 ἐπὶ
1063 2985 1088 3027 ⁵⁹

79 3057 191 3134 λόγοιε
213 3062 264 3124 δεῖ
285 3058 432 3142 κολάεαι,
453 3059 571 3139 τίθηειν
595 3060 727 3143 ὅμοιον,
753 3058 803 3124 ὅτι
824 3056 881 3120 καλ
904 3054 1048 3137 Σωκρά-

78 3265 115 3314 49
133 3260 337 3327 Ἀρχεετράτου
355 3262 429 3313 libri.
452 3264 540 3312 --51
564 3258 781 3326 ἀρχεετρατέδου
798 3262 809 3312 ῑ
828 3260 859 3311 Β.
888 3285 923 3297 -
951 3260 983 3310 52
1005 3275 1051 3324 ιιρ.

79 3331 203 3382 Ammon.
222 3328 434 3450 άρὲιετρατίδου
452 3331 529 3391 libri;
549 3345 601 3380 em.
619 3329 718 3380 Valck.
737 3355 771 3366 -
788 3329 821 3380 53
839 3323 1050 3393 ἀρχιετρατίδρυ

78 3397 136 3450 Bc.
153 3425 187 3436 -
205 3400 238 3451 54
274 3396 446 3464 ρχεετράτου
463 3399 495 3449 Α.
520 3425 551 3434 -
575 3398 608 3448 55
626 3397 817 3450 ξαπεταιωνεε
835 3398 870 3460 D,
889 3392 1050 3450 Εαπεταίων

79 3465 113 3529 O,
133 3464 302 3520 ξιιπετάλων
320 3468 352 3521 Β
379 3494 408 3504 -
433 3463 646 3532 ἀρχιετρατίδοο
663 3466 696 3516 Β.
726 3493 758 3502 -
788 3464 821 3514 56
838 3461 1050 3529 άρχιετρατίδου

78 3535 137 3599 AB,
154 3531 375 3599 άρχιετρατήδου
394 3534 425 3588 0.
444 3561 476 3570 -
494 3536 527 3586 57
545 3531 663 3597 ετιριεὺε
675 3535 710 3596 1),
726 3529 837 3596 ετιρειίε
854 3532 963 3596 ABGN,
981 3544 1052 3583 (τει-
