2340 3916
64 162 93 241 μ’
104 172 145 227 ω.
202 174 293 225 mm
310 174 385 227 σου
403 176 687 229 ΛΠοΛΑοΔανου
704 179 869 230 KAHPOT„
973 185 1012 247 99

60 373 140 435 μως,
169 339 215 426 ὦς
240 349 275 415 οἱ
298 347 437 433 φυλέται
462 345 582 428 πάντες
609 359 728 425 ίσασιν.
769 346 824 432 Ὡς
853 348 883 421 δ’
903 347 1014 441 ἀληθῆ

20 542 23 547 Ι
60 448 157 535 λέγω,
177 442 269 515 κάλει
285 474 341 534 μοι
357 445 485 519 τούτων
501 444 577 527 τούς
595 446 770 540 μάρτυρας.

429 613 636 665 ΜΛΡΤΤΡΕΣ.

135 749 184 821 Τά
215 752 277 840 μὲν
302 747 444 844 ήμίτερα
470 759 599 841 δίκαια,
627 751 707 824 καθ’
735 749 757 822 δι’
782 753 1012 844 προσηκόντως
1029 772 1063 826 37

58 859 141 942 ἔχειν
160 849 338 942 φαμὲντόν
350 857 483 945 αλήρον,
502 850 596 924 ταῦτ’
616 858 721 942 ἐστίν,
741 844 769 924 τά
785 851 919 945 ἄνδρες·
940 854 1011 926 διό·

57 965 142 1041 μεθα
161 949 194 1021 δ’
212 947 307 1042 ὑμῶν
323 960 464 1043 βοηθεῖν
481 949 560 1044 ἡμῖν
577 957 629 1024 παλ
650 959 748 1025 ἕνεκα
761 953 1010 1044 Ἀπολλοδώρου

57 1057 106 1124 καὶ
126 1056 226 1123 ἕνεκα
242 1055 303 1123 του
319 1056 447 1125 ἐκείνου
464 1052 597 1146 πατρός·
616 1052 657 1124 οὐ
673 1053 736 1146 γάρ
753 1053 934 1146 ἀχρήστους
951 1055 1009 1129 αὖ·

57 1151 130 1235 τούς
160 1149 314 1244 εὑρήσετε
339 1162 491 1243 πολίτας,
517 1151 593 1225 ἄλλ’
612 1151 655 1235 ὦς
673 1152 745 1226 οἷόν
762 1153 792 1226 τ’
811 1165 857 1238 είς
875 1156 914 1227 τά
931 1154 1008 1248 ὑμί-

56 1282 132 1346 τερα
150 1253 431 1346 προθυμοτάτους.
467 1251 563 1344 ὁμὲν
579 1252 643 1347 γάρ
661 1253 767 1348 πατήρ
780 1252 885 1328 αὐτοῦ
900 1258 957 1340 τάς
975 1288 1010 1330 τε
1027 1283 1062 1338 38

57 1352 155 1435 άλλας
181 1349 309 1435 ἁπάσας
334 1363 539 1448 λειτουργίας
557 1354 821 1447 λελειτούργηκε,
848 1361 903 1428 καὶ
921 1389 1008 1451 τριή-

58 1457 188 1546 ραρχῶν
213 1452 271 1525 τὸν
296 1453 404 1525 πάντα
429 1453 549 1547 χρόνον
568 1458 767 1547 διετέλεσεν,
794 1454 856 1528 οὐκ
875 1462 911 1528 ἐκ
928 1481 1009 1550 συμ-

56 1565 169 1647 μορίας
187 1552 248 1645 τήν
264 1558 350 1627 υαῦν
367 1554 585 1647 ποιησάμενος
604 1552 713 1648 ὥσπερ
731 1563 764 1627 οί
779 1561 860 1647 νῦν,
879 1555 953 1629 ἀλλ’
974 1566 1009 1631 ἐκ

57 1660 119 1728 τιόν
138 1651 244 1725 αὑτοῦ
261 1657 435 1744 δαπανῶν,
462 1654 544 1727 οὐδὲ
571 1655 726 1779 δεάτερρς
744 1654 841 1738 αὐτὸς
860 1653 908 1729 τάν
926 1657 1009 1730 άλλά

58 1755 135 1827 κατά
160 1755 277 1846 μόνοις,
305 1753 385 1826 ουδὲ
412 1754 472 1827 δύο
491 1764 546 1846 ἔτη
565 1753 725 1828 διαλιπων
750 1755 833 1828 ἄλλά
850 1779 1007 1850 συνεχως,

10 1940 12 1953 Ι
58 1854 132 1927 οὐδ’
166 1854 406 1946 άφοσιούμενος
437 1853 510 1927 ἀλλ’
539 1852 582 1937 ὦς
607 1853 783 1927 οἷόντ”’
762 1879 878 1948 αριστα
903 1886 1007 1952 παρα-

10 2026 14 2051 ,
58 1955 297 2048 σκευαζόμενος.
333 1953 413 2027 ἄνθ’
433 1987 481 2028 ων
498 1953 593 2045 νμεῖς
611 1954 765 2030 ιιάιιεινον
784 1961 926 2049 ἐτιμᾶτε,
952 1989 1007 2050 με

10 2056 12 2071 '
58 2059 212 2149 μνημίνοι
236 2055 364 2128 τούτων
389 2086 456 2129 των
482 2065 606 2180 ἔργων,
641 2055 755 2128 καὶ
721 2088 779 2130 τον
804 2057 879 2130 υίόν
903 2057 1008 2131 αὐτοῦ

58 2188 119 2230 των
135 2156 311 2251 χρημάτων
336 2154 621 2249 ἀποστερούμενον
640 2157 798 2249 ἐσώσατε,
821 2189 898 2241 τους
916 2168 1006 2251 ἔχον-

57 2287 109 2343 τας
132 2256 316 2330 άποδοῦναι
338 2255 378 2328 τά
398 2254 469 2329 ὅντ’
501 2255 592 2352 αὐτῷ
613 2259 925 2348 καταναγκάσαντες.
950 2265 1005 2332 καὶ
1023 2288 1056 2342 3ο

57 2359 118 2450 μὴν
144 2363 198 2431 καὶ
224 2355 321 2440 αὐτὸς
344 2355 587 2450 Ἀπολλόδωρος
612 2355 672 2449 οὐχ
699 2357 808 2451 ὥσπερ
825 2360 1006 2452 Προνάπής

56 2456 263 2552 ἀπεγράψατο
280 2461 341 2550 μὲν
357 2466 480 2548 τίμημα
497 2458 631 2551 μικρόν,
651 2455 694 2540 άς
707 2459 833 2530 ίππάδα
852 2461 889 2529 δὲ
900 2467 1006 2532 τελῶν

55 2557 164 2653 άρχειν
189 2557 280 2650 ἠξίου
302 2557 359 2642 τάς
377 2556 494 2650 άρχάς,
518 2556 598 2629 οὐδὲ
620 2567 678 2651 βία
694 2560 755 2648 μὲν
774 2557 875 2648 ἐζήτει
892 2558 932 2630 τά
948 2558 1005 2631 άλ·

56 2660 156 2755 λότρί
176 2669 274 2751 ἔχειν,
291 2656 376 2751 ὑμᾶς
391 2657 423 2730 δ’
443 2655 523 2754 ᾤετο
542 2666 614 2730 δεῖν
626 2661 731 2748 μηδὲν
743 2655 902 2749 ὠφελεῖν,
921 2657 1005 2732 άλλά

55 2760 182 2852 φανερά
198 2759 238 2833 τά
254 2758 333 2832 ὄντα
350 2759 554 2850 καταστήσας
571 2755 667 2850 ὑμῖν,
685 2755 746 2831 ὅσα
763 2758 1002 2854 προστάττοιτε,

53 2861 156 2936 τάνδ’
175 2858 331 2955 ὑπηρέτει
348 2870 544 2952 φιλοτίμως,
571 2857 672 2932 οάδίν
689 2856 720 2930 τ’
739 2857 866 2932 άδιιιοῖν
885 2865 919 2934 ἐκ
936 2869 1004 2935 τῶν

54 2965 179 3037 ἑαυτοῦ
190 2970 369 3053 φιλοτίμως
387 2964 536 3054 ἐπειρᾶτο
554 2964 622 3052 ζῇν,
642 2969 688 3042 είς
699 2956 803 3032 αάτδυ
819 2963 880 3051 μὲν
897 2963 937 3035 τά
948 2967 1003 3055 μί-

51 3095 123 3159 τρια
140 3063 331 3135 άναλίσαειν
352 3061 501 3153 οἰόμενος
524 3069 612 3152 δεῖν,
636 3058 726 3132 τάδ’
748 3058 832 3132 άλλα
853 3067 894 3153 τῇ
910 3062 1004 3135 πόλει

50 3181 252 3291 περιποιεῖν,
285 3169 343 3234 ἰ’να
372 3166 521 3256 ἐξαραοίή
550 3160 630 3250 πρὸς
653 3159 710 3244 τάς
734 3160 890 3244 δαπάνας.
942 3162 1004 3235 κάκ
1021 3183 1055 3234 40

48 3266 176 3339 τούτων
193 3273 268 3336 τίνα
279 3273 487 3356 λειτουργίαν
498 3291 559 3333 ουκ
572 3258 912 3355 ίξελειτοάργήσεν;“
890 3293 910 3354 ή
928 3273 1002 3335 τίνα

50 3363 211 3488 εἰσφοράν
236 3361 298 3436 οὐκ
325 3368 360 3436 ἐν
378 3363 518 3457 πράτοις
536 3358 791 3453 είσήυεγαευ;
769 3391 791 3452 η
814 3394 831 3432 τ
834 3366 1003 3457 ίπαραλί·

48 3479 164 3543 λοιπεν
182 3496 230 3537 ων
248 3469 430 3559 amoarium
453 3494 489 3547 ος
505 3493 544 3555 γε
561 3467 617 3536 καὶ
635 3467 778 3559 παιδιτφ
798 3492 884 3558 χορφ
906 3493 1002 3558 χορή-

802 3581 847 3644 7*
