2340 3916
338 218 430 269 ΠΕΡΙ
448 216 524 270 ΤΩΝ
541 218 772 274 ΜΤΣΤΗΡΙΩΝ.
994 220 1033 284 11

64 364 97 429 εί
111 364 235 427 τοίνυν
253 354 381 445 ἀνέβην
400 360 456 428 ἐπὶ
475 359 707 447 δικαστήριον,
731 357 752 448 ἢ
770 362 871 448 λόγος
888 390 937 443 τις
956 364 1034 452 περὶ
1052 376 1085 427 23

66 462 152 549 ἐμοῦ
170 460 323 548 ἐγένετο,
339 455 361 546 ἢ
379 460 525 548 μήνυσίς
542 487 591 541 τις
611 461 672 550 ἐμή
691 465 781 531 ἐστιν
798 459 819 550 ἢ
836 462 1034 554 ἀπογραφή,

64 560 110 651 μὴ
135 558 187 629 ότι
209 560 270 648 ἐμὴ
295 559 375 631 καθ’
403 564 539 652 ἑτέρου,
566 562 642 632 ἀλλ’
676 570 708 633 εί
729 566 786 633 καὶ
811 562 917 634 ἄλλου
941 566 1034 646 τινός

64 661 138 732 κατ’
160 666 243 750 ἐμοῦ
253 716 263 751 ,
283 664 443 750 ἐλεγχέτω
461 664 533 752 μεό
551 664 759 754 βουλόμενος
781 668 932 736 ἐνταῦθα
946 666 1034 735 ιἰνα-

64 764 138 853 βιίς.
174 762 262 833 ιῖλλόι
280 763 346 854 γὰρ
365 760 470 853 λόγον
488 765 711 857 ἀνοσιώτερον
736 769 793 837 καὶ
812 765 1033 856 ἀπιστότερον

68 865 213 948 οὐδένας
233 865 364 935 πώποτ’
385 867 451 954 ἐγώ
471 869 630 949 εἰπόντας
645 868 741 958 οἶδα,
760 878 797 939 οἳ
811 870 1033 958 τοῦτομόνον

65 967 237 1056 ἡγήσαντο
246 973 333 1057 δεῖν,
346 971 508 1058 τολμῆσαι
521 973 761 1061 κατηγορῆσαι·
777 977 810 1041 εί
818 970 851 1042 δ’
870 972 1033 1059 ἐλεγχθή-

65 1090 182 1139 σονται
198 1069 418 1159 ψευδόμενοι,
445 1070 549 1140 οόδὲυ
568 1071 687 1153 αὐτοῖς
714 1073 882 1161 ἐμέλησεν.
921 1070 1032 1162 ὥσπερ
1051 1100 1084 1149 24

65 1162 148 1259 οὖν,
172 1178 204 1240 εί
226 1170 337 1260 ἀληθῆ
361 1163 404 1260 ἦν
421 1176 529 1241 ταῦτα
554 1171 660 1262 ἅμου
679 1175 934 1265 κατηγόρησαν,
959 1176 1030 1264 ἐμοὶ

65 1268 109 1341 διν
128 1271 311 1361 ὠργίζεσθε
327 1275 384 1342 καὶ
403 1272 534 1361 ἠξιοῦτε
552 1280 651 1363 δίκην
668 1275 730 1364 την
747 1285 909 1365 μεγίστην
928 1279 1033 1347 ἐπιτι-

65 1375 177 1462 θέναι,
186 1372 295 1457 οὕτως
305 1373 385 1457 όξιω
396 1374 498 1464 ὑμᾶς,
510 1377 761 1463 γιγνώσκοντας
770 1376 821 1446 ότι
837 1379 1033 1466 ψεόδουται,

66 1477 237 1566 πονηρούς
255 1504 291 1546 τε
308 1476 436 1557 αότοός
454 1484 598 1566 νομίζειν
608 1532 617 1567 ,
641 1482 792 1568 χρῆσθαί
811 1506 847 1549 τε
864 1486 1032 1572 τεκμηρίῳ

64 1575 116 1646 ότι
133 1586 166 1648 εί
180 1579 222 1647 τό
242 1579 418 1648 δεινότατα
432 1583 501 1647 τῶν
515 1582 819 1671 κατηγορηθέντων
836 1584 1032 1670 περιφανῶς

66 1680 259 1766 ἐλέγχονται
276 1680 496 1770 ψευδόμενοι,
521 1673 628 1769 ἦπου
645 1682 731 1769 τόχα
755 1684 869 1773 πολλῷ
897 1682 1032 1770 φαυλό-

64 1808 143 1871 τερα
175 1785 303 1873 ῥηιδίως
334 1781 420 1869 ὑμῖν
444 1781 611 1864 όποδειξω
636 1785 870 1871 ψευδομένους
893 1782 1031 1864 αότοός.

142 1889 193 1954 Ac
207 1883 271 1972 μὲν
288 1884 447 1973 μηυόσεις
462 1875 527 1953 ὧδε
541 1886 700 1973 περὶτῶν
717 1892 914 1974 μυστηρίων
932 1876 1032 1954 αὗται
1049 1910 1083 1961 25

67 1986 226 2071 ἐγένοντο
243 1988 413 2077 τέτταρες·
433 1993 469 2055 οἳ
483 1985 521 2055 δὲ
541 1993 689 2074 ἔφευγον
707 1985 788 2056 καθ’
805 1987 949 2075 ἑκάστην
966 1986 1032 2075 μή·

63 2107 183 2175 νυσιν,
214 2086 369 2174 όινέγνων
394 2086 479 2176 ὑμῖν
504 2089 545 2156 τό
573 2088 723 2177 ὀνόματα
748 2088 883 2178 αὐτῶν,
914 2090 971 2158 καὶ
999 2093 1036 2158 οί

64 2189 233 2278 μάρτυρες
251 2190 555 2279 μεμαρτυρήκασιν.
592 2197 640 2259 ἔτι
657 2190 696 2260 δὲ
714 2191 799 2283 πρός
812 2190 945 2272 τούτοις
965 2190 1031 2278 ἐγώ

64 2290 258 2379 πιστότητος
281 2290 381 2379 ὑμῶν
413 2295 529 2381 ἕνεκα,
561 2283 587 2360 ὦ
613 2291 752 2382 ἄνδρες,
782 2293 865 2362 τοίδε
892 2292 1029 2379 ποιήσω.

37 2460 40 2465 .
62 2395 133 2460 τῶν
151 2392 217 2481 γὰρ
232 2392 432 2481 φευγόντων
447 2395 502 2463 ἐπὶ
515 2409 587 2475 τοῖς
601 2402 798 2482 μυστηρίοις
812 2399 848 2461 οί
862 2396 925 2481 μέν
943 2421 1031 2473 τινες

62 2493 239 2564 ἀπέθανον
258 2495 460 2582 φεύγοντες,
483 2500 519 2564 οί
534 2495 568 2564 δ’
587 2492 707 2581 ἥκουσι
724 2502 785 2564 καί
801 2501 886 2564 είσιν
906 2495 1031 2564 ἐνθάδε

64 2597 120 2665 καὶ
146 2596 299 2686 πάρεισιν
316 2596 378 2665 ὑπ’
407 2599 489 2684 ἐμοῦ
515 2596 719 2684 κεκλημένοι.
757 2594 823 2682 ἐγω
845 2586 909 2665 οὖν
928 2598 966 2664 έν
982 2598 1030 2685 τῷ
1049 2623 1082 2673 ος

64 2700 132 2789 ἐμῷ
165 2698 258 2790 λόγῳ
289 2702 412 2785 δίδωμι
435 2701 483 2791 τῷ
514 2698 712 2790 βουλομένω
741 2696 798 2785 ἐμὲ
829 2697 958 2784 ἐλέγξαι
982 2693 1032 2764 ότι

70 2987 79 3008 ‚
128 2932 169 3008 23,
188 2921 254 2995 ἐμὴ]
275 2921 312 2989 ὡς
330 2921 383 2996 έμὴ
401 2928 461 2980 Ald.
484 2957 512 2965 -
529 2918 559 3010 ᾗ]
574 2920 592 2995 ἡ
610 2931 714 2982 ABLZ.
728 2957 760 2967 ·-
776 2920 963 3008 ἀνοητότερον
980 2925 1031 2979 καί

61 3011 250 3058 απιστοτερου
278 3013 338 3048 cum
364 2998 396 3047 R.
424 2997 490 3048 Bk.:
523 2992 717 3050 ανοοιιότατον
743 2995 793 3051 καί
827 3011 1031 3049 απιστοτατον.

60 3091 92 3100 -
113 3056 245 3181 Αηηόδένας
268 3081 330 3116 eum
353 3065 386 3120 R.
409 3064 474 3119 Bk.:
498 3056 615 3117 οόδένα.
641 3093 672 3103 -
698 3061 818 3118 εἰπόντα
840 3065 950 3116 dedisse
974 3063 1030 3115 vid.

79 3148 100 3182 r.
152 3169 157 3183 .

60 3148 78 3198 p
129 3203 171 3251 24.
190 3217 246 3265 μον
263 3201 348 3256 Dobr.
367 3202 459 3252 Tum:
478 3191 650 3267 με.-τοὶγα
667 3201 766 3267 scripsi
778 3198 829 3267 (cf.
848 3202 877 3263 2,
896 3198 938 3282 2):
956 3190 1031 3265 τόγα

60 3269 83 3319 Β
114 3274 142 3318 et
166 3285 235 3319 corr.
261 3269 327 3321 fort.
354 3269 378 3318 Α
406 3267 482 3331 (,‚1it.
506 3269 605 3331 γίονλ.
630 3267 720 3319 corr.“
744 3269 856 3334 Dobs.);
883 3269 974 3320 ταλλα
1001 3283 1029 3320 v.

64 3327 112 3401 (τά
130 3352 162 3400 γε
181 3337 248 3396 Bk.;
267 3332 305 3387 τό
325 3327 353 3402 γ’
378 3325 451 3386 ἄλλα
469 3336 554 3387 Dobr.
573 3335 673 3402 Turn).

128 3405 169 3455 25.
189 3399 369 3471 φευγόντων]
389 3420 454 3454 num
472 3394 641 3470 φυγόντωνλ
660 3404 696 3454 cf.
710 3404 745 3455 ad
763 3405 778 3466 ξ
797 3406 837 3458 16.
854 3436 888 3445 -
902 3394 950 3455 ἐπὶ
967 3405 1030 3462 τοῖς

62 3471 96 3521 οἱ.
114 3471 145 3520 R.
165 3472 228 3525 coll.
248 3474 263 3533 ξ
282 3474 315 3522 35
334 3468 423 3537 (Bk.):
443 3462 475 3522 έν
493 3473 562 3530 τοῖς.

128 3541 170 3590 26.
189 3531 303 3605 ἐλέγξαι
321 3555 361 3605 pr.
382 3538 505 3589 ATurra
526 3530 685 3603 ἐξελέγξαι.
703 3564 737 3574 -
