2340 3916
129 175 172 239 40
508 174 722 226 Δειαιεαον

129 333 374 426 περιεωρακότα
404 332 441 402 δέ
472 331 551 414 τοὺς
582 329 934 419 ἀντιπολιτευομένους
966 331 1100 403 ἅπαντα

131 441 440 529 διαπεπραγμένους
458 437 521 508 ὅσα
540 439 790 527 ἐβουλήθησαν,
808 443 1101 528 μεταβεβλημένον

131 547 168 616 δέ
188 545 291 617 αὐτὸν
310 548 365 615 καλ
384 544 443 626 τὰς
460 541 545 634 ὑπὲρ
563 548 625 614 τού
644 545 752 633 δήμου
770 545 904 636 πράξεις
922 548 1098 632 ἐγκαταλε-

81 674 114 726 98
132 655 281 740 λοιπότα,
305 655 427 722 τούτου
449 653 663 741 περιποιῆσαι
687 653 910 741 βουλησεσδες
936 649 1013 740 ούκ,
1037 652 1099 722 ἐάν

131 762 327 850 σωφρονῆτε
345 759 401 828 καὶ
420 761 528 839 καλῶς
546 758 602 827 καὶ
621 753 704 847 ὑπὲρ
723 753 820 847 ὑμῶν
834 755 947 827 αύτῶν
965 761 1021 828 καὶ
1039 763 1100 848 τῆς

129 866 255 948 πόλεως
266 865 489 954 βουλεύησθε·
510 861 593 933 άλλά
607 867 743 946 δέξεσθε
757 863 818 953 την
833 861 968 953 άγαδην
981 867 1096 954 τύχην,

129 970 150 1060 ἢ
174 972 428 1061 τιμωρήσασθαι
451 971 622 1061 παρέδωκε
652 973 720 1039 τῶν
747 970 900 1060 ῥητόρων
928 969 1008 1052 τοὺς
1035 971 1100 1060 τὴν

130 1079 228 1148 πόλιν
251 1077 307 1147 διά
329 1077 390 1166 τὴν
414 1073 525 1146 αὑτῶν
549 1082 759 1166 δωροδοκίαν
782 1075 943 1166 ταπεινὴν
961 1103 1096 1167 πεποιη-

130 1185 244 1270 κότας,
268 1185 324 1252 καὶ
348 1183 553 1271 φυλάξεσθε,
576 1183 729 1274 καθάπερ
753 1188 790 1252 οί
803 1185 880 1253 θεολ
897 1184 1097 1274 προειρήκα-

131 1312 187 1360 σιν
207 1286 286 1378 ύμῖυ
305 1293 342 1359 ἐν
360 1305 432 1372 ταῖς
451 1296 619 1378 μαντείαις
637 1289 808 1377 πολλάκις,
826 1288 906 1371 τοὺς
923 1291 1101 1372 τοιούτους

130 1392 297 1485 ἡγεμόνας
319 1398 374 1465 καὶ
398 1396 620 1485 συμβούλους.
657 1393 820 1465 ἀκούσατε
848 1395 886 1466 δέ
909 1393 1011 1484 αὐτῆς
1036 1400 1101 1485 τῆς

131 1510 295 1591 μαντείας.
332 1505 417 1590 Λέγε
435 1500 498 1591 τὴν
516 1509 682 1590 μαντείαν.

529 1635 702 1686 ΜΑΝΤΕΙΑ.

80 1843 113 1893 99
211 1821 291 1899 Παῖς
314 1808 377 1886 οὖν
395 1823 489 1903 μίαν
513 1815 674 1905 γνώμην
692 1818 846 1906 ἕξομεν,
866 1809 892 1885 ιδ
913 1814 1102 1905 Ἀθηναῖοι,

130 1927 200 2004 πῶς
224 1920 455 2012 ὁμονοήσομεν
478 1919 620 2004 ἅπαντες
642 1919 726 2012 ὑπὲρ
754 1926 822 1992 τῶν
845 1925 941 2013 κοινῇ
970 1944 1098 2012 συμφε-

131 2031 277 2119 ρόντων,
302 2026 383 2097 ὅταν
407 2034 442 2098 οί
462 2025 653 2117 ἡγεμόνες
675 2030 786 2099 καλοί
806 2031 1000 2117 δημαγωγοὶ
1019 2031 1100 2119 χρή-

131 2161 217 2223 ματα
240 2135 466 2222 λαμβάνοντες
488 2141 674 2226 προΐωνται
696 2133 736 2204 τά
754 2138 812 2224 τῆς
835 2141 995 2226 πατρίδος
1014 2157 1099 2224 συμ-

132 2243 290 2332 φέροντα,
309 2244 365 2311 καὶ
384 2237 478 2329 ὑμεῖς
496 2240 557 2329 μὲν
574 2242 630 2309 καὶ
650 2237 667 2309 δ
688 2244 792 2330 δῆμος
811 2239 896 2324 άπας
915 2243 1102 2331 κινδυνεύῃ

131 2349 205 2437 περὶ
230 2350 292 2417 τού
316 2348 465 2436 ἐδάφους
491 2349 553 2415 τοῦ
579 2350 638 2434 τῆς
665 2347 792 2430 πόλεως
818 2349 874 2417 καὶ
901 2351 969 2417 τῶν
998 2351 1101 2437 ίερῶν

131 2457 199 2523 τῶν
217 2455 382 2547 πατρῴων
400 2455 456 2523 καὶ
473 2458 606 2522 παίδων
623 2456 679 2523 καλ
698 2457 879 2542 γυναικῶν,
899 2458 934 2523 οί
950 2454 987 2523 δέ
1005 2460 1099 2542 διηλ-

131 2564 292 2649 λαγμένοι
310 2560 393 2651 πρὸς
417 2556 541 2641 αύτούς
560 2562 597 2628 ἐν
615 2560 676 2649 μὲν
694 2576 766 2642 ταῖς
784 2563 971 2650 ἐκκλησίαις
988 2566 1100 2630 λοιδο·

132 2671 256 2756 ρῶνται
279 2668 336 2736 καὶ
354 2665 611 2756 προσκρούωσιν
630 2663 783 2756 ἀλληλοις
806 2669 1004 2754 ἐξεπίτηδες,
1029 2672 1100 2757 ἰδίᾳ

132 2863 404 2946 διαπεπραγμένους
431 2866 555 2918 eorr.²A
579 2872 608 2918 et
630 2883 690 2919 eum
708 2868 792 2919 Wolf
811 2869 856 2919 Ra
884 2862 916 2919 δὲ
938 2864 1102 2935 πεπραγμέ-

133 2950 261 2993 νους.-
282 2929 463 3000 βουλήσεσθε
481 2933 581 2987 Dobr.=
600 2929 752 3002 βούλεσθε.
772 2936 841 2997 εἰς
853 2936 894 2988 98.

200 3019 242 3070 98.
278 3013 454 3096 βουλεύεσθε
480 3019 576 3071 Ν-
542 3015 727 3084 -δέξεσθε
752 3024 781 3070 et
811 3011 979 3084 φυλάξεσθε
1002 3019 1100 3070 Βούτα

133 3081 263 3167 δέξασθε
294 3090 322 3136 et
351 3078 596 3150 φυλάξασθε-
630 3103 688 3153 παρ
690 3081 856 3139 αδέδωκενλ
883 3088 920 3138 ef.
943 3089 971 3145 2,
994 3088 1036 3138 20.
1065 3113 1102 3123 -

132 3145 237 3219 αὐτῆς]
267 3141 357 3212 αὖθις
385 3154 494 3207 Gruter.
512 3157 593 3235 prob.
614 3155 702 3206 Schm.
721 3151 797 3219 (0011.
815 3152 908 3220 §w
936 3148 1044 3220 ταύτης
1064 3157 1100 3204 ci.

201 3217 322 3303 -λέγε]
343 3224 366 3273 λ.
378 3217 490 3275 σύΔΙᾱ.
500 3238 546 3274 vv.
561 3217 615 3287 τὴν
632 3238 716 3287 μανι
736 3237 796 3273 cum
813 3222 857 3274 Kl.
878 3223 978 3274 abesse
996 3222 1101 3273 malim.

200 3291 240 3340 99.
276 3280 366 3355 δμονο
368 3281 481 3357 ήσωμεν
499 3291 533 3343 N.
551 3315 585 3326 —
561 3240 657 3340 maai
681 3293 746 3341 ante
769 3280 784 3340 δ
808 3287 900 3355 δῆμος
922 3289 985 3340 add.
1004 3287 1051 3339 NB
1072 3296 1102 3338 et

132 3372 201 3411 corr.
219 3358 313 3408 ABk.
332 3308 386 3422 (εἰη
390 3357 443 3420 R..)
469 3384 501 3393 -
519 3351 686 3409 κινδυνεύει
705 3373 745 3423 pr.
764 3360 788 3408 A
807 3356 898 3409 corr..²
918 3352 1030 3438 -περλ
1046 3355 1101 3407 τοῦ

130 3415 260 3502 ἐδάφους
278 3417 352 3509 κτλ]
371 3425 406 3475 οἱ.
426 3424 527 3475 Aeseh
545 3428 575 3489 8,
595 3427 701 3476 134.-
724 3440 768 3476 vv.
784 3423 936 3492 διηλλαγμ.
955 3419 1028 3488 πρὸς
1047 3416 1101 3475 αύ-

62 3484 194 3656 Ιτούς
211 3500 280 3560 post
301 3488 369 3566 ίδια
387 3486 422 3545 δὲ
444 3492 538 3559 posita
555 3492 659 3548 malim,
674 3518 707 3530 —
