2340 3916
315 228 413 277 RATA
432 226 766 280 Αειυιονυιυουοε.
985 228 1027 291 53

61 385 139 456 οὐθ’
171 391 206 455 οί
231 389 350 456 ἕνδεκα
383 386 585 474 δεδύνηνται
617 384 695 456 οὐτε
721 384 759 456 τὸ
789 386 1027 478 δεσμωτήριον,

59 494 166 586 τούτῳ
195 492 405 581 βουλήσεσθε
433 492 614 585 συμβούλῳ
642 496 803 582 χρῆσθαι;
836 495 891 562 καὶ
919 489 937 563 ό
966 493 1028 582 μὲν

60 601 163 688 νόμος
186 598 369 688 εὐξάμενον
391 599 517 669 κελεύει
539 598 600 669 τὸν
622 599 751 689 κήρυκα
770 595 839 687 μετ’
861 596 1028 688 εὐφημίας

60 711 193 795 πολλής,
213 705 319 788 οὕτως
337 703 419 794 ὑμῖν
437 705 474 776 τὸ
495 706 720 794 βουλεύεσθαι
743 707 817 795 περὶ
835 709 904 774 τῶν
922 733 1028 795 πραγ-

61 814 173 901 μάτων
191 813 428 899 παραδιδόναι·
457 808 550 902 ὑμεῖς
574 813 612 882 δὲ
633 811 694 882 τὸν
717 808 857 882 άνόσιον
879 814 935 881 καὶ
953 814 1030 903 περὶ

60 922 187 1000 πάντας
204 918 355 1009 πονηρὸν
372 922 427 989 καὶ
442 920 582 1008 μάλιστα
600 921 675 1010 περὶ
689 916 749 988 τὸν
769 920 891 988 ἑαυτοῦ
904 920 1029 1008 πατέρα

60 1028 299 1114 γεγενημένον,
321 1030 444 1095 τούτου
468 1022 544 1114 μεθ’
566 1022 663 1114 ὑμῶν
685 1027 741 1094 καὶ
760 1024 840 1114 μετά
859 1028 928 1094 τῶν
950 1021 1028 1114 ὐμε-
1063 1052 1068 1059 ·

61 1135 167 1223 τέρων
195 1138 327 1201 οἰκείων
354 1134 410 1201 κοιλ
438 1136 613 1219 συγγενῶν
641 1131 751 1201 ἐάσετε
778 1132 1029 1214 πολιτεύεσθαι;

62 1240 117 1308 καὶ
129 1238 274 1329 Δημάδη
288 1237 350 1326 μὲν
359 1241 415 1308 καὶ
425 1241 641 1327 Δημοσθένει
656 1236 818 1327 οὐδεμίαν
833 1236 943 1331 ᾤεσθε
957 1243 1030 1307 δεῖν
1048 1238 1081 1289 ¹5

62 1345 267 1434 συγγνώμην
287 1351 384 1433 ἐχειν,
399 1343 451 1415 ὅτι
466 1348 558 1434 δῶρα
577 1342 652 1415 καθ’
669 1341 765 1433 ὐμῶν
785 1347 1031 1434 ἐξηλέγχθησαν

62 1452 300 1539 λαμβάνοντες,
320 1448 386 1521 ἄλλ’
408 1452 671 1542 ἐτιμωρήσασθε,
689 1454 746 1521 καὶ
766 1458 913 1539 δικαίως,
932 1446 983 1533 οἷς
1002 1456 1033 1521 εί

62 1556 107 1646 μή
126 1559 233 1627 πάντα
252 1555 335 1627 άλλδι
349 1558 454 1628 πολλά
473 1586 511 1645 γε
529 1559 664 1628 σύνιστε
677 1558 821 1648 χρήσιμα
839 1567 1032 1627 πεπολιτευ-
1074 1504 1100 1627 δέ

62 1667 187 1752 μένοις·
215 1664 275 1734 τὸν
299 1665 336 1734 δέ
363 1665 551 1755 κατάρατον
578 1669 714 1751 τοῦτον,
743 1661 780 1746 ὃς
807 1662 943 1752 ἀγαθὸν
969 1664 1031 1752 μὲν

63 1767 150 1859 ὑμᾶς
169 1768 250 1840 οὐδὲ
267 1771 399 1841 πύποτε
412 1780 592 1860 πεποίηκεν
611 1774 644 1853 ἐξ
659 1763 702 1840 ού
719 1769 802 1861 πρὸς
814 1769 877 1859 τήν
903 1772 906 1860 ή
931 1771 1031 1840 πόλιν
1040 1782 1078 1823 1⁰⁷

62 1878 303 1967 προσελήλυθε,
321 1878 427 1948 κακὸν
445 1876 476 1947 δ’
499 1876 518 1947 ό
535 1907 566 1947 τι
587 1877 731 1960 δυνατός
749 1880 850 1965 ἐστιν,
869 1874 1030 1967 άφήσετες

63 1986 119 2052 καὶ
142 1991 192 2065 τίς
216 1982 278 2053 οὐκ
297 1981 340 2054 άυ
363 1987 569 2072 ἐγκαλέσειεν
592 1981 673 2073 ὑμῖν
695 2000 765 2066 τοῖς
787 1987 910 2054 τοῦτον
932 2010 1031 2075 προς-

64 2094 256 2178 δεχομέυοις
278 2092 489 2180 σύμβουλου;
513 2090 596 2162 ὅταν
618 2090 683 2181 γὰρ
706 2089 888 2182 ἄνθρωπος
909 2091 1031 2181 γυύρι-

64 2225 129 2285 μον
147 2199 202 2266 καὶ
222 2197 374 2289 φανεράν
388 2201 444 2268 καὶ
462 2199 663 2289 περιβόητον
675 2196 738 2288 τήν
757 2206 924 2290 πονηρίαν
941 2197 1032 2289 παρὰ

64 2308 145 2373 πάσι
163 2320 235 2387 τοϊς
252 2311 402 2387 πολίταις
416 2312 501 2393 ἔχων
515 2309 553 2374 ἐν
567 2302 649 2394 ὐμίν
667 2309 852 2396 δημηγορῇ,
865 2305 939 2374 τότε
952 2303 1032 2386 τούς

66 2408 249 2492 ἀκούοντας
267 2408 353 2500 ύμάς
372 2417 408 2480 οί
423 2413 670 2503 περιεστηκότες
686 2412 913 2500 θαυμάζουσι,
936 2412 1032 2480 πότε-

66 2545 107 2605 ρα
126 2525 276 2604 βελτίους
295 2516 356 2587 οὐκ
371 2525 458 2606 ἔχετε
477 2519 692 2606 συμβούλους
711 2514 730 2606 ή
749 2519 804 2586 καί
817 2524 947 2607 χαίρετε
964 2520 1032 2586 τῶν

65 2623 229 2693 τοιούτων
247 2622 434 2707 άκούοντες.
470 2623 532 2715 χρή
552 2627 600 2713 δέ,
620 2615 646 2692 ὐ
663 2621 848 2712 Ἀθηναῖοι,
868 2621 980 2714 ὥσπερ
1000 2627 1040 2692 οδ
1051 2636 1084 2687 16

66 2808 156 2857 locum
176 2812 384 2861 constituit:—
403 2843 437 2852 -
454 2800 708 2876 τιμωρήσασθαι
692 2800 751 2861 νπό
769 2825 794 2861 τ.
813 2824 845 2861 π.
865 2800 1034 2874 ἐνδειχθέν·

66 2892 115 2935 τα,
135 2877 201 2960 φυλ.
221 2867 249 2929 δ’
270 2868 343 2931 οὐθ’
361 2894 432 2941 uva,
452 2877 543 2928 deleto
562 2894 622 2928 voe
639 2884 756 2957 natm..
777 2877 848 2942 quod
867 2879 953 2929 etiam
971 2882 1034 2943 post

66 2945 135 3007 φυλ.
155 2939 188 2995 δε
208 2951 389 3022 transponere
407 2945 557 3028 ροοείε.-
577 2937 734 3010 εὐξάμενος
751 2945 785 2999 Ν

135 3014 174 3067 15
210 3012 274 3063 mal.
293 3005 412 3079 (ὀρθῶς)
435 3009 486 3064 καὶ
509 3011 689 3072 δικαίωςμ-
716 3012 839 3080 συνῇστε
857 3015 954 3068 Ηλ-
980 3028 1033 3065 πε·

64 3077 285 3162 πολιτευμενοις
303 3084 341 3130 Ν
359 3075 651 3160 πολιτευομένοις-
669 3063 855 3133 οὐδεκτόποτε
872 3079 1032 3160 πεποίηκεν

64 3149 132 3198 Mr..
152 3137 371 3201 οὐδέκοτετεπ.
389 3150 422 3212 Ν,
439 3163 507 3203 πεπ,
522 3138 708 3200 οὐδεπώποτε
726 3164 752 3200 τ.
771 3143 868 3201 Οὐδέν
886 3138 1031 3201 οὐδεπύπ.

66 3218 101 3265 ei.
121 3215 184 3279 Bk.
203 3208 292 3268 οὐδὲν
309 3208 424 3268 πάντοτε
442 3218 515 3267 Wm.
535 3215 597 3277 cb.;
615 3232 643 3268 v.
663 3218 766 3269 Mn·
783 3211 868 3269 πόλιν
887 3216 985 3266 ΑΒΖΜ
1004 3218 1033 3265 et

64 3283 266 3345 N¹⁰;rec.Mr.
286 3283 920 3337 εο11.Ι)υιυ.ἰυΤλιοοοε.30;πολιτείαν.·-
947 3299 1031 3362 προς

66 3347 234 3416 δεχομένοις
256 3353 282 3403 Ν
302 3354 367 3402 Mn:
395 3348 627 3431 δεχομένοις-
691 3348 800 3417 ω’ριμον
825 3349 875 3402 καὶ
900 3344 1031 3415 φανεράν

66 3420 100 3469 ci.
124 3419 171 3468 R..
198 3412 339 3487 γνώριμος
356 3417 407 3472 καὶ
432 3413 622 3486 φανερὰςμ-
653 3368 720 3472 ἐή
706 3415 777 3486 ὑμῖν
801 3420 863 3474 add.
886 3420 1033 3474 NMr-

65 3481 251 3563 θαυμάζουσι
270 3489 320 3537 ΖΜ
338 3488 390 3538 Bk.
405 3489 500 3566 'T.:urr
519 3479 767 3554 &avpdaovotae-
795 3478 904 3552 πότερα
926 3488 951 3538 Ν
968 3487 1032 3536 Mn:

66 3546 249 3617 πότερονμ-
268 3550 319 3608 τὸν
337 3554 469 3607 τοιοῦτον
487 3557 521 3608 Ν.
