2340 3916
136 157 178 220 62
482 153 737 212 ΑΙΣΧΙΝΟΤ

139 315 252 402 μάτων
273 322 435 400 Τίμαρχος
451 317 563 397 δίκην,
585 307 691 396 ἀρχὴν
708 309 886 397 εὐκοσμίας
897 313 934 379 έυ
945 319 986 398 τῇ
997 312 1093 380 πόλει

139 410 417 480 κατασκευάσετε·
447 415 477 478 εί
497 405 529 476 δ’
553 406 790 493 ἀποφεύξεται,
826 417 985 495 κρείττων
1005 403 1090 497 ἦνό

139 507 284 596 ἀγῶνμη
302 510 528 594 γεγενημένος.
551 510 629 592 πρὶν
638 507 700 592 μὲν
711 507 775 592 γάρ
788 513 833 585 είς
844 514 953 592 κρίσιν
967 515 1092 594 Τίμαρ-

138 635 199 694 χον
211 615 413 693 καταστῆναι
424 605 535 691 φόβον
545 606 610 671 τισλ
620 602 797 691 παρεῖχευὸ
806 605 1013 692 νόμοςκαὶτό
1021 614 1091 674 τῶν

140 711 360 791 δικαστηρίων
379 703 501 789 ὄνομα·
526 710 556 770 εί
572 700 602 770 δ’
624 701 642 771 ὁ
666 703 847 790 πρωτεύων
862 709 1020 792 βδελυρία
1037 707 1093 774 καὶ

140 799 1094 889 γνωριμώτατοςείσελδῶυπεριγευησεται,πολλοάςάμαρ-

140 902 254 969 τάνειν
264 904 387 984 έπαρεῖ,
398 903 453 967 καὶ
463 907 626 967 τελευτῶν
638 898 698 985 ούχ
709 899 727 968 ὁ
740 902 848 986 λόγος,
861 899 934 971 ἀλλ’
948 899 965 970 ὁ
978 900 1094 985 καιρός

141 999 226 1086 ὑμᾶς
243 1002 390 1083 ἐξοργιεῖ.
413 997 457 1084 μὴ
476 990 539 1066 οὖν
552 996 773 1085 είςάθρόους,
793 998 869 1068 ἀλλ’
882 1007 927 1080 είς
938 1003 997 1068 ἕνα
1008 997 1093 1067 ἀπο·
1110 1013 1160 1067 193

143 1099 304 1183 σκηψατε,
326 1098 382 1164 καὶ
399 1094 460 1182 τὴν
477 1094 692 1183 παρασκευὴν
710 1101 764 1166 καί
785 1098 864 1178 τούς
885 1100 1094 1186 συνηγόρους

143 1195 256 1263 αὐτῶν
271 1208 501 1280 παρατηρεῖτε·
524 1188 572 1262 ῶν
596 1193 736 1275 οὐδενός
750 1194 813 1281 έγῶ
832 1193 992 1283 ὀνομαστὶ
1007 1224 1094 1284 μνη-

141 1293 324 1380 σθησομαι,
345 1297 401 1360 ἴνα
413 1289 457 1379 μὴ
476 1293 601 1379 ταύτην
617 1292 723 1381 ἀρχὴν
738 1295 913 1380 τοῦλόγου
924 1296 1093 1381 ποιήσων-

140 1419 208 1476 ται,
233 1389 277 1469 ῶς
294 1388 357 1458 ούκ
374 1386 418 1458 ἀν
434 1401 627 1477 παρῆλθον,
651 1399 682 1461 εί
696 1393 741 1480 μή
752 1421 800 1472 τις
811 1394 924 1462 αὐτῶν
934 1391 1093 1481 ὀνομαστὶ

141 1490 303 1577 ἐμνήσθη.
327 1487 525 1557 ἀλλ’ἐκεῖνο
549 1492 692 1577 ποιήσω·
715 1490 910 1576 ἀφελῶν,τά
933 1493 1092 1580 ὀνόματα,

74 1613 125 1666 183
144 1587 275 1669 διεξιῶν
296 1593 332 1657 δὲ
358 1590 398 1657 τά
420 1591 659 1675 ἐπιτηδεύματα
686 1589 798 1658 αὐτῶν
819 1597 873 1660 καὶ
893 1592 933 1659 τά
958 1591 1093 1678 σῶματα

142 1690 294 1776 γνώριμα
311 1689 516 1774 καταστήσω.
545 1694 635 1756 ἔσται
652 1687 684 1756 δ’
708 1687 808 1768 αὐτὸς
829 1693 935 1780 ἑαυτῷ
957 1691 1094 1769 ἕκαστος

143 1800 261 1872 αίτιος,
283 1788 342 1857 έάυ
360 1793 459 1874 δεῦρο
476 1785 585 1877 ἀναβῇ
600 1791 655 1856 καὶ
673 1789 885 1878 ἀναισχυντῇ.
909 1788 1015 1879 τούτῳ
1028 1787 1094 1874 γάρ
1112 1801 1161 1855 194

143 1891 296 1972 πάρεισιν
307 1893 343 1956 έκ
354 1894 456 1971 τριῶν
468 1889 773 1975 είδῶυσυυηγοροι,
797 1893 832 1956 οἱ
845 1888 907 1974 μὲν
922 1902 992 1966 ταῖς
1009 1884 1090 1955 καθ’

142 1987 270 2074 ἡμέραν
280 1986 442 2063 δαπάναις
453 1983 660 2072 ἀνηλωκότες
670 1986 728 2065 τάς
745 1985 898 2076 πατρῴας
909 1983 1039 2066 οὐσίας,
1062 1990 1096 2052 οἱ

144 2089 179 2157 δὲ
200 2101 270 2165 ταῖς
290 2083 429 2171 ἡλικίαις
450 2089 504 2152 καὶ
524 2100 592 2164 τοῖς
613 2089 741 2154 ἑαυτῶν
760 2085 910 2170 σῶμασιν
927 2082 968 2151 ού
984 2091 1094 2162 καλῶς

143 2186 337 2271 κεχρημένοι
354 2185 409 2251 καὶ
426 2183 568 2262 δεδιότες
579 2182 621 2250 οὐ
632 2188 706 2268 περλ
722 2182 906 2269 Τιμάρχου,
924 2180 1006 2250 ἀλλά
1018 2182 1093 2263 περὶ

144 2287 271 2354 ἑαυτῶν
292 2285 346 2351 καὶ
366 2291 435 2350 τῶν
449 2282 734 2369 ἐπιτηδευμάτων,
757 2282 802 2367 μή
819 2305 898 2350 ποτε
915 2287 961 2359 εἰς
983 2286 1093 2364 κρίσιν

144 2389 366 2452 καταστῶσιν·
387 2379 537 2469 ἑτεροιδ’
549 2380 1013 2449 έκτῶνάκολάστωνκαὶτῶυ
1026 2392 1094 2456 τοῖς

139 2482 306 2560 τοιούτοις
321 2484 532 2566 κεχρημένων
556 2479 770 2566 άφθόνως,“
754 2507 809 2547 ινα
831 2492 901 2555 ταῖς
921 2483 1093 2563 βοηθείαις

144 2579 257 2648 αὐτῶν
283 2579 494 2657 πιστεύοντες
522 2579 606 2667 ῥάόν
628 2605 713 2657 τινες
738 2577 1014 2663 ἐξαμαρτάνωσιν.
1044 2567 1093 2647 ῶν
1112 2589 1161 2644 196

144 2680 223 2761 πριυ
238 2704 296 2763 της
312 2684 512 2763 συνηγορίας
527 2675 668 2745 ἀκοῦσαι
690 2675 768 2756 τούς
790 2684 884 2764 βίους
905 2672 1093 2792 ἀναμιμνη-

144 2785 283 2857 σκεσθε,
308 2777 363 2842 καλ
378 2773 455 2853 τούς
471 2775 533 2860 μεν
550 2780 595 2853 εἰς
612 2773 652 2842 τά
664 2773 799 2860 σῶματα
809 2771 1038 2860 ημαρτηκότας
1048 2798 1092 2857 μη

144 2870 225 2958 ὑμῖν
242 2875 404 2958 ἐνοχλεῖν,
426 2870 508 2940 ἀλλά
530 2872 725 2939 παύσασθαι
745 2876 1016 2957 δημηγοροῦντας
1038 2894 1094 2935 κε-

78 2990 129 3047 184
145 2972 270 3040 λεύετε·
293 2969 457 3056 οὐδὲγάρ
479 2968 497 3037 ὁ
519 2970 620 3055 νόμος
639 2967 718 3048 τούς
739 2967 986 3052 ἰδιωτεύοντας,
1010 2964 1094 3034 ἀλλά

145 3069 223 3147 τούς
234 3072 509 3153 πολιτευομένους
524 3069 674 3148 ἐξετάζει·
696 3066 775 3146 τοὺς
786 3069 822 3135 δὲ
832 3066 872 3133 τά
883 3071 1019 3151 πατρῷοι
1032 3090 1075 3131 κα

145 3169 361 3255 τεδηδοκότας
385 3166 579 3252 ἐργάζεσθαι
606 3171 660 3235 καὶ
684 3169 849 3250 ἑτέρωθεν
870 3173 1014 3232 κτάσθαι
1034 3160 1095 3230 τόν

146 3273 221 3353 βίον
232 3265 396 3334 κελεύετε·
408 3262 486 3344 τούς
497 3264 532 3334 δὲ
540 3274 608 3333 τῶν
617 3267 712 3350 νέωυ,
725 3263 798 3331 ὅσοι
808 3267 928 3351 ῥᾳδίως
938 3259 1095 3329 ἁλίσκον-

147 3392 215 3447 ται,
238 3361 405 3449 δηρευτάς
423 3360 522 3443 ὄντας
540 3370 585 3443 είς
602 3362 680 3443 τούς
698 3366 811 3442 ξένους
828 3363 883 3429 καὶ
895 3359 1095 3446 τούςμετοί-
