2340 3916
147 157 210 223 170
495 157 746 217 ΑΙΣΧΙΝΟΤ

149 315 310 406 δήμου,“
290 321 510 406 υποτέτμηται
521 315 560 384 τά
577 324 680 402 νεῦρα
691 317 991 402 τῶνπραγμάτων,
1011 342 1098 434 φορ-

78 437 132 492 σεε
145 417 414 503 μορραφοάμεθα
431 415 530 483 ἐπὶ
493 442 533 482 τα
545 413 643 482 στενά
652 413 758 498 ,τινὲς
769 421 903 499 πρῶτον
914 413 1024 497 ὥσπερ
1039 413 1098 493 τάς

77 538 128 594 557
145 516 284 601 βελόνας
306 521 474 601 διείρουσι
478 520 500 555 “
532 520 637 580 ταῦτα
661 512 697 580 δὲ
717 518 752 580 τί
766 504 922 598 ἐστιν,
896 539 921 579 οι
945 514 1098 594 κίναδοςς
1117 528 1148 582 16

148 610 495 733 ήήματαήθαόματα;
527 637 581 679 και
570 609 733 679 Νπάλιυ’
713 636 768 677 οτε
785 610 898 698 κύκλῳ
917 613 1098 693 περιδινῶν

79 720 133 777 558
148 715 290 780 σεαυτόν
301 714 353 781 ἐπὶ
368 718 429 779 τοῦ
438 710 585 797 βήματος
595 704 739 793 ἔλεγες(
716 734 759 787 τις
770 704 999 790 ἀντιπράττων
1006 703 1098 774 Ἀλε-

148 810 277 899 ξάνδργι
294 807 475 896 ,ὁμολογῶ
490 806 531 874 τά
547 804 725 878 Λακωνικά
743 814 920 891 συστῆσαι,
944 804 1099 891 ὁμολογῶ

149 906 332 986 Θετταλοὺς
353 909 406 976 καὶ
423 904 635 993 Περραιβοὺς
656 902 870 991 ἀφιστάναι.“
906 902 949 970 σύ
971 902 1036 989 γάρ
1055 899 1099 970 ἀν

148 1006 263 1093 κάμην
273 1004 492 1092 ἀποστήσαις;
504 1002 546 1072 σὺ
558 1002 622 1089 γάρ
638 997 677 1070 ἀν
688 1009 887 1086 προσέλθοις
898 1000 941 1089 μή
950 1001 1002 1072 ὁτι
1014 1003 1098 1085 πρὸς

148 1105 262 1190 πόλιν,
283 1103 366 1172 ἀλλά
380 1105 597 1190 πρὸςοίκίαυ,
619 1100 707 1170 ὅπου
727 1104 883 1181 κίνδυνος
903 1101 1097 1187 πρόσεστιν;

148 1200 224 1270 ἀλλ’
239 1208 269 1270 εί
277 1207 340 1289 μέν
351 1227 418 1270 που
428 1203 578 1289 χρήματα
588 1198 815 1287 ἀναλίσκεται,
828 1200 1098 1286 προσκαθιζήσει,

150 1308 270 1388 πρᾶξιν
293 1305 328 1371 δὲ
349 1301 473 1389 ἀνδρὸς
495 1302 536 1370 οὐ
561 1303 708 1387 πράξεις·
740 1301 800 1370 ε’ἀν
817 1299 847 1368 δ’
861 1301 1050 1387 αὐτόματόν
1068 1330 1099 1369 τι

149 1408 275 1491 συμβή,
297 1402 515 1488 προσποιήσει
523 1403 578 1469 καὶ
596 1398 721 1468 σαυτόν
739 1403 792 1468 ἐπὶ
814 1398 851 1467 τό
875 1402 1099 1486 γεγενημένον

79 1519 130 1576 559
144 1500 347 1586 ἐπιγράψεις·
370 1497 413 1569 ἀν
425 1499 456 1569 δ’
470 1506 553 1588 ἔλθη
569 1501 675 1588 φόβος
685 1527 750 1586 τις,
773 1497 963 1582 ἀποδράσει·
986 1499 1045 1566 ἐάν
1063 1502 1099 1568 δὲ

148 1600 389 1686 θαρρήσωμεν,
403 1597 529 1684 δωρεάς
546 1600 688 1685 αἰτήσεις
706 1600 761 1667 καλ
778 1612 912 1684 χρυσοῖς
923 1597 1099 1683 στεφάνοις

148 1706 408 1785 στεφανοάσθαι.

231 1801 316 1884 Ναὶ,
337 1797 422 1867 ἀλλά
434 1798 610 1886 δημοτικός
621 1800 720 1866 ἐστιν.
748 1794 808 1864 ἐὰν
818 1797 880 1883 μὲν
890 1805 1006 1865 τοίνυν
1018 1796 1103 1884 πρός
1120 1813 1149 1865 15

148 1895 211 1984 τήν
223 1896 391 1984 εὐφημίαν
402 1905 471 1966 τῶν
481 1898 592 1984 λόγοιν
609 1894 715 1964 αὐτοῦ
731 1891 954 1983 ἀποβλέπητε,
981 1898 1102 1975 ἐξαπα-

149 1998 356 2084 τηθήσεσθε,
370 1998 480 2085 ὥσπερ
493 1999 739 2083 καὶπρότερον,
751 1994 853 2065 ἐάνδ
867 2002 912 2075 είς
923 1993 985 2083 τήν
996 1996 1102 2082 φύσιν

150 2098 206 2164 καὶ
222 2096 284 2182 τήν
301 2094 480 2183 ἀλήθειαν,
502 2095 564 2165 οὐκ
584 2097 887 2184 ἐξαπατηθήσεσθε.
921 2099 1053 2175 ἐκείνως
1066 2097 1101 2165 δὲ

150 2193 334 2281 ἀπολάβετε
351 2194 425 2281 παρ’
437 2194 544 2264 αὐτοῦ
554 2197 614 2263 τὸν
625 2194 737 2281 λόγον.
771 2192 835 2280 ἐγιὸ
847 2195 910 2280 μὲν
920 2192 993 2281 μεθ’
1006 2193 1102 2281 ὁμοῖν

149 2298 344 2380 λογιοῦμαι,
367 2289 389 2361 ἀ
412 2298 465 2362 δεῖ
485 2291 629 2380 ὑπάρξαι
645 2295 682 2360 ἐν
697 2300 737 2382 τῇ
755 2294 856 2379 φύσει
872 2301 920 2381 τῷ
937 2297 1102 2384 δημοτικῷ

151 2387 248 2478 ἀνδρί
259 2394 312 2460 καλ
324 2392 492 2480 σάφρονι,
517 2394 573 2461 καὶ
589 2392 690 2461 πάλιν
707 2390 895 2479 ἀντιθήσω,
917 2392 1016 2461 ποῖόν
1026 2420 1101 2460 τινα

150 2488 239 2568 εἰκός
249 2493 339 2559 ἐστιν
350 2490 435 2560 εἰναι
445 2491 506 2561 τὸυ
516 2488 731 2578 ὀλιγαρχικόν
748 2490 934 2577 ἄνθρωπον
944 2495 999 2559 καὶ
1010 2499 1103 2578 φαῦ-

149 2596 222 2656 λον
234 2584 365 2674 ὁμεῖςδ’
373 2589 564 2670 ἀντιθέντες
571 2591 709 2676 ἑκάτερα
716 2591 844 2658 τούτοιν
850 2587 1102 2677 θεωρήσατάἀ-

151 2684 227 2769 τὸν,
245 2685 289 2773 μή
304 2685 467 2772 ὁποτέρου
477 2690 672 2775 τοῦλόγου,
696 2686 764 2756 ἀλλ’
779 2685 942 2772 ὁποτέρου
954 2697 1014 2758 τοῦ
1025 2697 1102 2777 βίου

150 2788 249 2852 ἐστίν.
272 2783 361 2872 οἶμαι
371 2796 487 2856 τοίνυν
503 2787 651 2867 ἅπαντας
662 2784 705 2856 ἀν
716 2785 935 2876 ὁμολογήσειν
945 2787 1031 2876 ὑμεῖς
1041 2791 1101 2857 τά·
1120 2801 1149 2855 16

152 2885 189 2951 δε
202 2887 273 2952 δεῖν
285 2883 428 2972 ὑπάρξαι
438 2894 484 2974 τῷ
497 2891 679 2978 δημοτικῷ,
702 2896 837 2972 πρῶτον
848 2888 908 2973 μὲν
919 2888 1102 2972 ἐλεύθερον

152 2981 256 3052 αὐτόν
268 2983 417 3054 εἶναικαὶ
434 2987 517 3071 πρὸς
528 2986 651 3073 πατρὸς
662 2991 716 3056 καὶ
733 2985 966 3074 πρὸςμητρὸς,
988 2993 1043 3056 ἵνα
1057 2988 1101 3076 μή

153 3079 208 3148 διά
217 3084 280 3168 τὴν
291 3082 413 3169 περὶτὰ
429 3088 524 3170 γένος
534 3084 673 3173 ἀτυχίαν
686 3085 851 3175 δυσμενής
864 3080 887 3175 ᾗ
896 3102 964 3167 τοῖς
976 3089 1101 3207 νόμοις,

154 3187 188 3248 οἳ
211 3184 352 3262 σώζουσι
373 3182 434 3270 τήν
456 3188 696 3272 δημοκρατίαν,
719 3186 877 3271 δευτερον
897 3185 969 3253 δ
950 3185 1015 3253 απὸ
1035 3196 1103 3254 τῶν

152 3280 330 3365 προγόνων
357 3279 550 3407 εδεργεσίμυ
579 3283 652 3352 τιυά
683 3283 775 3375 αὐτῷ
796 3284 878 3369 πρός
906 3284 966 3353 τὸν
993 3292 1101 3372 δῆμον

80 3395 134 3453 560
149 3375 326 3466 ὑπάρχειν,
349 3375 372 3466 ή
393 3383 431 3450 τό
448 3380 476 3469 γ’
499 3381 762 3470 ἀναγκαιότατον
780 3390 943 3472 μηδεμίαν
960 3391 1099 3473 ἔχθραι,
