2340 3916
157 125 219 190 184
511 132 767 192 Ατεκεαον
871 115 872 119 '

87 301 138 357 606
155 297 241 374 θησε
258 290 313 356 καὶ
331 291 495 374 ἐκείρατο,
519 292 570 357 έπλ
594 290 723 368 τούτοις
746 292 801 377 ἐμὲ
823 303 1108 378 στεφανοῦσθαι.“

51 460 53 464 ,
158 384 233 455 ἀλλ’
251 386 356 474 οἶμαι,
379 395 482 454 ταῦτα
495 388 556 474 μὲν
574 384 618 455 ῶν
630 399 714 457 είποι
726 388 811 476 ἀνὴρ
823 389 927 470 ὅντως
938 395 1108 480 βεβιωκῶς

155 482 224 570 μετ’
240 483 371 571 ἀρετῆς·
393 482 416 551 δι’
434 484 469 552 δὲ
486 483 529 552 σύ
545 490 661 571 λέξεις,
684 497 769 555 είποι
788 483 831 554 ῶν
842 488 1001 576 κάθαρμα
1013 496 1108 576 ζηλο-

157 590 286 649 τυποῦν
303 581 432 669 ἀρετήν.
456 582 497 651 ού
514 583 578 667 γδιρ
597 582 636 670 δη
654 582 699 669 μὰ
717 584 775 652 τόν
785 582 945 669 Ἡρακλέα
960 589 1057 655 τοῦτό
1068 615 1104 672 γε
1124 604 1168 656 215

156 678 251 767 ὑμῶν
265 679 374 760 ούδεὶς
385 683 582 769 φοβήσεται,
605 681 649 769 μὴ
662 679 680 749 ὁ
691 687 929 770 Δημοσθένης,
949 683 1034 770 ἀνὴρ
1046 712 1102 770 με-

155 781 343 866 γαλόψυχος
352 784 407 849 καὶ
419 781 458 848 τοὶ
470 784 631 868 πολεμικὰ
643 787 827 871 διαφέρων,
851 782 1026 870 ύποτυχῶν
1037 794 1105 852 τῶν

86 897 135 952 607
154 882 326 965 ἀριστείων
343 885 456 948 οίκαδε
474 881 670 950 ἐπανελθῶν
688 883 807 952 ἑαυτὸν
820 883 1046 968 διαχρήσηται·
1068 880 1105 960 ὃς

155 988 315 1047 τοσοῦτον
331 987 495 1068 καταγελᾷ
512 988 570 1066 τῆς
584 978 670 1065 ,πρὸς
687 978 773 1066 ὑμᾶς
796 987 997 1066 φιλοτιμίας,
1021 979 1104 1047 ῶστε

84 1097 136 1152 608
152 1075 214 1163 τὴν
225 1076 349 1163 μιαρὰν
359 1076 509 1163 κεφαλὴν
520 1078 644 1164 ταύτην
654 1079 709 1145 καὶ
719 1075 932 1160 ὑπεύθυνον,
951 1075 993 1164 ἣν
1007 1070 1104 1154 οὗτος

154 1176 242 1261 παρὰ
254 1176 332 1256 τούς
341 1178 465 1263 νόμους
475 1180 621 1263 γέγραφε
633 1185 860 1263 στεφανῶσαι,
879 1175 1033 1262 μυριάκις
1043 1202 1104 1242 κα-

153 1284 328 1365 τατέτμηκε
346 1278 545 1346 καὶτούτων
563 1277 707 1365 μισθούς
724 1287 837 1363 είληφε
859 1276 1045 1362 τραύματος
1067 1277 1102 1341 ἐκ

152 1383 310 1464 προνοίας
320 1379 452 1494 γραφὰς
461 1377 681 1494 γραφόμενος,
694 1378 747 1443 καὶ
759 1373 1102 1454 κατακεκονδύλισται,

154 1474 236 1542 ῶστε
253 1471 358 1541 αύτόν
376 1473 511 1560 οἶμαι
475 1501 515 1542 τα
527 1483 597 1542 τῶν
608 1473 809 1541 κονδύλωνί
793 1483 866 1592 ίχυη
878 1480 946 1539 τῶν
957 1476 1102 1537 Μειδιου

153 1580 266 1661 έχειν”
248 1601 295 1643 ετι
306 1574 452 1661 φανεροί·
474 1600 492 1641 ο
504 1600 568 1658 γαρ
581 1571 761 1658 ἅνθρωπος
773 1599 814 1638 ου
804 1569 994 1700 ’κεφαλην,
1019 1569 1101 1638 α’λλὰ

151 1673 319 1757 πρόσοδον
333 1680 492 1759 κέκτηται.

83 1791 133 1847 509
233 1774 316 1855 Περὶ
338 1771 374 1839 δε
390 1776 628 1857 Κτησιφῶντος
644 1777 704 1837 τοῦ
722 1769 911 1854 γράψαντος
932 1765 994 1853 την
1012 1767 1101 1852 γνῶ-
1122 1779 1168 1834 213

151 1896 217 1954 μην
233 1873 356 1955 βραχέα
373 1869 537 1955 βούλομαι
554 1895 568 1936 ε
570 1874 671 1950 ίπεῐν,
694 1865 734 1934 τό
747 1867 783 1934 δέ
794 1864 900 1934 πολλὰ
912 1862 1102 1952 ὑπερβήσο-

150 1993 218 2051 μαι,
229 1970 285 2032 ίνα
296 1968 351 2034 καὶ
362 1980 480 2052 πεῖραν
490 1967 594 2053 λάβω,
607 1971 636 2032 εί
646 1965 795 2031 δύνασθε
807 1961 885 2042 τούς
896 1961 1027 2048 σφόδρα
1039 1987 1099 2028 πο-

151 2062 291 2149 νηρούς,
309 2060 374 2130 κῶν
385 2065 430 2150 μη
441 2091 488 2142 τις
499 2074 655 2150 προείπῃ,
676 2061 943 2148 διαγιγνώσκειν·
958 2059 1019 2129 ὅδ’
1033 2063 1100 2127 ἐστὶ

152 2159 268 2228 κοινόν
278 2163 333 2227 καὶ
345 2165 474 2227 δίκαιον
485 2159 560 2228 κατ’
571 2159 770 2246 ἀμφοτέραιν
782 2159 895 2226 αύτῶν
906 2158 1101 2242 ἀπαγγείλαι

151 2257 235 2345 πρός
251 2256 354 2344 ὑμᾶς,
376 2257 467 2325 τοῦτ’
486 2262 559 2344 ἐρῶ.
582 2260 808 2342 περιέρχονται
820 2255 883 2342 γὰρ
900 2255 961 2341 την
973 2254 1101 2340 ἆγορδιν

149 2358 285 2445 ἀληθεῖς
306 2356 379 2425 κατ’
403 2357 556 2445 ύλληλων
578 2362 705 2443 ἔχοντες
727 2355 822 2435 δόξας
844 2356 898 2422 καὶ
921 2353 1042 2439 λόγους
1059 2352 1101 2419 ού

148 2464 279 2539 ψευδεῖς
300 2462 459 2542 λέγοντες.
485 2455 503 2525 ό
525 2456 586 2542 μέν
607 2455 671 2541 γὰρ
692 2461 874 2540 Κτησιφῶν
895 2450 936 2521 ού
957 2453 994 2519 τὸ
1016 2449 1098 2518 καθ’
1121 2474 1168 2526 214

149 2557 268 2625 ἑαυτόν
286 2578 368 2643 φησι
385 2565 579 2644 φοβεῖσθαι,
603 2559 743 2635 ἐλπίζειν
759 2552 824 2640 γῶρ
843 2553 951 2633 δόξειν
969 2553 1100 2638 ίδιῶτης

148 2657 248 2741 εἶναι,
271 2654 355 2724 ιἰλλδι
372 2653 433 2742 τὴν
445 2664 506 2723 τοῦ
518 2659 762 2741 Δημοσθένους
773 2656 810 2721 ἐν
821 2660 861 2739 τῇ
873 2659 1019 2739 πολιτείᾳ
1033 2654 1099 2718 δω-

148 2759 307 2841 ροδοκίαν
329 2758 409 2840 φησί
428 2763 608 2842 φοβεῖσθαι
624 2756 679 2823 καὶ
694 2753 756 2840 την
772 2754 950 2838 ἐμπληξίαν
962 2752 1016 2818 καὶ
1031 2754 1100 2817 δει-

147 2861 235 2921 λίαν·
248 2851 265 2921 ό
280 2854 316 2922 δὲ
327 2855 549 2940 Λημοσθένης
559 2860 604 2932 είς
615 2850 719 2920 αὑτὸν
730 2852 792 2937 μὲν
803 2849 999 2937 ἀποβλέπων
1010 2857 1100 2930 θαρ-

76 2972 130 3030 610
148 2966 219 3039 ρείν
241 2974 360 3038 φησιν,
383 2952 445 3039 την
470 2953 505 3019 δὲ
523 2961 584 3018 του
600 2959 837 3036 Κτησιφῶντος
857 2957 1021 3034 τιονηρίαν
1043 2950 1099 3014 καὶ

146 3056 393 3136 πορνοβοσκίαν
407 3056 548 3134 ἰσχυρῶς
565 3053 717 3118 δεδιέναι.
740 3047 819 3127 τοὺς
830 3048 865 3116 δὲ
876 3047 915 3134 δη
929 3072 1099 3132 κατεγνω-

145 3149 245 3229 κότας
256 3148 408 3234 ἀλλήλων
421 3146 548 3216 ἀδικεῖν
558 3154 716 3234 μηδαμῶς
726 3147 819 3233 ὑμεῖς
831 3151 864 3215 οί
873 3148 977 3214 κοινοὶ
990 3147 1099 3230 κριταὶ

145 3256 214 3315 τῶν
224 3247 438 3334 ἐγκλημάτων
448 3244 645 3333 ἀπολύσητε.

229 3347 312 3426 Περὶ
330 3345 365 3412 δὲ
378 3352 446 3411 τῶν
463 3351 508 3423 είς
524 3343 667 3430 ἐμαυτόν
683 3348 860 3426 λοιδοριῶν
877 3347 999 3429 βραχέα
1011 3343 1092 3427 βού«
1116 3352 1168 3405 218
