2340 3916
279 219 399 274 ΠΕΡΙ
417 218 854 276 ΠΑΡΑΠΡΕΣΒΕΙΑΣ.
992 214 1034 275 95

84 373 163 454 τοὺς
173 382 325 461 πρέσβεις
336 380 415 453 τούς
427 381 611 459 Φιλίππου,
635 371 678 453 ῶς
696 373 897 461 ἐμισθώσατ’
911 374 1033 463 αὐτοῖς,

85 473 137 544 ὅτ’
155 472 320 563 άπῄεσαν,
345 471 440 560 ὀρικὰ
459 474 556 561 ζεύγη
574 476 628 542 καὶ
644 474 831 564 συμπαρῄει
848 474 902 558 ἐφ’
918 480 1034 562 ἵππον,

86 580 127 641 ου
139 575 340 651 καταόὐςείς
360 571 396 639 τό
416 573 549 658 σκότος,
573 571 685 657 ῶσπερ
707 573 816 656 ἕτεροί
826 599 929 658 τινες,
951 572 1034 642 άλλά

86 679 238 757 φανερῶς
255 671 523 757 ἐπιδεικνύμενος
539 669 601 758 τήν
618 680 687 739 τῶν
708 673 910 758 πραγμάτων
928 683 1034 758 θερα-

16 794 68 846 112
85 777 189 838 πείαν.
221 772 331 838 ἐκεῖνα
353 769 388 838 δέ
416 767 456 855 δὴ
479 772 533 838 καὶ
553 771 685 856 σφόδρα
705 777 908 859 διωρθοῦτο·
942 771 1034 858 ,οὐκ

86 868 193 953 εἶπον,
216 868 260 948 ῶς
277 868 377 948 καλὸς
392 868 435 937 εί·
458 868 543 956 γυνη
560 869 624 956 γάρ
636 878 704 938 τῶν
715 869 824 940 όντων
835 875 902 940 ἐστὶ
919 871 1034 939 κάλλι-

86 989 180 1037 στον·
202 965 276 1036 οὐδ’
290 967 334 1046 ῶς
346 966 453 1046 δεινός
464 984 634 1055 συμπιεῖν,
656 978 814 1055 σπογγιᾶς
827 969 886 1038 τὸν
897 976 1034 1038 ἔπαινον

85 1065 332 1154 ὑπολαμβάνων
351 1076 472 1135 τοῦτον
488 1067 586 1136 εἶναι·
611 1068 683 1137 οὐδ’
704 1067 747 1148 ῶς
770 1067 972 1157 μνημονικὸς
995 1067 1032 1151 εί,

85 1176 247 1252 σοφιστοῦ
257 1164 296 1233 τά
307 1174 444 1233 τοιαῦτα
460 1173 602 1252 νομίζων
618 1171 880 1255 ἐργολαβοῦντος
890 1166 1032 1253 ε’γκῶμια

86 1263 202 1331 εἶναι.“
222 1269 277 1332 ἵνα
295 1267 330 1332 δὲ
347 1262 392 1351 μη
408 1273 620 1352 μακρολογῶ,
642 1265 767 1334 τοιαῦτ’
781 1259 823 1353 ἦν
834 1264 856 1334 ά
867 1273 956 1351 ἔλεγε
968 1290 1033 1333 πα-

85 1362 214 1446 ρόντων
231 1371 299 1430 τῶν
317 1365 488 1450 πρέσβεων
504 1362 548 1442 ῶς
563 1371 639 1443 ἔπος
658 1370 759 1432 εἰπεῖν
776 1369 807 1444 ἐξ
829 1362 956 1450 ἁπάσης
976 1372 1033 1450 τῆς

81 1461 248 1547 Ἑλλάδος,
273 1458 326 1548 ἐφ’
346 1457 395 1540 οἱς
414 1464 551 1546 γέλωτες
568 1461 628 1547 οὐχ
645 1467 680 1531 οί
698 1462 852 1548 τυχόντες
869 1465 1032 1547 ἐγένοντο.

14 1581 66 1634 113
84 1559 195 1646 ἐπειδη
215 1564 252 1627 όέ
270 1557 344 1627 ποτ’
363 1562 531 1654 ἐπαύσατο
542 1563 595 1630 καὶ
609 1560 714 1647 σιωπὴ
727 1565 871 1646 ἐγένετο,
889 1559 1033 1648 ἠναγκα-

84 1660 186 1746 ζόμην
203 1657 266 1744 έγῶ
284 1661 392 1745 λέγειν
404 1659 484 1745 μετὰ
500 1661 656 1746 τοιαύτην
673 1658 892 1727 ἀπαιδευσίαν
909 1661 964 1727 καὶ
974 1685 1033 1725 κο-

83 1765 215 1836 λακείας
236 1764 370 1843 αἰσχράς
391 1756 590 1845 ὑπερβολήν.
620 1761 674 1826 καὶ
696 1757 798 1843 μικρά
819 1772 979 1840 προεῖπον
999 1761 1032 1836 ἐξ

85 1854 232 1942 α’νάγκης
253 1855 336 1940 πρὸς
357 1855 418 1943 τὴν
439 1860 680 1942 προειρημένην
702 1855 784 1925 κατά
802 1864 869 1923 τῶν
882 1858 1030 1942 συμπρέ-
1047 1865 1102 1922 283

83 1962 192 2043 σβεων
202 1953 261 2023 ὑπ’
276 1954 379 2023 αὐτοῦ
393 1957 568 2042 διαβολὴν,
580 1958 702 2040 λέγων,
714 1952 764 2023 ότι
776 1958 937 2041 πέμψειαν
947 1951 1032 2042 ἡμεῖς

85 2051 252 2138 Ἀθηναῖοι
270 2056 420 2140 πρέσβεις
436 2053 497 2121 οὐκ
508 2053 817 2140 ἀπολογησομένους
828 2056 864 2121 έν
873 2057 1031 2120 Μακεδο-

84 2159 139 2242 υίηι
148 2155 222 2235 περὶ
234 2151 329 2239 ημῶν
341 2151 468 2239 αὐτῶν,
492 2150 566 2221 ἀλλ’
579 2163 715 2222 οἴκοθεν
726 2158 761 2222 ἐκ
773 2162 835 2221 τοῦ
847 2161 923 2242 βίου
936 2158 1031 2220 δεδο-

10 2275 65 2329 114
84 2252 304 2336 ιιιμασμένους
316 2248 492 2336 άξίουςτης
509 2250 635 2330 πόλεως
653 2250 744 2319 εἶναι.
767 2256 889 2338 βραχέα
901 2249 932 2320 δ’
946 2250 1030 2334 ὑπὲρ

82 2357 151 2416 τῶν
166 2348 278 2433 ὅρκων
294 2348 463 2433 προειπῶν
480 2347 534 2434 ἐφ’
556 2348 614 2428 οὓς
631 2348 755 2437 ἥκομεν
772 2349 1029 2438 ἀποληψόμενοι,

84 2450 138 2516 καὶ
148 2451 222 2531 περὶ
232 2457 300 2516 τῶν
311 2448 437 2533 ἄλλων,
456 2445 478 2515 ά
487 2449 703 2532 προσετάξατε
715 2449 824 2536 ὑμεῖς,
843 2451 998 2536 διεξῄειν·
1011 2445 1029 2514 ὁ

83 2545 147 2631 γάρ
159 2545 306 2631 περιττός
317 2547 381 2615 κάν
391 2562 458 2626 τοῖς
469 2549 578 2632 λόγοις
585 2547 693 2626 δεινός
703 2553 924 2635 Δημοσθένης
933 2546 1031 2616 οὐδε-

85 2645 142 2724 νός
160 2656 227 2714 τῶν
244 2645 433 2732 άναγκαίων
450 2647 615 2733 ἐμνήσθη·
638 2652 692 2715 καὶ
711 2646 750 2732 δὴ
768 2649 907 2730 καὶπερὶ
918 2652 1031 2732 τῆςείς

84 2745 198 2822 Πύλας
216 2753 384 2828 στρατείας
402 2744 494 2814 εἶπον
511 2748 566 2814 καὶ
583 2748 657 2831 περὶ
674 2753 741 2813 τῶν
758 2751 858 2832 ίερῶν
878 2746 933 2813 καὶ
957 2748 1030 2831 περὶ

83 2851 229 2928 Δελφῶν
241 2845 378 2927 καὶπερὶ
390 2853 457 2911 τῶν
467 2843 731 2929 Ἀμφικτυόνων,
755 2847 808 2912 καὶ
819 2843 958 2930 μάλιστα
970 2846 1030 2929 μὲν

85 2949 251 3010 Φίλιππον
266 2943 381 3028 ἠξίουν
397 2942 440 3028 μή
459 2940 538 3029 μεθ’
558 2943 687 3029 ὅπλων,
709 2942 791 3011 άλλά
812 2941 892 3029 μετά
914 2943 1030 3029 ψήφου

84 3043 138 3109 καὶ
155 3049 293 3127 κρίσεως
309 3041 402 3109 τάκεί
416 3043 631 3128 καθιστάναι,
654 3051 685 3111 εί
701 3041 732 3109 δ’
752 3042 816 3127 άρα
828 3043 870 3130 μη
884 3040 1029 3110 δυνατὸν

85 3151 149 3226 είη·
173 3149 269 3207 τοῦτο
291 3141 323 3207 δ’
342 3133 385 3227 ἧν
401 3142 585 3226 πρόδηλον·
606 3141 643 3209 τό
654 3139 717 3228 γάρ
729 3142 955 3228 στρατόπεδον
965 3166 1030 3206 πα-

84 3241 213 3323 ρηνκαὶ
230 3239 470 3325 συνήθροιστο·
491 3239 600 3324 εἶπον,
626 3239 677 3307 ὅτι
693 3237 754 3307 τὸν
772 3243 931 3326 μέλλοντα
943 3236 1027 3324 ὑπὲρ
1045 3254 1097 3310 284

80 3334 280 3422 Ἑλληνικῶν
292 3342 392 3420 ίερῶυ
403 3340 627 3425 βουλεύεσθαι
636 3337 764 3424 πολλὴν
775 3338 933 3424 προσήκει
945 3336 1029 3418 πρό-

84 3460 180 3502 νοιαν
198 3433 281 3520 ὑπὲρ
301 3434 469 3522 εὐσεβείας
481 3443 566 3523 ἔχειν
577 3439 631 3504 καὶ
642 3439 792 3519 τοῖςπερὶ
804 3444 872 3509 τῶν
883 3442 1029 3514 πατρίων
