2340 3916
143 176 183 236 υτ
341 133 343 137 ’
423 159 424 162 ‘
503 140 841 234 41261606‘

144 334 457 425 6066063666666
476 337 530 402 καὶ
548 344 674 421 μισθοῦ
692 334 782 424 αύτῷ
800 365 854 423 μοι
872 339 978 405 τούτω
1001 343 1095 407 δοκεῖ

145 440 255 518 ἔνοχος
267 433 356 500 εἶναι.
468 453 471 457 ’

226 531 353 618 Ἐπειδὴ
372 541 487 600 τοίνυν
504 531 522 600 6
542 534 715 617 Μισγόλας
731 543 771 620 τῇ
788 560 822 602 τε
835 533 965 652 δαπάνῃ
976 534 1094 604 ἀπεῖπε
1113 547 1146 600 53

145 638 196 706 καὶ
214 638 332 698 τούτου
350 634 506 716 ἐξέπεμψε
525 629 605 713 παρ’
619 634 755 714 ἑαυτοῦ,
778 632 859 718 μετᾷ
871 643 991 702 τοῦτον
1009 633 1096 701 ἀνα-

144 735 303 819 λαμβάνει
315 731 418 800 α’ύτδν
425 729 593 818 Ἀντικλῆς
605 740 753 801 Καλλίου
763 733 975 827 Εὐωνυμεύς
997 727 1096 814 οὗτος

144 835 204 916 μὲν
216 825 279 898 οὖν
296 832 430 899 ἀπεστιυ
443 834 478 898 ἐν
489 830 594 920 Σάμω
608 830 688 925 μετά
699 840 767 900 τεᾶν
779 835 985 951 κληρούχων
1010 834 1094 901 ἀλλά

143 929 182 997 τά
194 929 273 1017 μετά
285 939 387 997 ταῦτα
399 934 470 1013 ἐρῶ.
497 929 541 1008 ύς
557 929 621 1015 γάρ
634 929 805 1017 ἀπηλλάγη
820 932 908 1017 τιαρά
919 960 979 1000 του
966 931 1087 1000 Ἀντι

144 1035 260 1109 κλέους
272 1033 394 1096 καὶτοῦ
405 1029 562 1114 ,Μισγόλα
577 1039 736 1117 Τίμαρχος
749 1031 869 1109 οὐτοσὶ,
880 1029 942 1098 ούκ
953 1036 1095 1100 ένουδέ-
1143 1082 1148 1092 .

143 1154 241 1215 τησεν
260 1127 473 1197 ἑαυτὸνόύδὲ
486 1130 665 1214 βελτιόνων
678 1135 854 1215 διατριβῶν
865 1128 989 1216 ἥψατο,
1009 1127 1093 1197 ἀλλά

83 1248 124 1317 ι79
145 1233 337 1312 διημέρευεν
355 1229 448 1315 έντςό
465 1233 602 1313 κυβείῳ,
624 1217 802 1312 οὗητηλία
812 1235 939 1295 τίθεται
950 1230 1003 1295 καὶ
1015 1225 1094 1305 τούς

145 1326 367 1409 ἀλεκτρυόνας
385 1328 612 1412 συμβάλλουσι
628 1328 683 1410 καὶ
701 1317 919 1412 κυβεύουσιν·
941 1324 1005 1410 ἤδη
1028 1323 1093 1410 γάρ

146 1425 237 1511 οἶμαί
255 1431 345 1503 τινας
362 1423 457 1510 ύμιόν
468 1427 649 1507 ἑωρακέναι
666 1423 686 1491 6
703 1429 805 1510 λέγω,
833 1431 862 1492 εἰ
879 1423 914 1490 δὲ
930 1424 991 1510 μη,
1016 1421 1092 1489 ἀλλ’

146 1523 323 1609 ἀκηκοέναι
340 1550 385 1609 γε.
406 1532 473 1592 των
486 1522 548 1590 δε’
532 1551 567 1590 εκ
578 1531 634 1610 τῆς
647 1529 814 1609 διατριβῆς
828 1522 946 1607 ταύτης
963 1524 1033 1590 ἐστί
1047 1546 1096 1598 τις
1113 1539 1146 1587 ιε

146 1623 364 1708 Πιττάλακος,
388 1623 567 1743 66666603
585 1621 785 1747 δημόσιος’
752 1623 878 1704 οικέτης
888 1627 944 1705 της
956 1612 1091 1695 ι’τόλεως.

55 1795 58 1799 ,
147 1726 243 1800 ούτος
261 1720 413 1807 εύττορών
430 1721 592 1807 ἀργυρίου
611 1747 665 1787 και
655 1716 763 1788 ίδεδν
779 1726 898 1786 τοῦτον
916 1720 952 1784 έν
969 1741 1006 1804 τη
996 1721 1094 1783 δια-

146 1827 241 1905 τριβῇ
259 1820 363 1907 ταύτῃ
379 1818 540 1904 ἀνέλαβεν
558 1817 661 1886 αὐτόν
673 1820 727 1890 καὶ
740 1814 893 1902 ειχεπαρ’
907 1818 1020 1902 εαντςό.
1039 1818 1094 1882 και

145 1918 238 1986 ταῦτ’
253 1917 313 1986 ούκ
326 1923 556 2005 ἐδυσχέραινεν
568 1916 584 1986 ὁ
596 1917 712 2005 μιαρός
723 1916 851 2002 οὑτοσί,
874 1885 1003 2003 μέλλων
1015 1919 1094 1983 ἑαυ-

139 2016 204 2085 ’τόυ
223 2019 454 2102 καταισχύνειν
471 2014 553 2101 τρδς
575 2016 760 2104 ἀνθρωττον
781 2017 1093 2104 δημόσιονοίκέτην

145 2127 203 2203 τῆς
219 2118 360 2195 πόλεως·
384 2114 458 2185 ἀλλ’
477 2124 507 2184 εί
519 2118 658 2202 λη’ψεται
675 2114 819 2202 χορηγόν
831 2123 869 2204 τῇ
881 2121 1039 2204 βδελυρίᾳ
1051 2123 1093 2199 τῇ

116 2220 120 2226 ’
146 2217 282 2299 ἑαυτοῦ,
303 2223 400 2283 τοῦτο
419 2216 524 2301 μόνον
541 2219 716 2301 ἐσκέψατο,
739 2224 807 2284 τῶν
825 2210 1012 2300 δέκαλῶνῆ
1024 2221 1092 2280 τῶν

147 2319 289 2398 αἰσχρῶν
313 2312 469 2398 οὐδεμίαν
490 2314 620 2403 πώηοτε
643 2316 805 2400 πρόνοιαν
824 2315 1009 2400 ἐποιήσατο.
1040 2313 1094 2377 καὶ
1113 2328 1146 2378 55

146 2419 280 2478 τοιαῦτα
298 2408 512 2498 ἁμαρτήματα
529 2415 584 2480 καὶ
600 2414 754 2493 τοιαύτας
765 2412 877 2500 ὕβρεις
889 2411 952 2498 ἐγώ
964 2410 1095 2497 ἀκήκοα.

146 2512 315 2594 γεγονέναι
332 2508 396 2578 ὑπό
414 2519 474 2578 τοῦ
490 2509 675 2631 ἀνθρύτου
687 2513 808 2580 τούτου
820 2509 910 2589 εἰς
877 2538 913 2579 το
926 2519 1020 2597 σῶμα
1031 2518 1100 2576 τοῦ·

149 2609 383 2694 Τιμάρχον,’
357 2613 426 2688 οιάς
438 2607 553 2693 ἐγώ
513 2638 556 2696 μα
570 2611 628 2678 τόν
639 2616 705 2678 Δία
717 2609 775 2678 τόν
784 2608 962 2695 Ὀλύμττιον
974 2606 1035 2677 ούκ
1048 2605 1092 2675 ἀν

146 2707 340 2792 τολμήσαιμι
351 2705 433 2788 αρδς
444 2705 528 2793 ὑμᾶς
540 2706 695 2776 6666·u
650 2737 695 2775 ἀ
706 2709 769 2794 γάρ
781 2701 877 2789 οὗτος
889 2716 974 2832 ἔργω
985 2711 1092 2829 πρύτ-

146 2828 212 2868 των
232 2803 293 2869 οὐκ
316 2802 491 2920 ᾐσχύνετο,
512 2805 606 2874 ταῦτ’
621 2806 691 2894 ε’γώ
711 2809 797 2897 λόγῳ
816 2815 930 2892 σαφῶς
951 2810 987 2874 έν
992 2806 1091 2893 ύμῖν

30 2975 33 2981 ,
93 2913 126 2966 80
146 2895 361 2996 είκώνούκ
340 2927 382 2966 αν
400 2902 681 2988 έδεξάμηνζῆν.
664 2929 729 2973 υττο
718 2903 778 2971 δε
789 2931 866 2982 τους
877 2931 999 2984 αυτούς
1010 2933 1091 2990 χρυ
1138 2935 1148 2949 ·

147 3021 224 3073 νους
247 2996 399 3085 τούτους,
422 3002 459 3064 έν
476 2993 585 3080 οἷς
544 3027 639 3080 ουτος
656 2995 699 3089 ἦν
715 3001 804 3101 παρά
823 3011 867 3091 τῷ
885 3003 1090 3092 Πιτταλάκω,

144 3104 302 3163 καταπλεῖ
316 3102 414 3182 δεῦρο
433 3101 464 3178 έξ
478 3096 719 3185 Ελλησιιόντου
730 3069 990 3186 Ηγησάυδρος
975 3129 992 3168 ο
1010 3107 1091 3167 τού-

145 3220 203 3259 τον
224 3191 423 3320 ἀνειληφώς,
445 3199 519 3283 περι
538 3224 579 3264 ου
569 3191 697 3266 κάλαι
713 3204 751 3265 ευ
740 3191 864 3266 οιδ’”
844 3198 1091 3284 υτιθαυμάζετε

146 3292 279 3359 διότι’
240 3320 280 3360 ου
292 3297 472 3381 μέμνημαι
495 3297 601 3377 οὕτως
612 3300 773 3383 έναργές’
757 3286 845 3367 εστιν
863 3295 882 3365 6
898 3303 970 3380 ἐρῶ.
995 3290 1093 3376 οὗτος
1110 3323 1144 3376 56

144 3390 161 3458 6
180 3389 446 3477 Ἡγήσανδρος
427 3413 629 3476 αφικνεῑται
655 3395 695 3464 δν
713 3395 805 3475 ὑμεῖς
823 3407 890 3470 scm
913 3396 1049 3463 κάλλιον
1071 3389 1092 3474 6
