<?xml version="1.0" encoding="UTF-8"?>
<!DOCTYPE html PUBLIC "-//W3C//DTD XHTML 1.0 Transitional//EN"
    "http://www.w3.org/TR/xhtml1/DTD/xhtml1-transitional.dtd">
<html xmlns="http://www.w3.org/1999/xhtml" xml:lang="en" lang="en">
 <head>
  <title>
</title>
<meta http-equiv="Content-Type" content="text/html;charset=utf-8" />
  <meta name='ocr-system' content='tesseract 3.04.00' />
  <meta name='ocr-capabilities' content='ocr_page ocr_carea ocr_par ocr_line ocrx_word'/>
</head>
<body>
  <div class='ocr_page' id='page_1' title='image "./orationescumali00isaegoog/orationescumali00isaegoog_0153.png"; bbox 0 0 2340 3916; ppageno 0'>
   <div class='ocr_carea' id='block_1_1' title="bbox 56 199 1121 279">
    <p class='ocr_par' dir='ltr' id='par_1_1' title="bbox 56 199 1121 279">
     <span class='ocr_line' id='line_1_1' title="bbox 56 199 1121 279; baseline 0.001 -28"><span class='ocrx_word' id='word_1_1' title='bbox 56 235 59 240; x_wconf 83' lang='lat'><em>.</em></span> <span class='ocrx_word' id='word_1_2' title='bbox 164 208 225 273; x_wconf 81' lang='lat'><em>102</em></span> <span class='ocrx_word' id='word_1_3' title='bbox 574 199 702 252; x_wconf 72' lang='grc' dir='ltr'><em>ινιιον</em></span> <span class='ocrx_word' id='word_1_4' title='bbox 874 276 875 279; x_wconf 9' lang='lat'>¹</span> <span class='ocrx_word' id='word_1_5' title='bbox 1018 199 1070 252; x_wconf 66' lang='grc' dir='ltr'><em>οι.</em></span> <span class='ocrx_word' id='word_1_6' title='bbox 1093 201 1121 252; x_wconf 84' lang='lat'><em>8.</em></span> 
     </span>
    </p>
   </div>
   <div class='ocr_carea' id='block_1_2' title="bbox 204 359 1168 1460">
    <p class='ocr_par' dir='ltr' id='par_1_2' title="bbox 204 359 1166 1374">
     <span class='ocr_line' id='line_1_2' title="bbox 205 359 1123 451; baseline 0 -21"><span class='ocrx_word' id='word_1_7' title='bbox 205 364 222 430; x_wconf 83' lang='lat'><em>6</em></span> <span class='ocrx_word' id='word_1_8' title='bbox 252 361 308 451; x_wconf 87' lang='grc' dir='ltr'><em>γάρ</em></span> <span class='ocrx_word' id='word_1_9' title='bbox 330 362 508 446; x_wconf 75' lang='grc' dir='ltr'><em>ἀδελφιδοῦς</em></span> <span class='ocrx_word' id='word_1_10' title='bbox 526 359 696 448; x_wconf 77' lang='grc' dir='ltr'><em>ἠγωνίζετο,</em></span> <span class='ocrx_word' id='word_1_11' title='bbox 716 361 849 449; x_wconf 80' lang='grc' dir='ltr'><em>λε’γαιν”</em></span> <span class='ocrx_word' id='word_1_12' title='bbox 831 390 876 430; x_wconf 89' lang='grc' dir='ltr'><em>οτι</em></span> <span class='ocrx_word' id='word_1_13' title='bbox 895 367 922 429; x_wconf 83' lang='grc' dir='ltr'><em>εἰ</em></span> <span class='ocrx_word' id='word_1_14' title='bbox 946 365 998 428; x_wconf 83' lang='grc' dir='ltr'><em>καί</em></span> <span class='ocrx_word' id='word_1_15' title='bbox 1020 368 1085 448; x_wconf 87' lang='grc' dir='ltr'><em>δῦμ</em></span> <span class='ocrx_word' id='word_1_16' title='bbox 1086 391 1123 430; x_wconf 89' lang='grc' dir='ltr'><em>εν</em></span> 
     </span>
     <span class='ocr_line' id='line_1_3' title="bbox 205 443 1121 558; baseline 0.001 -44"><span class='ocrx_word' id='word_1_17' title='bbox 205 452 268 515; x_wconf 83' lang='grc' dir='ltr'><em>ἐκεί</em></span> <span class='ocrx_word' id='word_1_18' title='bbox 254 456 322 532; x_wconf 91' lang='grc' dir='ltr'><em>ίνην</em></span> <span class='ocrx_word' id='word_1_19' title='bbox 335 455 460 553; x_wconf 77' lang='grc' dir='ltr'><em>γνησίαν</em></span> <span class='ocrx_word' id='word_1_20' title='bbox 473 447 549 512; x_wconf 77' lang='grc' dir='ltr'><em>εἶναι</em></span> <span class='ocrx_word' id='word_1_21' title='bbox 560 449 714 558; x_wconf 77' lang='grc' dir='ltr'><em>θυγατέρα</em></span> <span class='ocrx_word' id='word_1_22' title='bbox 725 454 873 552; x_wconf 78' lang='grc' dir='ltr'><em>Κίμωνος,</em></span> <span class='ocrx_word' id='word_1_23' title='bbox 890 443 992 528; x_wconf 86' lang='grc' dir='ltr'><em>ἐπειδή</em></span> <span class='ocrx_word' id='word_1_24' title='bbox 1006 451 1121 515; x_wconf 87' lang='grc' dir='ltr'><em>ἐτελεύ-</em></span> 
     </span>
     <span class='ocr_line' id='line_1_4' title="bbox 205 527 1122 643; baseline 0.001 -45"><span class='ocrx_word' id='word_1_25' title='bbox 205 556 292 643; x_wconf 84' lang='grc' dir='ltr'><em>τησεγ</em></span> <span class='ocrx_word' id='word_1_26' title='bbox 314 527 460 615; x_wconf 80' lang='grc' dir='ltr'><em>ἐκεινη,</em></span> <span class='ocrx_word' id='word_1_27' title='bbox 444 558 461 596; x_wconf 95' lang='grc' dir='ltr'><em>ο</em></span> <span class='ocrx_word' id='word_1_28' title='bbox 487 529 512 595; x_wconf 92' lang='grc' dir='ltr'><em>δ</em></span> <span class='ocrx_word' id='word_1_29' title='bbox 537 527 601 608; x_wconf 83' lang='grc' dir='ltr'><em>υίὸς</em></span> <span class='ocrx_word' id='word_1_30' title='bbox 616 528 707 614; x_wconf 83' lang='grc' dir='ltr'><em>αῦτής</em></span> <span class='ocrx_word' id='word_1_31' title='bbox 721 529 965 637; x_wconf 76' lang='grc' dir='ltr'><em>ἀμφισβητεῖ</em></span> <span class='ocrx_word' id='word_1_32' title='bbox 926 560 1041 637; x_wconf 65' lang='grc' dir='ltr'><em>νυνζ</em></span> <span class='ocrx_word' id='word_1_33' title='bbox 1017 559 1122 615; x_wconf 87' lang='grc' dir='ltr'><em>προτι-</em></span> 
     </span>
     <span class='ocr_line' id='line_1_5' title="bbox 205 612 1121 722; baseline 0.001 -40"><span class='ocrx_word' id='word_1_34' title='bbox 205 620 309 722; x_wconf 84' lang='grc' dir='ltr'><em>μητέρς</em></span> <span class='ocrx_word' id='word_1_35' title='bbox 337 613 456 683; x_wconf 63' lang='grc' dir='ltr'><em>ἐστίν’</em></span> <span class='ocrx_word' id='word_1_36' title='bbox 443 642 459 682; x_wconf 89' lang='grc' dir='ltr'><em>ο</em></span> <span class='ocrx_word' id='word_1_37' title='bbox 481 642 555 681; x_wconf 92' lang='grc' dir='ltr'><em>κατα</em></span> <span class='ocrx_word' id='word_1_38' title='bbox 583 641 641 679; x_wconf 87' lang='grc' dir='ltr'><em>παι</em></span> <span class='ocrx_word' id='word_1_39' title='bbox 642 618 694 698; x_wconf 87' lang='grc' dir='ltr'><em>ἐρα</em></span> <span class='ocrx_word' id='word_1_40' title='bbox 713 612 890 698; x_wconf 86' lang='grc' dir='ltr'><em>ἀδελφιδοῦς</em></span> <span class='ocrx_word' id='word_1_41' title='bbox 911 623 965 682; x_wconf 89' lang='grc' dir='ltr'><em>τοῦ</em></span> <span class='ocrx_word' id='word_1_42' title='bbox 985 613 1044 682; x_wconf 84' lang='grc' dir='ltr'><em>απδ</em></span> <span class='ocrx_word' id='word_1_43' title='bbox 1060 627 1121 683; x_wconf 91' lang='grc' dir='ltr'><em>θυ-</em></span> 
     </span>
     <span class='ocr_line' id='line_1_6' title="bbox 204 695 1123 806; baseline 0.001 -39"><span class='ocrx_word' id='word_1_44' title='bbox 204 699 309 787; x_wconf 88' lang='grc' dir='ltr'><em>γατρδς</em></span> <span class='ocrx_word' id='word_1_45' title='bbox 330 701 477 804; x_wconf 90' lang='grc' dir='ltr'><em>ἐκγόνου,</em></span> <span class='ocrx_word' id='word_1_46' title='bbox 484 696 559 764; x_wconf 89' lang='grc' dir='ltr'><em>κατδι</em></span> <span class='ocrx_word' id='word_1_47' title='bbox 573 695 624 764; x_wconf 84' lang='grc' dir='ltr'><em>τὸν</em></span> <span class='ocrx_word' id='word_1_48' title='bbox 637 699 730 803; x_wconf 87' lang='grc' dir='ltr'><em>νόμον</em></span> <span class='ocrx_word' id='word_1_49' title='bbox 752 703 880 781; x_wconf 86' lang='grc' dir='ltr'><em>ἐκεινου,</em></span> <span class='ocrx_word' id='word_1_50' title='bbox 895 696 947 806; x_wconf 68' lang='grc' dir='ltr'><em>τήν</em></span> <span class='ocrx_word' id='word_1_51' title='bbox 962 695 1123 768; x_wconf 79' lang='grc' dir='ltr'><em>κελεύοντα</em></span> 
     </span>
     <span class='ocr_line' id='line_1_7' title="bbox 205 778 1122 892; baseline -0.003 -40"><span class='ocrx_word' id='word_1_52' title='bbox 205 792 408 892; x_wconf 77' lang='grc' dir='ltr'><em>προτιμᾶσθαι</em></span> <span class='ocrx_word' id='word_1_53' title='bbox 427 780 496 861; x_wconf 86' lang='grc' dir='ltr'><em>τοῦς</em></span> <span class='ocrx_word' id='word_1_54' title='bbox 516 778 576 848; x_wconf 81' lang='grc' dir='ltr'><em>ἀπό</em></span> <span class='ocrx_word' id='word_1_55' title='bbox 597 789 657 888; x_wconf 79' lang='grc' dir='ltr'><em>τῶγ</em></span> <span class='ocrx_word' id='word_1_56' title='bbox 678 780 868 889; x_wconf 85' lang='grc' dir='ltr'><em>ἀρρέυφν</em></span> <span class='ocrx_word' id='word_1_57' title='bbox 828 812 886 850; x_wconf 85' lang='grc' dir='ltr'><em>των</em></span> <span class='ocrx_word' id='word_1_58' title='bbox 906 779 966 891; x_wconf 77' lang='grc' dir='ltr'><em>ἀμδ</em></span> <span class='ocrx_word' id='word_1_59' title='bbox 981 790 1039 850; x_wconf 77' lang='grc' dir='ltr'><em>τῶν</em></span> <span class='ocrx_word' id='word_1_60' title='bbox 1061 795 1122 868; x_wconf 91' lang='grc' dir='ltr'><em>θη-</em></span> 
     </span>
     <span class='ocr_line' id='line_1_8' title="bbox 205 859 1123 974; baseline -0.002 -38"><span class='ocrx_word' id='word_1_61' title='bbox 205 876 303 937; x_wconf 81' lang='grc' dir='ltr'><em>λειῶν.</em></span> <span class='ocrx_word' id='word_1_62' title='bbox 339 859 425 946; x_wconf 89' lang='grc' dir='ltr'><em>οῦτος</em></span> <span class='ocrx_word' id='word_1_63' title='bbox 447 865 503 954; x_wconf 82' lang='grc' dir='ltr'><em>γάρ</em></span> <span class='ocrx_word' id='word_1_64' title='bbox 523 867 717 973; x_wconf 75' lang='grc' dir='ltr'><em>τεγνικοότατα</em></span> <span class='ocrx_word' id='word_1_65' title='bbox 742 869 822 935; x_wconf 86' lang='grc' dir='ltr'><em>πάνυ</em></span> <span class='ocrx_word' id='word_1_66' title='bbox 842 869 996 974; x_wconf 75' lang='grc' dir='ltr'><em>σιωπήσας</em></span> <span class='ocrx_word' id='word_1_67' title='bbox 1015 875 1123 934; x_wconf 86' lang='grc' dir='ltr'><em>τοῦτον</em></span> 
     </span>
     <span class='ocr_line' id='line_1_9' title="bbox 205 948 1123 1058; baseline -0.003 -37"><span class='ocrx_word' id='word_1_68' title='bbox 205 953 257 1021; x_wconf 82' lang='grc' dir='ltr'><em>τόν</em></span> <span class='ocrx_word' id='word_1_69' title='bbox 273 952 380 1058; x_wconf 72' lang='grc' dir='ltr'><em>νήμου,</em></span> <span class='ocrx_word' id='word_1_70' title='bbox 399 954 489 1017; x_wconf 91' lang='grc' dir='ltr'><em>ἐκ</em></span> <span class='ocrx_word' id='word_1_71' title='bbox 453 980 504 1036; x_wconf 87' lang='grc' dir='ltr'><em>της</em></span> <span class='ocrx_word' id='word_1_72' title='bbox 526 959 585 1018; x_wconf 78' lang='grc' dir='ltr'><em>τῶν</em></span> <span class='ocrx_word' id='word_1_73' title='bbox 606 950 751 1019; x_wconf 85' lang='grc' dir='ltr'><em>τεκόντων</em></span> <span class='ocrx_word' id='word_1_74' title='bbox 774 958 917 1038; x_wconf 81' lang='grc' dir='ltr'><em>διαφορᾶς</em></span> <span class='ocrx_word' id='word_1_75' title='bbox 938 948 1123 1038; x_wconf 74' lang='grc' dir='ltr'><em>ἀγωνίζεται,</em></span> 
     </span>
     <span class='ocr_line' id='line_1_10' title="bbox 205 1032 1166 1141; baseline 0.001 -39"><span class='ocrx_word' id='word_1_76' title='bbox 205 1033 361 1114; x_wconf 65' lang='grc' dir='ltr'><em>δεικνῦς”</em></span> <span class='ocrx_word' id='word_1_77' title='bbox 345 1063 390 1102; x_wconf 90' lang='grc' dir='ltr'><em>οτι</em></span> <span class='ocrx_word' id='word_1_78' title='bbox 411 1035 481 1102; x_wconf 77' lang='grc' dir='ltr'><em>ὅσον</em></span> <span class='ocrx_word' id='word_1_79' title='bbox 506 1032 641 1122; x_wconf 75' lang='grc' dir='ltr'><em>θυγάτηρ</em></span> <span class='ocrx_word' id='word_1_80' title='bbox 662 1033 793 1141; x_wconf 86' lang='grc' dir='ltr'><em>ἀδελφοῦ</em></span> <span class='ocrx_word' id='word_1_81' title='bbox 813 1038 973 1120; x_wconf 78' lang='grc' dir='ltr'><em>οἰκειοτέρα</em></span> <span class='ocrx_word' id='word_1_82' title='bbox 993 1047 1055 1115; x_wconf 82' lang='grc' dir='ltr'><em>τοῖς</em></span> <span class='ocrx_word' id='word_1_83' title='bbox 1074 1064 1122 1102; x_wconf 79' lang='grc' dir='ltr'><em>τε·</em></span> <span class='ocrx_word' id='word_1_84' title='bbox 1154 1088 1166 1103; x_wconf 81' lang='lat'><em>.</em></span> 
     </span>
     <span class='ocr_line' id='line_1_11' title="bbox 205 1117 1124 1227; baseline -0.001 -41"><span class='ocrx_word' id='word_1_85' title='bbox 205 1127 342 1227; x_wconf 86' lang='grc' dir='ltr'><em>λευτῶσι,</em></span> <span class='ocrx_word' id='word_1_86' title='bbox 366 1126 504 1186; x_wconf 88' lang='grc' dir='ltr'><em>τοσοῦτον</em></span> <span class='ocrx_word' id='word_1_87' title='bbox 522 1122 642 1205; x_wconf 74' lang='grc' dir='ltr'><em>ἔκγονος</em></span> <span class='ocrx_word' id='word_1_88' title='bbox 657 1117 817 1226; x_wconf 87' lang='grc' dir='ltr'><em>ἀδελφιδοῦ</em></span> <span class='ocrx_word' id='word_1_89' title='bbox 832 1123 973 1227; x_wconf 77' lang='grc' dir='ltr'><em>διαφέρει.</em></span> <span class='ocrx_word' id='word_1_90' title='bbox 997 1125 1124 1225; x_wconf 80' lang='grc' dir='ltr'><em>ἐρρωτριι</em></span> 
     </span>
     <span class='ocr_line' id='line_1_12' title="bbox 205 1196 1124 1308; baseline -0.005 -36"><span class='ocrx_word' id='word_1_91' title='bbox 205 1196 260 1272; x_wconf 85' lang='grc' dir='ltr'><em>νῦν</em></span> <span class='ocrx_word' id='word_1_92' title='bbox 288 1207 419 1270; x_wconf 89' lang='grc' dir='ltr'><em>ἐνταῦθα</em></span> <span class='ocrx_word' id='word_1_93' title='bbox 438 1233 479 1293; x_wconf 81' lang='grc' dir='ltr'><em>ιφ</em></span> <span class='ocrx_word' id='word_1_94' title='bbox 467 1208 605 1294; x_wconf 79' lang='grc' dir='ltr'><em>δικαίῳ</em></span> <span class='ocrx_word' id='word_1_95' title='bbox 627 1207 677 1270; x_wconf 83' lang='grc' dir='ltr'><em>καί</em></span> <span class='ocrx_word' id='word_1_96' title='bbox 703 1202 828 1270; x_wconf 86' lang='grc' dir='ltr'><em>ἀσθενεῖ</em></span> <span class='ocrx_word' id='word_1_97' title='bbox 833 1214 892 1308; x_wconf 79' lang='grc' dir='ltr'><em>τῷ</em></span> <span class='ocrx_word' id='word_1_98' title='bbox 913 1209 1043 1294; x_wconf 76' lang='grc' dir='ltr'><em>νομίμῳ</em></span> <span class='ocrx_word' id='word_1_99' title='bbox 1066 1203 1124 1288; x_wconf 83' lang='grc' dir='ltr'><em>τήν</em></span> 
     </span>
     <span class='ocr_line' id='line_1_13' title="bbox 205 1271 1124 1395; baseline -0.001 -41"><span class='ocrx_word' id='word_1_100' title='bbox 205 1293 239 1357; x_wconf 83' lang='grc' dir='ltr'><em>δέ</em></span> <span class='ocrx_word' id='word_1_101' title='bbox 261 1291 409 1395; x_wconf 74' lang='grc' dir='ltr'><em>ἐργασίαν</em></span> <span class='ocrx_word' id='word_1_102' title='bbox 426 1296 486 1355; x_wconf 80' lang='grc' dir='ltr'><em>τῶν</em></span> <span class='ocrx_word' id='word_1_103' title='bbox 514 1271 681 1391; x_wconf 81' lang='grc' dir='ltr'><em>κεφάλαίοτν</em></span> <span class='ocrx_word' id='word_1_104' title='bbox 709 1284 784 1354; x_wconf 81' lang='grc' dir='ltr'><em>κατά</em></span> <span class='ocrx_word' id='word_1_105' title='bbox 810 1284 864 1370; x_wconf 90' lang='grc' dir='ltr'><em>τήν</em></span> <span class='ocrx_word' id='word_1_106' title='bbox 870 1271 1016 1354; x_wconf 88' lang='grc' dir='ltr'><em>οίκείαν</em></span> <span class='ocrx_word' id='word_1_107' title='bbox 1029 1289 1124 1354; x_wconf 88' lang='grc' dir='ltr'><em>πάλιν</em></span> 
     </span>
    </p>

    <p class='ocr_par' dir='ltr' id='par_1_3' title="bbox 206 1371 1168 1460">
     <span class='ocr_line' id='line_1_14' title="bbox 206 1371 1168 1460; baseline 0.001 -22"><span class='ocrx_word' id='word_1_108' title='bbox 206 1371 355 1460; x_wconf 83' lang='grc' dir='ltr'><em>ἐργάζεται</em></span> <span class='ocrx_word' id='word_1_109' title='bbox 371 1374 508 1457; x_wconf 88' lang='grc' dir='ltr'><em>δύναμιν.</em></span> <span class='ocrx_word' id='word_1_110' title='bbox 1163 1384 1168 1395; x_wconf 88' lang='grc'><strong>“</strong></span> 
     </span>
    </p>
   </div>
   <div class='ocr_carea' id='block_1_3' title="bbox 163 1473 1125 1977">
    <p class='ocr_par' dir='ltr' id='par_1_4' title="bbox 163 1473 1125 1977">
     <span class='ocr_line' id='line_1_15' title="bbox 236 1473 1124 1573; baseline -0.006 -16.977"><span class='ocrx_word' id='word_1_111' title='bbox 236 1479 309 1556; x_wconf 83' lang='grc' dir='ltr'><em>Ἐπὶ</em></span> <span class='ocrx_word' id='word_1_112' title='bbox 327 1499 396 1565; x_wconf 86' lang='grc' dir='ltr'><em>τοῖς</em></span> <span class='ocrx_word' id='word_1_113' title='bbox 407 1481 583 1572; x_wconf 76' lang='grc' dir='ltr'><em>τοιούτοις,</em></span> <span class='ocrx_word' id='word_1_114' title='bbox 602 1512 628 1552; x_wconf 81' lang='grc' dir='ltr'><em>οι</em></span> <span class='ocrx_word' id='word_1_115' title='bbox 616 1473 814 1573; x_wconf 79' lang='grc' dir='ltr'><em>ἀνδρες,’</em></span> <span class='ocrx_word' id='word_1_116' title='bbox 795 1481 922 1571; x_wconf 90' lang='grc' dir='ltr'><em>ανάγκη</em></span> <span class='ocrx_word' id='word_1_117' title='bbox 941 1484 1009 1553; x_wconf 80' lang='grc' dir='ltr'><em>ἐστί</em></span> <span class='ocrx_word' id='word_1_118' title='bbox 1027 1491 1124 1571; x_wconf 85' lang='grc' dir='ltr'><em>χαλε·</em></span> 
     </span>
     <span class='ocr_line' id='line_1_16' title="bbox 164 1578 1124 1708; baseline -0.003 -54"><span class='ocrx_word' id='word_1_119' title='bbox 164 1587 235 1665; x_wconf 76' lang='grc' dir='ltr'><em>ποῦς</em></span> <span class='ocrx_word' id='word_1_120' title='bbox 253 1586 387 1676; x_wconf 86' lang='grc' dir='ltr'><em>φέρειν,</em></span> <span class='ocrx_word' id='word_1_121' title='bbox 405 1581 486 1654; x_wconf 83' lang='grc' dir='ltr'><em>όταν</em></span> <span class='ocrx_word' id='word_1_122' title='bbox 502 1584 589 1664; x_wconf 73' lang='grc' dir='ltr'><em>τινὲς</em></span> <span class='ocrx_word' id='word_1_123' title='bbox 606 1581 651 1705; x_wconf 81' lang='grc' dir='ltr'><em>μή</em></span> <span class='ocrx_word' id='word_1_124' title='bbox 668 1582 849 1672; x_wconf 74' lang='grc' dir='ltr'><em>μόνοντῶν</em></span> <span class='ocrx_word' id='word_1_125' title='bbox 860 1580 1045 1708; x_wconf 83' lang='grc' dir='ltr'><em>ἀλλοτρίων</em></span> <span class='ocrx_word' id='word_1_126' title='bbox 1062 1578 1124 1672; x_wconf 86' lang='grc' dir='ltr'><em>ἀμ-</em></span> 
     </span>
     <span class='ocr_line' id='line_1_17' title="bbox 165 1679 1124 1774; baseline 0 -21"><span class='ocrx_word' id='word_1_127' title='bbox 165 1691 341 1774; x_wconf 81' lang='grc' dir='ltr'><em>φισβητείν</em></span> <span class='ocrx_word' id='word_1_128' title='bbox 362 1687 543 1773; x_wconf 72' lang='grc' dir='ltr'><em>τολμῶσιν,</em></span> <span class='ocrx_word' id='word_1_129' title='bbox 568 1680 653 1752; x_wconf 86' lang='grc' dir='ltr'><em>ἀλλά</em></span> <span class='ocrx_word' id='word_1_130' title='bbox 670 1686 725 1753; x_wconf 81' lang='grc' dir='ltr'><em>καὶ</em></span> <span class='ocrx_word' id='word_1_131' title='bbox 747 1713 787 1754; x_wconf 87' lang='grc' dir='ltr'><em>τα</em></span> <span class='ocrx_word' id='word_1_132' title='bbox 776 1679 905 1754; x_wconf 71' lang='grc' dir='ltr'><em>“””ἐκ</em></span> <span class='ocrx_word' id='word_1_133' title='bbox 856 1712 925 1754; x_wconf 86' lang='grc' dir='ltr'><em>των</em></span> <span class='ocrx_word' id='word_1_134' title='bbox 942 1681 1055 1773; x_wconf 82' lang='grc' dir='ltr'><em>νόμιον</em></span> <span class='ocrx_word' id='word_1_135' title='bbox 1073 1689 1124 1753; x_wconf 89' lang='grc' dir='ltr'><em>δί·</em></span> 
     </span>
     <span class='ocr_line' id='line_1_18' title="bbox 163 1779 1124 1876; baseline -0.001 -22"><span class='ocrx_word' id='word_1_136' title='bbox 163 1813 242 1855; x_wconf 91' lang='grc' dir='ltr'><em>καια</em></span> <span class='ocrx_word' id='word_1_137' title='bbox 258 1800 326 1865; x_wconf 74' lang='grc' dir='ltr'><em>τοῖς</em></span> <span class='ocrx_word' id='word_1_138' title='bbox 345 1785 515 1876; x_wconf 77' lang='grc' dir='ltr'><em>σφετέροις</em></span> <span class='ocrx_word' id='word_1_139' title='bbox 537 1779 647 1854; x_wconf 73' lang='grc' dir='ltr'><em>αῦτοόν</em></span> <span class='ocrx_word' id='word_1_140' title='bbox 665 1783 772 1872; x_wconf 81' lang='grc' dir='ltr'><em>λόγοις</em></span> <span class='ocrx_word' id='word_1_141' title='bbox 790 1780 962 1873; x_wconf 76' lang='grc' dir='ltr'><em>ἀφανίζειν</em></span> <span class='ocrx_word' id='word_1_142' title='bbox 989 1787 1124 1869; x_wconf 78' lang='grc' dir='ltr'><em>ἐλπίζω-</em></span> 
     </span>
     <span class='ocr_line' id='line_1_19' title="bbox 163 1873 1125 1977; baseline -0.001 -23"><span class='ocrx_word' id='word_1_143' title='bbox 163 1905 231 1955; x_wconf 88' lang='grc' dir='ltr'><em>σιν</em></span> <span class='ocrx_word' id='word_1_144' title='bbox 256 1883 338 1977; x_wconf 85' lang='grc' dir='ltr'><em>ὅπερ</em></span> <span class='ocrx_word' id='word_1_145' title='bbox 355 1887 411 1954; x_wconf 80' lang='grc' dir='ltr'><em>καὶ</em></span> <span class='ocrx_word' id='word_1_146' title='bbox 434 1888 499 1954; x_wconf 88' lang='grc' dir='ltr'><em>νῦν</em></span> <span class='ocrx_word' id='word_1_147' title='bbox 517 1873 607 1955; x_wconf 86' lang='grc' dir='ltr'><em>οῦτοι</em></span> <span class='ocrx_word' id='word_1_148' title='bbox 630 1901 738 1955; x_wconf 79' lang='grc' dir='ltr'><em>ποιεῖν</em></span> <span class='ocrx_word' id='word_1_149' title='bbox 756 1888 946 1975; x_wconf 81' lang='grc' dir='ltr'><em>ἐγχειροῦσι</em></span> <span class='ocrx_word' id='word_1_150' title='bbox 981 1886 1044 1954; x_wconf 89' lang='grc' dir='ltr'><em>τοῦ</em></span> <span class='ocrx_word' id='word_1_151' title='bbox 1059 1880 1125 1974; x_wconf 83' lang='grc' dir='ltr'><em>γάρ</em></span> 
     </span>
    </p>
   </div>
   <div class='ocr_carea' id='block_1_4' title="bbox 72 1980 1126 3581">
    <p class='ocr_par' dir='ltr' id='par_1_5' title="bbox 72 1980 1126 3581">
     <span class='ocr_line' id='line_1_20' title="bbox 162 1980 1125 2107; baseline 0.003 -54"><span class='ocrx_word' id='word_1_152' title='bbox 162 1980 330 2107; x_wconf 77' lang='grc' dir='ltr'><em>ἡμετέρου</em></span> <span class='ocrx_word' id='word_1_153' title='bbox 346 1983 483 2054; x_wconf 89' lang='grc' dir='ltr'><em>πάππου</em></span> <span class='ocrx_word' id='word_1_154' title='bbox 500 1993 651 2074; x_wconf 86' lang='grc' dir='ltr'><em>Κίροιυος</em></span> <span class='ocrx_word' id='word_1_155' title='bbox 674 1981 735 2055; x_wconf 88' lang='grc' dir='ltr'><em>οῦκ</em></span> <span class='ocrx_word' id='word_1_156' title='bbox 753 1983 891 2065; x_wconf 85' lang='grc' dir='ltr'><em>άπαιδος</em></span> <span class='ocrx_word' id='word_1_157' title='bbox 907 1981 1125 2073; x_wconf 86' lang='grc' dir='ltr'><em>τελευτήσαν-</em></span> 
     </span>
     <span class='ocr_line' id='line_1_21' title="bbox 162 2079 1126 2206; baseline 0.002 -54"><span class='ocrx_word' id='word_1_158' title='bbox 162 2112 233 2171; x_wconf 88' lang='grc' dir='ltr'><em>τος,</em></span> <span class='ocrx_word' id='word_1_159' title='bbox 257 2080 330 2153; x_wconf 87' lang='grc' dir='ltr'><em>ἀλλ’</em></span> <span class='ocrx_word' id='word_1_160' title='bbox 353 2079 438 2173; x_wconf 86' lang='grc' dir='ltr'><em>ήμάς</em></span> <span class='ocrx_word' id='word_1_161' title='bbox 463 2088 498 2152; x_wconf 88' lang='grc' dir='ltr'><em>ἐκ</em></span> <span class='ocrx_word' id='word_1_162' title='bbox 520 2081 687 2206; x_wconf 80' lang='grc' dir='ltr'><em>θυγατρὸς</em></span> <span class='ocrx_word' id='word_1_163' title='bbox 710 2081 814 2155; x_wconf 79' lang='grc' dir='ltr'><em>αὑτοῦ</em></span> <span class='ocrx_word' id='word_1_164' title='bbox 841 2093 978 2174; x_wconf 86' lang='grc' dir='ltr'><em>γνησίας</em></span> <span class='ocrx_word' id='word_1_165' title='bbox 1000 2090 1126 2166; x_wconf 84' lang='grc' dir='ltr'><em>παῖδας</em></span> 
     </span>
     <span class='ocr_line' id='line_1_22' title="bbox 164 2173 1124 2277; baseline 0.002 -24"><span class='ocrx_word' id='word_1_166' title='bbox 164 2180 254 2276; x_wconf 80' lang='grc' dir='ltr'><em>αῦτρι</em></span> <span class='ocrx_word' id='word_1_167' title='bbox 243 2181 547 2272; x_wconf 82' lang='grc' dir='ltr'><em>καταλελοιπότος,</em></span> <span class='ocrx_word' id='word_1_168' title='bbox 560 2173 655 2254; x_wconf 87' lang='grc' dir='ltr'><em>οῦτοί</em></span> <span class='ocrx_word' id='word_1_169' title='bbox 669 2213 705 2254; x_wconf 91' lang='grc' dir='ltr'><em>τε</em></span> <span class='ocrx_word' id='word_1_170' title='bbox 721 2213 782 2254; x_wconf 89' lang='grc' dir='ltr'><em>του</em></span> <span class='ocrx_word' id='word_1_171' title='bbox 769 2184 922 2277; x_wconf 78' lang='grc' dir='ltr'><em>κλήρου</em></span> <span class='ocrx_word' id='word_1_172' title='bbox 939 2184 1124 2274; x_wconf 84' lang='grc' dir='ltr'><em>λαγχάνου-</em></span> 
     </span>
     <span class='ocr_line' id='line_1_23' title="bbox 163 2278 1126 2408; baseline 0.004 -56"><span class='ocrx_word' id='word_1_173' title='bbox 163 2305 218 2353; x_wconf 87' lang='grc' dir='ltr'><em>σιν</em></span> <span class='ocrx_word' id='word_1_174' title='bbox 236 2278 280 2364; x_wconf 77' lang='grc' dir='ltr'><em>ἀς</em></span> <span class='ocrx_word' id='word_1_175' title='bbox 306 2281 533 2371; x_wconf 84' lang='grc' dir='ltr'><em>ἐγγυτάτωέ</em></span> <span class='ocrx_word' id='word_1_176' title='bbox 493 2312 611 2371; x_wconf 88' lang='grc' dir='ltr'><em>γνους</em></span> <span class='ocrx_word' id='word_1_177' title='bbox 631 2282 740 2408; x_wconf 70' lang='grc' dir='ltr'><em>ὄντες,</em></span> <span class='ocrx_word' id='word_1_178' title='bbox 770 2281 854 2374; x_wconf 87' lang='grc' dir='ltr'><em>ήμῦς</em></span> <span class='ocrx_word' id='word_1_179' title='bbox 876 2314 912 2356; x_wconf 89' lang='grc' dir='ltr'><em>τε</em></span> <span class='ocrx_word' id='word_1_180' title='bbox 929 2281 1126 2377; x_wconf 77' lang='grc' dir='ltr'><em>ὑβρίζουσιν</em></span> 
     </span>
     <span class='ocr_line' id='line_1_24' title="bbox 164 2378 1126 2504; baseline 0.004 -52"><span class='ocrx_word' id='word_1_181' title='bbox 164 2378 207 2464; x_wconf 80' lang='grc' dir='ltr'><em>ῦς</em></span> <span class='ocrx_word' id='word_1_182' title='bbox 231 2380 293 2454; x_wconf 86' lang='grc' dir='ltr'><em>οῦκ</em></span> <span class='ocrx_word' id='word_1_183' title='bbox 312 2387 344 2466; x_wconf 85' lang='grc' dir='ltr'><em>ἐξ</em></span> <span class='ocrx_word' id='word_1_184' title='bbox 364 2387 491 2454; x_wconf 85' lang='grc' dir='ltr'><em>ἐκείνου</em></span> <span class='ocrx_word' id='word_1_185' title='bbox 509 2382 675 2476; x_wconf 82' lang='grc' dir='ltr'><em>θυγατρός</em></span> <span class='ocrx_word' id='word_1_186' title='bbox 697 2381 815 2474; x_wconf 86' lang='grc' dir='ltr'><em>όυτας,</em></span> <span class='ocrx_word' id='word_1_187' title='bbox 840 2382 920 2456; x_wconf 81' lang='lat'>0666</span> <span class='ocrx_word' id='word_1_188' title='bbox 942 2388 1126 2504; x_wconf 76' lang='grc' dir='ltr'><em>γενομένης</em></span> 
     </span>
     <span class='ocr_line' id='line_1_25' title="bbox 129 2479 1126 2607; baseline 0.001 -50"><span class='ocrx_word' id='word_1_189' title='bbox 129 2507 146 2557; x_wconf 84' lang='lat'>2</span> <span class='ocrx_word' id='word_1_190' title='bbox 164 2479 256 2607; x_wconf 74' lang='grc' dir='ltr'><em>αήτρῦ</em></span> <span class='ocrx_word' id='word_1_191' title='bbox 266 2482 397 2554; x_wconf 80' lang='grc' dir='ltr'><em>ποίποτε</em></span> <span class='ocrx_word' id='word_1_192' title='bbox 410 2481 446 2554; x_wconf 85' lang='grc' dir='ltr'><em>τό</em></span> <span class='ocrx_word' id='word_1_193' title='bbox 458 2482 623 2574; x_wconf 88' lang='grc' dir='ltr'><em>παράπαν.</em></span> <span class='ocrx_word' id='word_1_194' title='bbox 641 2495 747 2557; x_wconf 88' lang='grc' dir='ltr'><em>αίτιον</em></span> <span class='ocrx_word' id='word_1_195' title='bbox 763 2487 800 2556; x_wconf 82' lang='lat'><em>66</em></span> <span class='ocrx_word' id='word_1_196' title='bbox 816 2490 877 2556; x_wconf 85' lang='grc' dir='ltr'><em>τοῦ</em></span> <span class='ocrx_word' id='word_1_197' title='bbox 893 2490 997 2558; x_wconf 86' lang='grc' dir='ltr'><em>ταῦτα</em></span> <span class='ocrx_word' id='word_1_198' title='bbox 1014 2503 1126 2558; x_wconf 74' lang='grc' dir='ltr'><em>ποιεῖν</em></span> 
     </span>
     <span class='ocr_line' id='line_1_26' title="bbox 165 2579 1126 2675; baseline 0.004 -22"><span class='ocrx_word' id='word_1_199' title='bbox 165 2580 285 2665; x_wconf 84' lang='grc' dir='ltr'><em>αύτούς</em></span> <span class='ocrx_word' id='word_1_200' title='bbox 304 2579 429 2656; x_wconf 86' lang='grc' dir='ltr'><em>ἐστιν</em></span> <span class='ocrx_word' id='word_1_201' title='bbox 410 2613 431 2671; x_wconf 94' lang='grc' dir='ltr'><em>η</em></span> <span class='ocrx_word' id='word_1_202' title='bbox 449 2582 576 2655; x_wconf 85' lang='grc' dir='ltr'><em>τούτων</em></span> <span class='ocrx_word' id='word_1_203' title='bbox 593 2589 766 2670; x_wconf 80' lang='grc' dir='ltr'><em>πλεονεξία</em></span> <span class='ocrx_word' id='word_1_204' title='bbox 783 2588 838 2655; x_wconf 84' lang='grc' dir='ltr'><em>καὶ</em></span> <span class='ocrx_word' id='word_1_205' title='bbox 856 2584 892 2657; x_wconf 84' lang='grc' dir='ltr'><em>τῦ</em></span> <span class='ocrx_word' id='word_1_206' title='bbox 910 2591 1038 2675; x_wconf 80' lang='grc' dir='ltr'><em>πλῆθος</em></span> <span class='ocrx_word' id='word_1_207' title='bbox 1055 2616 1126 2657; x_wconf 85' lang='grc' dir='ltr'><em>των</em></span> 
     </span>
     <span class='ocr_line' id='line_1_27' title="bbox 162 2674 1124 2776; baseline 0.003 -22"><span class='ocrx_word' id='word_1_208' title='bbox 162 2684 339 2776; x_wconf 85' lang='grc' dir='ltr'><em>χρημάτων</em></span> <span class='ocrx_word' id='word_1_209' title='bbox 373 2674 421 2755; x_wconf 78' lang='grc' dir='ltr'><em>τόν</em></span> <span class='ocrx_word' id='word_1_210' title='bbox 444 2692 559 2776; x_wconf 85' lang='grc' dir='ltr'><em>Κίρων</em></span> <span class='ocrx_word' id='word_1_211' title='bbox 592 2686 653 2775; x_wconf 84' lang='grc' dir='ltr'><em>μέν</em></span> <span class='ocrx_word' id='word_1_212' title='bbox 680 2690 932 2776; x_wconf 83' lang='grc' dir='ltr'><em>καταλέλοιπεν,</em></span> <span class='ocrx_word' id='word_1_213' title='bbox 966 2677 1059 2758; x_wconf 87' lang='grc' dir='ltr'><em>οῦτοι</em></span> <span class='ocrx_word' id='word_1_214' title='bbox 1091 2685 1124 2757; x_wconf 92' lang='grc' dir='ltr'><em>δ’</em></span> 
     </span>
     <span class='ocr_line' id='line_1_28' title="bbox 164 2783 1126 2906; baseline 0.004 -54"><span class='ocrx_word' id='word_1_215' title='bbox 164 2790 275 2872; x_wconf 77' lang='grc' dir='ltr'><em>ἔχουσι</em></span> <span class='ocrx_word' id='word_1_216' title='bbox 298 2783 492 2906; x_wconf 83' lang='grc' dir='ltr'><em>βιασάμενοι</em></span> <span class='ocrx_word' id='word_1_217' title='bbox 515 2786 571 2854; x_wconf 81' lang='grc' dir='ltr'><em>καὶ</em></span> <span class='ocrx_word' id='word_1_218' title='bbox 595 2790 766 2876; x_wconf 81' lang='grc' dir='ltr'><em>κρατοῦσι</em></span> <span class='ocrx_word' id='word_1_219' title='bbox 790 2788 845 2856; x_wconf 78' lang='grc' dir='ltr'><em>καὶ</em></span> <span class='ocrx_word' id='word_1_220' title='bbox 869 2783 1079 2877; x_wconf 76' lang='grc' dir='ltr'><em>τολμοῦσιν“</em></span> <span class='ocrx_word' id='word_1_221' title='bbox 1057 2817 1126 2877; x_wconf 85' lang='grc' dir='ltr'><em>αμα</em></span> 
     </span>
     <span class='ocr_line' id='line_1_29' title="bbox 72 2877 1126 2978; baseline 0.005 -26"><span class='ocrx_word' id='word_1_222' title='bbox 72 2877 77 2893; x_wconf 69' lang='grc'><em>“</em></span> <span class='ocrx_word' id='word_1_223' title='bbox 163 2885 224 2972; x_wconf 79' lang='grc' dir='ltr'><em>μὲν</em></span> <span class='ocrx_word' id='word_1_224' title='bbox 247 2879 404 2972; x_wconf 75' lang='grc' dir='ltr'><em>λέγειν</em></span> <span class='ocrx_word' id='word_1_225' title='bbox 380 2913 425 2964; x_wconf 84' lang='grc' dir='ltr'><em>αις</em></span> <span class='ocrx_word' id='word_1_226' title='bbox 447 2880 550 2954; x_wconf 74' lang='grc' dir='ltr'><em>οῦδὲν</em></span> <span class='ocrx_word' id='word_1_227' title='bbox 572 2889 806 2958; x_wconf 81' lang='grc' dir='ltr'><em>καταλέλοιπεν</em></span> <span class='ocrx_word' id='word_1_228' title='bbox 832 2884 1021 2978; x_wconf 80' lang='grc' dir='ltr'><em>ἐκεῖνος,”</em></span> <span class='ocrx_word' id='word_1_229' title='bbox 999 2917 1068 2977; x_wconf 92' lang='grc' dir='ltr'><em>αμα</em></span> <span class='ocrx_word' id='word_1_230' title='bbox 1087 2889 1126 2957; x_wconf 78' lang='grc' dir='ltr'><em>δέ</em></span> 
     </span>
     <span class='ocr_line' id='line_1_30' title="bbox 128 2983 1125 3111; baseline 0.007 -59"><span class='ocrx_word' id='word_1_231' title='bbox 128 2995 332 3063; x_wconf 81' lang='grc' dir='ltr'><em>3ποιεῖσθαι</em></span> <span class='ocrx_word' id='word_1_232' title='bbox 354 2988 416 3108; x_wconf 67' lang='lat'><em>606</em></span> <span class='ocrx_word' id='word_1_233' title='bbox 439 2983 562 3075; x_wconf 81' lang='grc' dir='ltr'><em>κλήρου</em></span> <span class='ocrx_word' id='word_1_234' title='bbox 588 2983 650 3074; x_wconf 91' lang='grc' dir='ltr'><em>τήν</em></span> <span class='ocrx_word' id='word_1_235' title='bbox 677 2983 932 3076; x_wconf 83' lang='grc' dir='ltr'><em>ἀμφισβήτησιν.</em></span> <span class='ocrx_word' id='word_1_236' title='bbox 978 2984 1040 3111; x_wconf 74' lang='grc' dir='ltr'><em>τήν</em></span> <span class='ocrx_word' id='word_1_237' title='bbox 1061 2989 1125 3078; x_wconf 74' lang='grc' dir='ltr'><em>μὲν</em></span> 
     </span>
     <span class='ocr_line' id='line_1_31' title="bbox 163 3073 1124 3211; baseline 0.008 -59"><span class='ocrx_word' id='word_1_238' title='bbox 163 3073 226 3153; x_wconf 90' lang='grc' dir='ltr'><em>οῦν</em></span> <span class='ocrx_word' id='word_1_239' title='bbox 243 3091 354 3205; x_wconf 76' lang='grc' dir='ltr'><em>κρίσιν</em></span> <span class='ocrx_word' id='word_1_240' title='bbox 371 3080 412 3155; x_wconf 88' lang='lat'><em>06</em></span> <span class='ocrx_word' id='word_1_241' title='bbox 433 3091 486 3155; x_wconf 82' lang='grc' dir='ltr'><em>δεῖ</em></span> <span class='ocrx_word' id='word_1_242' title='bbox 501 3114 555 3174; x_wconf 90' lang='grc' dir='ltr'><em>μοι</em></span> <span class='ocrx_word' id='word_1_243' title='bbox 567 3086 754 3174; x_wconf 77' lang='grc' dir='ltr'><em>νομίζειν</em></span> <span class='ocrx_word' id='word_1_244' title='bbox 724 3114 810 3157; x_wconf 88' lang='grc' dir='ltr'><em>ειναι</em></span> <span class='ocrx_word' id='word_1_245' title='bbox 823 3086 948 3211; x_wconf 81' lang='grc' dir='ltr'><em>τριύτην</em></span> <span class='ocrx_word' id='word_1_246' title='bbox 965 3086 1048 3180; x_wconf 88' lang='grc' dir='ltr'><em>πρῦς</em></span> <span class='ocrx_word' id='word_1_247' title='bbox 1065 3085 1124 3161; x_wconf 83' lang='grc' dir='ltr'><em>τόν</em></span> 
     </span>
     <span class='ocr_line' id='line_1_32' title="bbox 164 3182 1124 3312; baseline 0.005 -59"><span class='ocrx_word' id='word_1_248' title='bbox 164 3181 314 3272; x_wconf 83' lang='grc' dir='ltr'><em>εἰληχότα</em></span> <span class='ocrx_word' id='word_1_249' title='bbox 331 3214 391 3256; x_wconf 88' lang='grc' dir='ltr'><em>του</em></span> <span class='ocrx_word' id='word_1_250' title='bbox 378 3184 537 3274; x_wconf 75' lang='grc' dir='ltr'><em>κλήρου</em></span> <span class='ocrx_word' id='word_1_251' title='bbox 554 3182 618 3274; x_wconf 90' lang='grc' dir='ltr'><em>τήν</em></span> <span class='ocrx_word' id='word_1_252' title='bbox 636 3192 749 3275; x_wconf 87' lang='grc' dir='ltr'><em>δίκην,</em></span> <span class='ocrx_word' id='word_1_253' title='bbox 775 3182 858 3258; x_wconf 83' lang='grc' dir='ltr'><em>ἀλλά</em></span> <span class='ocrx_word' id='word_1_254' title='bbox 876 3184 984 3312; x_wconf 83' lang='grc' dir='ltr'><em>πρός</em></span> <span class='ocrx_word' id='word_1_255' title='bbox 978 3192 1124 3260; x_wconf 81' lang='grc' dir='ltr'><em>Διοκλέα</em></span> 
     </span>
     <span class='ocr_line' id='line_1_33' title="bbox 161 3279 1123 3379; baseline 0.006 -26"><span class='ocrx_word' id='word_1_256' title='bbox 161 3281 219 3354; x_wconf 82' lang='grc' dir='ltr'><em>τόν</em></span> <span class='ocrx_word' id='word_1_257' title='bbox 243 3284 428 3375; x_wconf 88' lang='grc' dir='ltr'><em>Φλυέα,</em></span> <span class='ocrx_word' id='word_1_258' title='bbox 393 3316 453 3357; x_wconf 88' lang='grc' dir='ltr'><em>του</em></span> <span class='ocrx_word' id='word_1_259' title='bbox 467 3282 620 3375; x_wconf 84' lang='grc' dir='ltr'><em>Ὀρέστην</em></span> <span class='ocrx_word' id='word_1_260' title='bbox 644 3286 917 3377; x_wconf 80' lang='grc' dir='ltr'><em>ἐπικαλούμενον</em></span> <span class='ocrx_word' id='word_1_261' title='bbox 941 3279 1038 3371; x_wconf 89' lang='grc' dir='ltr'><em>οῦτος</em></span> <span class='ocrx_word' id='word_1_262' title='bbox 1060 3288 1123 3379; x_wconf 89' lang='grc' dir='ltr'><em>γάρ</em></span> 
     </span>
     <span class='ocr_line' id='line_1_34' title="bbox 163 3381 1122 3512; baseline 0.006 -59"><span class='ocrx_word' id='word_1_263' title='bbox 163 3387 252 3454; x_wconf 83' lang='grc' dir='ltr'><em>ἐστιν</em></span> <span class='ocrx_word' id='word_1_264' title='bbox 275 3381 319 3474; x_wconf 97' lang='grc' dir='ltr'>Ι</span> <span class='ocrx_word' id='word_1_265' title='bbox 303 3414 320 3455; x_wconf 94' lang='grc' dir='ltr'><em>ο</em></span> <span class='ocrx_word' id='word_1_266' title='bbox 338 3389 456 3457; x_wconf 88' lang='grc' dir='ltr'><em>τοῦτον</em></span> <span class='ocrx_word' id='word_1_267' title='bbox 468 3386 720 3508; x_wconf 73' lang='grc' dir='ltr'><em>παρασκευάσας</em></span> <span class='ocrx_word' id='word_1_268' title='bbox 737 3386 910 3510; x_wconf 81' lang='grc' dir='ltr'><em>πράγμαθ’</em></span> <span class='ocrx_word' id='word_1_269' title='bbox 930 3385 1011 3512; x_wconf 80' lang='grc' dir='ltr'><em>ἡμῖν</em></span> <span class='ocrx_word' id='word_1_270' title='bbox 1024 3391 1122 3482; x_wconf 88' lang='grc' dir='ltr'><em>παρέ-</em></span> 
     </span>
     <span class='ocr_line' id='line_1_35' title="bbox 161 3482 1123 3581; baseline 0.01 -29"><span class='ocrx_word' id='word_1_271' title='bbox 161 3511 248 3574; x_wconf 83' lang='grc' dir='ltr'><em>χειν,</em></span> <span class='ocrx_word' id='word_1_272' title='bbox 284 3482 475 3577; x_wconf 74' lang='grc' dir='ltr'><em>ἀποστερῶν</em></span> <span class='ocrx_word' id='word_1_273' title='bbox 509 3483 549 3554; x_wconf 87' lang='grc' dir='ltr'><em>τά</em></span> <span class='ocrx_word' id='word_1_274' title='bbox 582 3485 730 3577; x_wconf 86' lang='grc' dir='ltr'><em>χρήματα</em></span> <span class='ocrx_word' id='word_1_275' title='bbox 764 3482 787 3556; x_wconf 87' lang='lat'><em>6</em></span> <span class='ocrx_word' id='word_1_276' title='bbox 810 3484 964 3581; x_wconf 64' lang='lat' dir='ltr'><em>Ktqonr‘</em></span> <span class='ocrx_word' id='word_1_277' title='bbox 947 3518 965 3560; x_wconf 95' lang='grc' dir='ltr'><em>ο</em></span> <span class='ocrx_word' id='word_1_278' title='bbox 989 3489 1123 3569; x_wconf 77' lang='grc' dir='ltr'><em>πάππος</em></span> 
     </span>
    </p>
   </div>
   <div class='ocr_carea' id='block_1_5' title="bbox 0 0 1174 3916">
    <p class='ocr_par' dir='ltr' id='par_1_6' title="bbox 0 0 1174 3916">
     <span class='ocr_line' id='line_1_36' title="bbox 0 0 1174 3916; baseline 0 0"><span class='ocrx_word' id='word_1_279' title='bbox 0 0 1174 3916; x_wconf 95' lang='lat' dir='ltr'><em> </em></span> 
     </span>
    </p>
   </div>
  </div>
 </body>
</html>
