2340 3916
135 204 196 266 108
300 198 303 205 ’
479 204 737 262 ΑΙΣΧΙΝΟΤ

64 377 116 434 ³19
136 365 242 451 ὄνομα
255 364 480 449 πλασάμενος,
493 359 530 440 δς
541 366 632 447 ἔτυχε
644 359 777 447 παρών,
797 361 999 448 μιμούμενος
1009 363 1090 442 τούς

133 464 264 552 τάληθῆ
274 466 439 548 λέγοντας.
462 465 499 528 ἓν
509 461 544 528 δὲ
556 457 761 545 εὐτυχοῦμεν
771 463 806 526 οί
813 459 917 546 μηδὲν
929 457 1091 528 ἀδικούν-

132 591 202 649 τες,
224 561 276 629 ὅτι
291 559 377 646 πρὸς
387 567 429 647 τῇ
439 565 589 647 τερατείᾳ
600 566 662 625 τού
673 557 801 642 τρόπου
812 559 867 625 καὶ
878 565 918 646 τῇ
929 566 997 625 τῶν
1008 557 1090 624 όυο-

133 661 247 746 μάτων
265 665 424 727 συνθέσει
432 665 518 725 νοῦν
534 652 597 724 οὐκ
613 661 685 741 ἔχει.
710 659 880 735 σκέψασθε
897 655 962 742 γάρ
980 655 1091 741 α’φρο-

133 760 242 845 σύνην
259 757 327 843 ἅμα
345 760 401 826 καὶ
417 754 637 824 ἀπαιδευσίαν
655 753 858 840 ἀνθρώπου,
882 750 917 832 δς
934 763 1090 821 τοιούτου

132 863 253 925 ἔπλασε
270 856 307 923 τό
328 858 402 939 περὶ
420 854 482 942 τὴν
496 853 676 923 Ὀλυνθίαν
700 867 844 939 γυναῖκα
866 857 989 933 ψεῦδος
1012 851 1086 919 κατ’

132 957 230 1040 ε’μού,
253 953 308 1039 ἐφ’
328 947 495 1043 ᾦμεταξύ
511 952 573 1038 μὲν
593 956 699 1037 λέγων
716 948 777 1036 ὑφ’
800 949 896 1037 ὑμῶν
916 953 1087 1037 ἐξερρίφη·

131 1053 192 1121 τόν
200 1052 264 1139 γὰρ
276 1065 431 1121 πλεῖστον
442 1051 651 1138 ἀφεστηκότα
662 1060 730 1119 τω”υ
741 1053 904 1119 τοιούτων
915 1049 998 1136 πρὸς
1009 1049 1089 1130 τούς

133 1150 260 1228 εἰδότας
273 1155 430 1237 διέβαλλε.
454 1153 625 1232 σκέψασθε
637 1148 689 1234 δὲ,
714 1147 757 1228 ὡς
771 1150 951 1235 πόρρωθεν
963 1154 1014 1218 ἐπὶ
1026 1148 1088 1236 τὴν
1105 1165 1157 1221 154

132 1253 240 1315 αἰτίαν
257 1246 381 1333 ταύτην
398 1246 668 1331 παρεσκευάζετο.
693 1252 762 1313 ἔστι
777 1246 842 1331 γάρ
860 1273 908 1325 τις
919 1250 1089 1333 ἐπιδημῶν

133 1346 228 1433 ἡμῶν
245 1351 291 1424 είς
307 1344 369 1432 τὴν
392 1344 490 1413 πόλιν
506 1343 747 1432 Ἀριστοφάνης
766 1341 955 1423 Ὀλύνθιος·
979 1346 1088 1434 τούτῳ

133 1447 311 1522 συσταθεὶς
329 1442 396 1512 ὑπό
407 1470 510 1513 τινων
521 1446 576 1512 καὶ
588 1443 797 1530 πυθόμενος,
811 1441 855 1521 ως
867 1451 970 1512 εἰπεῖν
982 1444 1089 1511 δύνα-

132 1570 201 1629 ται,
228 1539 563 1629 ὑπερεκθεραπεύσας
592 1538 697 1608 αὐτόν
718 1544 772 1609 καὶ
795 1543 1088 1628 προσαγαγόμενος

133 1648 268 1711 ἔπειθεν
279 1645 362 1727 ε’μοῦ
373 1641 413 1708 τά
425 1645 532 1725 ψευδῆ
544 1656 810 1727 καταμαρτυρεῖν
821 1641 904 1725 πρὸς
915 1639 1010 1729 ὑμεῖς,
1022 1638 1088 1709 κάν

132 1739 313 1826 παρελθόν
327 1741 471 1829 ἐθελήση
495 1741 681 1826 σχετλιάσαι
701 1743 756 1808 καὶ
775 1744 899 1827 λέγειν,
921 1737 965 1818 ὡς
984 1747 1089 1821 είςοί-

61 1864 115 1921 320
135 1848 228 1908 κείαν
253 1838 361 1907 αύτού
388 1855 531 1925 γυναῖκα
554 1841 608 1906 καὶ
637 1839 843 1925 αἰχμάλωτον
864 1844 1090 1929 γεγενημένην

131 1937 365 2027 πεπαρῴνηκα,
378 1944 595 2016 πεντακοσίας
603 1938 664 2023 μὲν
674 1937 737 2025 ἤδη
747 1938 892 2023 δραχμάς
900 1935 1088 2024 ὑπισχνεῖτο

132 2034 224 2126 αὐτῷ
241 2036 379 2122 δύσειν,
403 2045 620 2116 πεντακοσίας
638 2036 669 2104 δ’
690 2039 816 2124 ἑτέρας,
839 2037 974 2107 ἐπειδάν
985 2067 1088 2108 κατα-

132 2135 334 2222 μαρτυρήσῃ.
359 2133 376 2201 ὁ
390 2132 420 2200 δ’
435 2133 525 2225 αὐτῷ
536 2133 751 2220 ἀπεκρίνατο,
765 2133 809 2214 άς
821 2133 921 2214 αὐτδς
933 2140 1086 2223 διηγεῖτο,
1107 2158 1158 2213 155

132 2232 184 2301 ότι
195 2240 253 2318 τῆς
270 2232 331 2317 μέν
350 2241 459 2319 φυγῆς
470 2237 524 2300 καί
535 2240 593 2318 τῆς
605 2233 777 2319 παρούσης
790 2231 930 2317 ἀπορίας
941 2232 1033 2323 αὐτῷ
1045 2234 1086 2302 οὐ

133 2340 257 2416 κακῶς,
271 2328 344 2398 ἀλλ’
359 2329 402 2410 ὡς
415 2326 486 2399 οἷόν
497 2357 531 2398 τε
542 2330 661 2419 άριστα
671 2332 876 2418 στοχάζοιτο,
888 2339 951 2399 τού
962 2332 998 2401 δὲ
1008 2333 1089 2417 τρό-

133 2454 199 2496 πον
212 2436 365 2497 πλείστου
377 2439 426 2516 εἴη
438 2431 681 2517 διημαρτηκός·
695 2430 865 2518 οὐδὲνγὰρ
880 2426 923 2497 άυ
934 2440 1089 2499 τοιοῦτον

132 2534 261 2612 πρᾶξαι.
282 2529 333 2598 ότι
351 2532 386 2600 δὲ
404 2529 513 2618 ἀληθῆ
526 2535 622 2618 λέγω,
635 2529 739 2598 αύτδυ
747 2529 991 2617 Ἀριστοφάνην
1002 2557 1090 2617 μαρ-

132 2639 300 2716 τυροῦυτα
326 2634 514 2717 παρέξομαι.
548 2631 642 2700 κάλει
671 2658 728 2718 μοι
753 2629 995 2716 Ἀριστοφάνην
1027 2630 1089 2696 τὸν

128 2727 320 2814 Ὀλύνθιον,
336 2731 390 2796 καὶ
399 2727 461 2816 τὴν
472 2736 657 2816 μαρτυρίαν
674 2729 920 2817 ἀναγίγνωσκε,
944 2730 998 2797 καὶ
1010 2727 1089 2807 τούς

132 2823 317 2910 ἀκηκοότας
328 2824 435 2893 αὐτού
446 2829 501 2895 καὶ
513 2825 596 2910 πρὸς
608 2827 662 2914 ἐμὲ
674 2825 898 2913 ἀγγείλαντας,
911 2825 1088 2909 Δερκύλον

131 2919 341 3002 Αὐτοκλέους
365 2922 565 3010 Ἀγυούσιον
594 2929 649 2994 καὶ
668 2923 870 3012 Ἀριστείδην
891 2923 1088 3012 Εὐφιλήτου

130 3021 294 3104 Κηφισιᾶ.

475 3128 737 3189 MAPTYPIAI.

218 3223 295 3285 Τῶν
305 3218 367 3303 μὲν
376 3217 554 3303 μαρτύρων
565 3220 796 3303 διομνυμένων
808 3218 862 3284 καὶ
870 3213 1085 3302 μαρτυρούν-
1106 3232 1157 3288 156

130 3341 197 3383 των
210 3313 364 3384 ἀκούετε·
384 3314 442 3397 τάς
456 3321 476 3384 δ
481 3315 488 3340 '
501 3315 657 3395 ἀνοσίους
668 3315 790 3394 ταύτας
800 3318 924 3401 τέχνας,
936 3310 975 3391 δς
989 3305 1088 3390 οὗτος

60 3432 112 3492 321
130 3413 214 3499 πρδς
230 3414 310 3492 τούς
328 3422 424 3495 νέους
441 3419 671 3502 ἐπαγγέλλεται
682 3416 737 3483 καὶ
754 3417 907 3500 κέχρηται
926 3411 1001 3479 νυνὶ
1013 3416 1086 3477 κατ’
