2340 3916
73 205 103 256 p.
123 186 169 241 ιι.
290 186 380 238 nm
397 186 473 238 του
491 184 653 241 κοντοὶ
669 188 834 240 mmor.
980 195 1043 257 107

74 367 200 447 λησεν,
220 364 310 427 ἰσασι
330 357 367 428 δὲ
383 360 649 449 περιφανέστατα
666 362 787 430 καὶ
738 388 807 432 των
825 365 941 457 έκείνφ
958 391 1041 452 χρω·

73 461 193 551 μένων
209 453 368 547 τινίς,“
325 486 384 539 ους
400 458 634 553 παρέξομαι’
590 489 765 552 μάρτυρας.
802 469 873 532 Καί
885 491 941 552 μοι
957 464 1040 552 λαβέ

75 556 135 640 τάς
153 565 339 651 μαρτυρίας
357 561 412 629 καί
430 556 611 648 άνάγνυθι.

454 726 664 779 ΜΑΡΤΤΡΙΑΙ.

155 859 211 935 Ου
233 870 349 936 τοίνυν
373 867 409 934 ἐκ
432 861 560 935 τούτων
583 865 685 954 δῆλόν
710 868 777 936 ἐστι
799 864 903 955 μόνον
925 863 977 937 ὅτι
1000 858 1042 955 ἦν
1061 888 1093 940 18

74 960 175 1088 ἡμοὶγ
200 959 220 1053 ἡ
242 962 349 1088 μάτηρ
370 964 523 1057 θυγάτηρ
545 974 666 1055 γνησία
687 974 871 1138 Ῑίίρωγος,ί
880 963 963 1038 ἄλλά
985 971 1041 1038 καί

74 1055 166 1149 ἐξ
135 1094 189 1136 ων
210 1060 229 1136 ὃ
252 1092 359 1154 πατηρ
381 1061 477 1155 ἡμῶν
500 1069 619 1156 ἔπραξε
642 1069 698 1137 καί
716 1056 795 1151 έξ
767 1095 816 1138 ιον
833 1073 871 1138 αἰ
884 1085 1041 1158 γυναῖκες

71 1171 115 1236 αἰ
130 1170 202 1288 τρῖυ
220 1170 371 1255 δημοτων
397 1169 473 1256 περὶ
497 1163 600 1255 αὐτῆς
618 1166 890 1256 έγίγνωσκον.”
871 1197 926 1239 οτε
942 1199 1005 1261 γαρ
1022 1198 1040 1240 ο

71 1264 189 1358 πατὴρ
206 1261 312 1354 αὐτὴν
329 1265 571 1356 έλάμβαυε,’
527 1297 654 1358 γαμους
673 1273 815 1339 εἱστίασε
832 1272 888 1340 καί
907 1269 1041 1341 ἐκάλεσε

70 1385 168 1459 τρεῖς
198 1362 304 1438 αὑτοῦ
324 1376 443 1457 φίλους
472 1367 553 1457 μετά
569 1372 637 1440 τοῖν
665 1364 770 1439 αὑτοῦ
791 1369 1039 1462 προσφάγιον,

71 1483 146 1550 τοῖς
164 1494 202 1538 τε
218 1465 378 1560 φράτορσι
395 1477 560 1558 γαμηλίαν
578 1467 747 1558 εἰσήνεγκε
765 1469 847 1542 κατά
863 1469 940 1552 τούς
960 1476 1040 1542 έκεί·

69 1598 149 1642 νων
172 1566 303 1658 νόμους.
344 1575 437 1639 αἵτε
458 1585 624 1693 γυναῖκες
640 1575 677 1641 αί
697 1575 765 1642 τῶν
789 1576 942 1661 θημοτων
958 1600 1042 1661 μετα
1060 1593 1092 1647 19

69 1673 186 1741 ταῦτα
201 1665 407 1761 κροάκριναν
424 1698 530 1759 αυτην
546 1667 627 1760 μετά
644 1700 703 1760 της
725 1674 907 1753 Διοκλέους
924 1701 1039 1760 γυναι-

68 1769 133 1853 κὸς
157 1798 219 1841 τον
206 1767 428 1852 ΗΠιτθίως
406 1798 520 1862 αρχειν
543 1769 644 1852 εἰς
608 1801 648 1842 τα
666 1768 878 1863 Θεσμοφόρια
895 1775 950 1842 καί
967 1798 1039 1843 ποι-

67 1889 129 1943 εῖν
152 1868 196 1941 τά
217 1869 411 1961 νομιζόμενα
433 1899 493 1961 μετ
495 1866 600 1942 ’ἐκεί
584 1901 666 1960 ι.νης
708 1869 786 1943 ὅτε
808 1871 915 1964 πατὴρ
932 1868 1038 1962 ἡμῶν,

68 1969 195 2060 ἐπειδὴ
220 1969 474 2096 ἐγενόμεθαμί
443 1999 490 2053 ς
512 2001 590 2053 τους
609 1969 775 2065 φράτορας
798 1968 883 2063 ἡμας
908 1972 1040 2061 εἰσήγα-

65 2101 154 2164 γεν,
176 2067 297 2162 ὀμόσας
314 2069 397 2146 κατά
414 2101 493 2154 τους
508 2071 633 2162 νόμους
650 2102 728 2156 τους
744 2063 958 2163 κειμένους
935 2102 956 2162 η
973 2102 1040 2163 μην

67 2179 108 2260 ἐξ
133 2170 237 2262 άστῆς
260 2176 315 2244 καὶ
338 2176 499 2263 ἐγγυητῆς
521 2204 688 2298 γυναικφς
702 2172 862 2263 εἰσάγειν·
884 2178 953 2245 τοῖν
977 2170 1037 2270 δε(

65 2272 283 2401 φρατόρων
274 2271 419 2356 ουθείς’
400 2290 555 2346 αντεῖτιεν
572 2270 649 2345 ουδ’
667 2272 898 2398 ἠμφισβήτησε
914 2272 960 2363 μὴ
977 2304 1040 2345 ουκ

65 2375 193 2464 ἀληθῆ
218 2379 300 2446 ταῦτ
302 2371 440 2464 ἐἰναι,
469 2372 642 2447 nomast
623 2404 731 2499 οντφν
753 2378 809 2446 καί
831 2372 977 2466 άκριβως
1000 2373 1040 2446 τά

65 2479 215 2548 τοιαῦτα
237 2479 481 2599 σκοπουμίγων.
522 2483 629 2550 καίτοι
652 2505 697 2565 μη
714 2472 824 2546 οἴεσθ’
849 2473 945 2563 άν,ε
929 2483 1039 2546 εἰτοι·
1057 2498 1092 2550 20

66 2576 165 2663 αὕτη
187 2605 236 2657 τις
259 2567 302 2665 ἦν
325 2571 346 2663 ἡ
370 2575 475 2667 μήτηρ
499 2605 594 2699 ημων
620 2582 695 2647 οίαν
716 2567 813 2646 ουτοί
832 2596 932 2664 φασι,
961 2572 1154 2664 μήτ’.

66 2675 120 2750 ἂν
142 2673 203 2746 τόν
223 2672 388 2767 πατέραρ
369 2679 464 2800 ημῶν
490 2675 616 2799 γάμους
646 2679 758 2769 εστιηῖν
784 2678 840 2745 καί
873 2685 1040 2765 γαμηλίαν

68 2786 300 2866 εἰσενεγκεῖν,
318 2773 401 2847 ἄλλα
418 2772 677 2868 ἀποκρύψασθαι
694 2806 798 2848 ταυτα
815 2775 939 2863 πάντα,
958 2776 1039 2866 μήτε

68 2876 136 2959 τὰς
160 2881 227 2948 τοῖν
243 2875 354 2948 ἄλλων
378 2881 529 2966 δημοττὸυ
551 2895 712 2966 γυναῖκας
734 2882 902 2969 αἰρεῖσθαι
920 2871 962 2948 άν
980 2874 1039 2948 αὖ·

68 2977 140 3067 τὴν
159 2995 401 3070 συνιεροποιεῖν
418 2981 461 3068 τῇ
477 2982 658 3059 Διοκλέους
680 2980 816 3068 γυναικὶ
840 2980 895 3048 καί
918 2987 1039 3068 κυρίαν

72 3094 188 3151 ποιεῖν
206 3083 322 3170 ἰεροίν,
340 3075 413 3148 ἀλλ’
434 3082 528 3170 ἑτέρᾳ
545 3077 588 3151 άν
605 3109 670 3151 τινι
687 3077 902 3171 περὶτούτων
915 3082 1040 3169 έπιτρέ·

74 3207 173 3268 πειν,
201 3177 282 3270 μήτε
304 3177 382 3260 τούς
410 3178 577 3270 φράτορας
602 3182 810 3270 εἰσδέχεσθαι
831 3173 932 3269 ἡμᾶς,
956 3177 1040 3250 άλλᾶ

77 3297 276 3370 κατηγορεῖν
304 3282 359 3350 καί
383 3281 578 3369 ἐξελέγχειν,
603 3287 633 3350 εἰ
654 3278 699 3370 μὴ
717 3279 885 3351 πάντοθεν
902 3271 946 3367 ἦν
962 3274 1039 3368 ὁμο·

79 3380 284 3471 λογούμενον
310 3378 372 3470 τὴν
394 3382 517 3470 μητέρα
540 3377 634 3471 ἡμῶν
659 3381 745 3452 εἰναι
767 3383 938 3472 θυγατέρα
960 3408 1039 3470 γνη-

79 3490 157 3554 σίαν
174 3490 334 3574 Κίροινος.
365 3484 430 3551 νῦν
449 3482 486 3550 δὲ
504 3485 547 3572 τῇ
557 3487 755 3575 περιφανείη
772 3484 833 3551 τοῦ
849 3478 1040 3573 πράγματος
1131 3514 1135 3519 ·
