2340 3916
378 207 475 258 ΚΑΤΑ
493 205 790 260 ΔΗΜΟΣΘΕΝΟΤΣ.
1024 205 1065 269 21

102 366 212 457 ὥσπερ
239 370 305 436 νῦν
329 364 500 456 ἀμφότερα
528 369 660 452 γέγονε,
682 366 738 434 καὶ
762 365 918 454 ψήφισμα
940 362 1021 435 καθ’
1047 362 1066 434 δ

101 475 254 561 ἐζήτησεν
281 470 302 561 ἡ
331 473 437 561 βουλή
444 525 453 559 ,
481 473 536 541 καὶ
563 471 742 560 κατήγοροι
774 473 1067 561 χειροτονήσαντος

101 584 162 649 τοῦ
189 580 315 668 δήμου,
341 576 420 669 παρ’
451 569 500 647 οῦν
527 581 592 646 νῦν
621 581 656 647 οί
681 579 833 646 δικασταὶ
860 575 1066 667 τάδικήματα

100 687 344 756 πυνθάνονται.
389 681 453 754 κάν
484 676 506 773 ᾖ
537 687 641 752 ταῦτα
678 681 804 772 ἀληθῆ,
837 681 1067 772 ἀποθνήσκειν

102 793 231 880 ἕτοιμός
249 798 325 879 είμι.
362 797 393 860 εί
411 788 442 859 δ’
464 788 570 879 αὐτὴν
588 793 817 880 προελομένην
836 788 1013 878 άποφηναί
1027 818 1067 878 με

101 899 182 987 φῄς,
206 898 379 988 παράσχου
403 898 572 988 μάρτυρας
594 896 674 978 τοῦς
690 894 936 986 Ἀρεοπαγίτας,
956 895 1066 986 ὥσπερ

102 998 165 1088 ἐγώ
195 1007 376 1094 παρέξομαι
405 1000 456 1073 ὅτι
485 1001 546 1072 οῦκ
574 1001 793 1091 ἀπεφάνθην,
817 1003 1065 1091 καταψευσάμε-
1083 1007 1116 1058 52

101 1137 164 1179 νον
179 1113 291 1199 μέντοι
306 1108 415 1197 κάμοῦ
429 1112 484 1179 καὶ
498 1113 557 1197 τῆς
575 1113 702 1197 βουλῆς-
717 1163 813 1178 ......
829 1107 939 1199 ῦσπερ
954 1108 997 1178 σῦ
1011 1111 1068 1178 καὶ

102 1215 252 1305 πονηρὸν
270 1218 326 1286 καὶ
345 1216 525 1306 προδότην,
545 1212 584 1284 δν
604 1221 811 1302 εἰσαγγείλας
828 1217 884 1285 καὶ
903 1217 1069 1303 ἐξελέγξας

103 1326 139 1390 ἐν
148 1328 378 1403 πεντακοσίοις
387 1323 443 1390 καὶ
453 1328 627 1409 δισχιλίοις
637 1325 705 1390 τῶν
718 1326 864 1391 πολιτῶν
879 1320 930 1391 ότι
941 1321 1067 1410 μισθώ-

104 1450 163 1508 σας
187 1425 291 1497 αῦτὸν
314 1437 490 1497 Πυθοκλεῖ
505 1425 577 1496 κατ’
604 1431 686 1516 ἐμοῦ
709 1426 802 1497 ταῦτ’
824 1431 980 1519 ἔπραξεν,
1005 1431 1067 1497 ἐτι-

103 1535 308 1624 μωρησάμην
336 1533 508 1622 μετὰτῶν
536 1535 609 1604 τότε
637 1535 857 1603 δικασάντων.
894 1537 990 1622 Λαβέ
1011 1562 1067 1622 μοι

103 1639 146 1708 σὺ
172 1639 235 1728 τὴν
266 1647 468 1732 μαρτυρίαν,
500 1637 544 1728 ἣν
571 1642 627 1711 καὶ
658 1641 823 1730 πρότερον
854 1641 1067 1731 παρεσχόμην

102 1748 379 1836 μαρτυρουμένην
406 1761 476 1827 τοῖς
504 1752 674 1827 δικασταῖς
705 1748 762 1815 καῖ
790 1744 903 1828 οὐδεὶς
931 1745 1068 1833 ἐπεσκή-

101 1868 186 1933 ψατο
211 1849 256 1933 (ὃς
283 1858 403 1934 ψευδεῖ
419 1850 520 1942 οῦση,
543 1849 586 1941 ἣν
609 1855 665 1921 καὶ
682 1856 749 1921 νῦν
766 1854 957 1942 παρέξομαι.
994 1854 1067 1939 λέγε

101 1957 164 2047 τὴν
183 1965 378 2048 μαρτυρίαν.

486 2092 683 2144 ΜΑΡΤΤΡῙΔ.

181 2269 255 2340 Εἶτ’
278 2268 319 2340 οῦ
339 2272 464 2360 δεινόν,
484 2265 510 2341 ὦ
527 2271 711 2362 Ἀθηναῖοι,
727 2278 758 2343 εί
776 2270 825 2342 ότι
839 2274 901 2362 μὶν
915 2268 962 2354 εἷς
980 2271 1067 2363 ἀνὴρ
1086 2290 1120 2339 53

102 2383 206 2466 ἔφησε
219 2384 360 2459 Πιστίας
376 2375 609 2467 Ἀρεοπαγίτης
623 2376 672 2448 ὢν
691 2377 820 2449 ἀδικεῖν
834 2407 884 2467 με,
902 2394 1067 2461 καταψευ-

102 2484 242 2571 δόμενος
264 2486 321 2553 καὶ
344 2487 426 2571 ἐμοῦ
452 2486 456 2573 J
480 2487 537 2554 καὶ
558 2488 617 2573 τῆς
639 2489 779 2572 βουλῆς,
804 2494 939 2572 ίσχυσεν
963 2481 1006 2553 ἀν
1029 2483 1066 2554 τὸ
1080 2506 1106 2549 97

101 2593 227 2671 ψεῦδος
245 2593 303 2678 τῆς
322 2588 483 2678 ἀληθείας
501 2593 638 2678 μάλλον,
656 2593 713 2658 καὶ
732 2588 788 2660 διά
806 2589 868 2677 τὴν
887 2588 1069 2659 ἀσθένειαν

171 2811 212 2860 51.
231 2807 278 2874 με]
298 2825 348 2873 μοι
366 2809 473 2860 BLZM.
490 2835 524 2846 -
543 2800 725 2875 ἀπεφάνθην
741 2809 791 2860 AN
808 2809 874 2864 Bk:
894 2801 1041 2877 ἐφάνθην.

168 2895 209 2943 52.
228 2892 278 2944 καὶ
297 2898 363 2943 ante
381 2884 527 2960 προδότην
546 2895 607 2948 add.
626 2895 651 2945 N
668 2894 720 2945 Mr.
737 2892 886 2959 (ci.Wm.).
899 2920 932 2931 —
951 2885 985 2946 ὃν
1004 2894 1067 2945 add.

100 2966 166 3011 ante
186 2956 294 3026 είσαγγ.
313 2960 339 3010 N
358 2965 386 3010 et
404 2977 445 3026 pr.
462 2962 499 3023 A,
528 2962 600 3027 quod
623 2978 677 3013 non
695 2961 826 3027 displicet
842 2961 909 3026 Mn,
936 2963 981 3013 cui
1003 2968 1068 3012 ante

100 3035 208 3103 ιχαταψ.
237 3029 373 3092 quaedam
395 3029 572 3080 intercidisse
595 3030 732 3084 videntur.
766 3029 843 3081 Fort.
872 3027 977 3097 βουλῆς
1001 3024 1069 3093 (ἕνα

100 3093 195 3160 ανδρα
213 3087 322 3162 ἐχθρόν
341 3091 434 3162 ἔσχον,
454 3096 570 3163 μιαρὸν)
590 3088 683 3164 ὥσπερ
701 3088 735 3148 σῦ
754 3088 812 3151 κτὲ.
830 3097 898 3148 Iam.
911 3098 944 3147 R.
964 3089 1069 3162 μιαρόν

100 3161 127 3215 h.
146 3161 164 3213 1.
189 3163 253 3213 addi
276 3164 412 3215 voluerat.
429 3190 462 3200 -
484 3161 537 3215 καὶ
555 3162 707 3230 δισχιλίοις
730 3165 792 3218 add.
809 3164 859 3214 NA
876 3165 928 3216 Bk.
950 3191 983 3201 -
1007 3164 1069 3216 Πυ-

99 3229 208 3282 θοκλεῖ
224 3232 248 3281 N
266 3231 331 3281 Μαι
353 3231 500 3297 Τιμοκλεῖ.
514 3255 546 3267 ·-
563 3220 601 3299 ἣν
618 3230 668 3284 καὶ
687 3230 755 3298 νῦν]
773 3229 824 3283 καὶ
842 3230 895 3283 νῦν
915 3233 949 3283 οἱ.
968 3232 1001 3282 R.

168 3319 209 3367 53.
241 3303 298 3381 ότι]
319 3303 367 3369 ῦτε
385 3316 485 3371 Markl.
507 3342 540 3353 —
571 3313 703 3382 Πιστίας]
726 3317 824 3368 Oratio
846 3308 921 3367 κατὰ
946 3314 1069 3367 Πιστίου

101 3379 264 3449 είςαγγελία
293 3385 401 3435 exstitit
426 3385 500 3436 inter
526 3384 700 3435 Dinarchoas
734 3382 831 3448 (Dion.
858 3384 923 3434 Din.
949 3382 1006 3445 10).
1034 3408 1068 3419 -

99 3442 216 3503 ἀδικεῖν
235 3448 282 3517 με]
303 3443 403 3504 ἀδικεῖ
417 3448 472 3517 μὲν
489 3451 580 3515 LZM,
599 3441 691 3517 ἀδικῇ
702 3446 762 3532 μὲν
779 3452 812 3502 B.
831 3477 865 3488 -
887 3446 937 3501 καλ
957 3443 1027 3515 ἐμοῦ
1046 3451 1070 3500 Α

103 3535 142 3584 pr.
165 3519 261 3574 eorr.²:
280 3511 346 3570 κατ’
367 3512 437 3585 ἐμοῦ
455 3521 489 3584 Ν,
508 3513 577 3585 ἐμοῦ
595 3521 654 3583 ΖΜ,
672 3517 770 3584 καμοῦ
788 3535 815 3572 v.
