2340 3916
302 249 423 307 ΠΕΡΙ
441 249 882 307 ΠΑΡΑΠΡΕΣΒΕΙΑΣ.
1023 247 1067 311 65

109 433 182 489 νοις
192 410 248 476 καὶ
258 407 441 492 κακοήθεσι
457 406 587 484 τούτοις
605 404 805 486 ἀντιθέτοις·
833 411 965 494 ἐξέστην
981 407 1012 478 δ’
1028 412 1062 477 ί·
1083 426 1135 483 1⁹0

112 515 243 595 μαυτού
255 508 310 573 καὶ
325 503 389 592 τὴν
399 510 509 573 αἰτίαν
518 506 645 590 βαρέως
656 505 797 591 ἤνεγκα,
825 504 883 573 ὅθ’
897 504 997 594 ὕβριν
1008 514 1063 576 καὶ

91 600 97 615 ’
111 614 289 691 παροινίαν
300 609 345 680 εἰς
355 617 498 689 γυναῖκα
509 606 694 688 ἐλευθέραν
710 606 764 671 καὶ
782 602 819 670 τό
838 609 934 688 γένος
946 604 1065 676 Ὀλυν-

110 713 193 773 θίαν
203 702 380 790 κατηγόρει
390 727 472 787 μου·
494 699 608 787 ἥσθην
626 701 677 786 δέ,
700 699 750 769 ὅτ’
764 698 869 770 αὐτόν
879 706 933 771 έπί
944 713 1001 790 τῆς
1012 710 1066 772 αἰ-

110 811 180 881 τίας
191 801 271 871 ὅντα
282 802 404 886 ταύτης
414 800 597 888 ἐξεβάλετε,
608 802 663 866 καὶ
673 807 740 866 τῶν
755 803 1065 887 σεσωφρονημένων

76 921 96 972 5
112 905 149 970 ἐν
159 909 205 990 τῶ
215 908 277 990 βίῳ
289 926 346 985 μοι
354 899 451 985 χάριν
463 897 681 985 ἀπειληφέναι
692 905 821 984 νομίζω.
834 896 920 985 ὑμᾶς
930 900 990 986 μέν
1002 893 1065 968 ούν
1083 911 1132 970 191

110 1002 235 1066 ἐπαινῶ
247 999 301 1065 καὶ
321 997 545 1081 διαφερόντως
562 995 695 1081 ἀγαπῶ,
719 994 769 1064 ὅτι
790 1004 835 1085 τῶ
858 1005 920 1088 βίῳ
937 1006 1064 1084 μᾶλλον

110 1104 157 1183 τῶ
169 1103 237 1163 τῶν
247 1098 455 1180 κρινομένων
462 1089 662 1179 πιστεύετεύ
670 1107 740 1172 ταῖς
751 1092 840 1179 παρά
852 1104 921 1163 τῶν
930 1099 1064 1181 έχθρῶν
1120 1105 1123 1109 ’

111 1199 243 1272 αἰτίαις·
266 1190 366 1271 αύτὸς
388 1190 420 1260 δ’
440 1190 503 1260 οὐκ
526 1187 570 1258 άν
593 1190 776 1276 ἀποσταίην
791 1199 849 1277 της
867 1189 950 1279 πρός
968 1190 1063 1260 ταῦτ’

110 1290 297 1376 ἀπολογίας.
322 1298 353 1358 εί
367 1291 433 1376 γάρ
450 1317 499 1369 τις
518 1286 540 1376 ἦ
562 1298 631 1358 τῶν
651 1294 777 1371 ἔξωθεν
800 1293 1064 1378 περιεστηκότων

111 1396 296 1474 πέπεισται,
321 1386 440 1474 σχεδὸν
466 1387 498 1455 δ’
523 1393 557 1456 οἰ
578 1397 724 1457 πλεῖστοι
741 1397 810 1456 τῶν
833 1400 977 1458 πολιτῶν
999 1391 1064 1457 πά-

112 1509 234 1571 ρεισιν,
256 1483 279 1575 ἢ
296 1495 365 1555 τῶν
382 1488 586 1568 δικαζόντων
601 1485 715 1574 ὑμῶν,
738 1484 782 1566 ῶς
792 1486 855 1573 έγῶ
868 1490 1023 1558 τοιοῦτόν
1034 1517 1065 1556 ιι

112 1591 357 1673 διαπέπραγμαι
368 1584 412 1672 μη
425 1586 533 1672 μόνον
543 1592 589 1664 εἰς
601 1586 784 1671 ἐλεύθερον
795 1594 900 1671 σῶμα,
913 1586 996 1654 ἀλλά
1008 1590 1063 1654 καὶ

112 1692 158 1763 εἰς
168 1682 205 1751 τό
225 1680 344 1770 τυχόν,
367 1682 511 1771 ἀβίωτον
523 1682 610 1752 εἶναί
616 1712 672 1770 μοι
682 1685 742 1752 τόν
752 1684 870 1751 λοιπόν
881 1693 957 1771 βίον
969 1692 1064 1771 νομί-

112 1794 169 1866 ζω·
192 1781 257 1853 κάν
275 1784 319 1869 μὴ
337 1785 519 1870 προιούσης
537 1792 596 1870 τῆς
612 1783 791 1868 ἀπολογίας
806 1786 923 1869 ἐλέγξω
936 1785 990 1852 καὶ
1001 1783 1063 1868 τὴν

111 1889 220 1951 αἰτίαν
236 1875 343 1951 ούσαν
365 1887 472 1968 ψευδῆ
494 1884 549 1950 καὶ
565 1882 625 1949 τόν
641 1879 840 1967 τολμήσαντ’
860 1887 964 1949 εἰπεῖν
981 1880 1063 1950 ἀνό-

111 2003 186 2049 σιον
197 1983 251 2049 καὶ
262 1981 495 2067 συκοφάντην,
512 1977 578 2048 κάν
588 1972 691 2049 τάλλα
702 1981 811 2047 πάντα
821 1980 926 2066 μηδὲν
936 1977 1063 2048 ἀδικῶν

80 2099 98 2154 6
114 2087 298 2166 φαίνωμαι,
321 2077 473 2146 θανάτου
490 2087 642 2166 τιμῶμαι.
666 2080 852 2162 παράδοξος
873 2083 911 2146 δέ
925 2107 982 2165 μοι
1003 2078 1135 2159 nol-192

111 2194 219 2257 κεῖνος
230 2176 248 2245 ὁ
261 2178 361 2262 λόγος
371 2178 479 2264 ἐφάνη
490 2182 545 2246 καὶ
556 2182 673 2258 δεινῶς
684 2179 808 2265 άδικος,
821 2177 874 2247 ὅθ’
886 2176 972 2265 ὑμᾶς
983 2183 1064 2265 έπη-

112 2278 219 2364 ρῶτα,
242 2284 273 2345 εἰ
289 2272 361 2345 οἷόν
378 2276 410 2344 τ’
427 2279 516 2345 ἐστίν
532 2282 569 2345 έν
581 2285 621 2364 τῇ
634 2275 717 2364 αὐτῇ
730 2278 824 2346 πόλει
836 2278 1064 2361 Φιλοκράτους

111 2378 173 2463 μέν
183 2378 336 2445 θάνατον
353 2372 666 2462 καταψηφίσασθαι,
679 2376 729 2444 ότι
740 2373 927 2461 καταγνούς
938 2374 1063 2443 άδικεῑν

111 2479 233 2544 ἑαυτοῦ
244 2473 306 2561 την
316 2486 426 2560 κρίσιν
438 2475 498 2559 ούχ
509 2473 703 2561 ὑπέμεινεν,
720 2478 803 2560 ἐμοῦ
816 2472 846 2540 δ’
860 2472 1062 2558 ἀπογνῶναι.

110 2577 173 2660 ε’γῶ
193 2573 224 2642 δ’
244 2571 296 2641 ἐπ’
315 2572 406 2663 αύτῷ
424 2574 531 2663 τούτῳ
550 2579 682 2651 δικαίως
700 2567 743 2639 ἀν
759 2569 985 2659 ὑπολαμβάνω
996 2573 1062 2655 μά-

109 2683 202 2741 λιστα
215 2671 445 2757 σωθήσεσθαι·
469 2679 499 2740 εἰ
514 2670 578 2759 γάρ
591 2669 608 2740 ὁ
621 2668 807 2756 καταγνούς
819 2672 940 2737 ἑαυτοῦ
951 2673 1005 2738 καὶ
1016 2668 1060 2756 μὴ

109 2772 226 2858 παρῶυ
239 2769 346 2839 ἀδικεῖ
352 2821 360 2855 ,
383 2769 400 2838 ὁ
420 2769 459 2857 δὴ
471 2769 640 2856 ἀπογνούς
651 2771 705 2838 καὶ
716 2766 752 2836 τό
766 2777 860 2866 σῶμα
871 2782 937 2857 τοῖς
948 2768 1062 2854 νόμοις

108 2873 162 2939 καλ
175 2886 242 2950 τοῖς
254 2877 400 2949 πολίταις
413 2870 583 2954 παραδούς
594 2868 655 2938 ούκ
668 2868 781 2937 ἀδικεῖ.
826 2878 832 2892 “

76 2991 93 3047 7
194 2973 277 3055 Περὶ
289 2973 324 3037 δὲ
334 2977 391 3055 τῆς
402 2968 504 3054 άλλης
512 2976 709 3056 κατηγορίας
719 2971 834 3053 δεόμαι
844 2964 950 3053 ὑμῶν,
963 2959 988 3034 ῶ
1000 2966 1062 3034 άν-

108 3078 201 3156 δρες,
223 3069 283 3138 έάυ
299 3097 330 3136 τι
347 3076 522 3153 παραλίπω
533 3066 641 3155 καὶμὴ
660 3075 819 3154 μνησθῶ,
842 3069 1012 3151 ἐπερωτᾶν
1021 3092 1061 3151 με

109 3174 165 3239 καὶ
177 3174 320 3255 δηλοῦν,
343 3165 363 3234 ὅ
373 3195 404 3234 τι
415 3162 458 3233 άν
470 3177 596 3253 ποθῆτε
607 3166 765 3252 ἀκοῦσαι,
786 3169 888 3253 μηδὲν
900 3191 1062 3251 προκατε-

108 3271 296 3358 γνωκότας,
319 3265 365 3346 ῶς
383 3266 498 3350 ἀδικῶ,
522 3264 595 3335 ἀλλ’
615 3277 670 3354 ἰοη
687 3275 727 3353 τῇ
744 3264 857 3354 εύνοίρι
868 3263 1060 3340 ἀκούοντας.

109 3367 225 3451 ἀπορῶ
237 3365 282 3450 δ’,
296 3365 427 3433 ὁπόθεν
437 3363 498 3452 χρὴ
511 3375 645 3448 πρῶτον
656 3364 822 3450 άρξασθαι
833 3362 886 3430 διά
898 3362 960 3450 την
972 3361 1063 3429 ἀνω-

106 3478 230 3555 μαλίαν
241 3475 298 3551 της
310 3476 516 3551 κατηγορίας.
541 3468 711 3547 σκέψασθε
724 3461 771 3548 δ’,
786 3458 829 3529 ἀν
840 3461 920 3547 ὑμῖν
935 3462 1027 3537 εἰκός
1037 3480 1151 3530 Μελ

146 3565 306 3616 Αεεοιιιαεε,
