2340 3916
356 220 446 271 ΠΕΡΙ
463 219 538 271 ΤΩΝ
555 218 779 272 ΜΤΣΤΗΡΙΩΝ
1009 218 1050 281 21

82 373 235 448 οἴχονται
253 363 456 448 φεύγοντες,
480 364 579 447 σφῶν
597 356 714 429 αὐτῶν
732 362 956 447 καταγνόντες
975 360 1050 431 ἀδι-

82 480 157 532 κεῖν
178 518 322 531 ......
352 469 384 533 εί
406 460 554 550 ήκουσάς
577 488 609 529 τι
625 462 750 533 τούτου
768 465 829 531 τοῦ
854 462 1051 551 πράγματος
1069 476 1103 527 σο

82 570 145 634 τοῦ
161 566 359 652 γενομένου,
375 566 461 652 εἰπέ,
478 565 535 632 καὶ
550 566 685 651 πρῶτον
698 564 762 653 μὲν
772 564 915 634 σεαυτόν
926 569 1052 653 σῶσον,

84 666 157 736 εἶτα
176 666 283 736 δέτόν
298 669 447 756 πατέρα,
466 662 506 734 ὃν
520 664 612 746 είκός
628 668 701 736 ε’στί
712 688 749 736 σε
767 666 910 755 μάλιστα
925 675 1053 754 φιλεῖν,

85 767 156 839 εἶτα
171 767 210 837 δὲ
227 768 288 836 τὸν
306 767 481 856 κηδεστήν,
500 764 537 847 ὃς
558 774 622 855 ἔχει
638 790 701 839 σου
720 766 782 854 τήν
796 766 949 856 ἀδελφήν
967 765 1051 855 ήπερ

85 891 137 938 σοι
162 869 248 957 μόνη
277 872 388 957 ἐστίν,
416 875 528 938 ἔπειτα
554 869 593 939 δὲ
619 870 699 951 τούς
724 868 849 950 ἀλλους
875 885 1052 957 συγγενεῖς

83 974 140 1040 καί
160 969 367 1057 ἀναγκαίους
386 971 570 1052 τοσούτους
589 969 709 1059 ὄντας,
734 971 838 1042 ἔτιδὲ
858 973 933 1060 ἐμέ,
959 966 995 1051 ὃς
1016 973 1052 1039 ἐν

85 1071 208 1142 ἀπαντι
220 1076 267 1165 τῷ
282 1081 348 1165 βίω
362 1072 487 1160 ἠνίασα
500 1074 564 1161 μέν
579 1093 616 1142 σε
630 1069 735 1142 οὐδὲν
750 1074 901 1162 πώποτε,
916 1083 1052 1161 προθυ-

84 1175 227 1263 μότατος
245 1174 283 1245 δὲ
302 1183 350 1255 είς
369 1174 406 1244 σὲ
424 1176 539 1244 καὶτὰ
558 1176 600 1245 σά
619 1174 800 1265 πρόγματά
819 1182 905 1264 εἰμι,
924 1173 943 1242 ὅ
960 1202 991 1243 τι
1009 1170 1052 1242 ἀν

84 1278 145 1367 δέη
161 1274 304 1346 ποιεῖν.“
333 1279 491 1365 λέγοντος
506 1276 545 1346 δὲ
560 1268 585 1345 ἀ
600 1274 722 1367 ἀνδρες
736 1283 914 1368 Χαρμίδου
929 1279 1050 1362 ταῦτα,
1068 1295 1101 1344 σι

84 1379 358 1467 ἀντιβολούντων
383 1379 421 1448 δέ
445 1382 514 1447 τῶν
532 1376 646 1447 ἀλλων
664 1380 721 1448 καὶ
748 1379 957 1458 ἱκετεύοντος
977 1378 1052 1458 ἑνὸς

86 1481 250 1570 έκάστου,
277 1481 494 1569 ἐνεθυμήθην
522 1480 606 1569 πρὸς
632 1482 794 1568 ἐμαυτόν·
829 1477 887 1569 ‚3¹2
913 1480 1053 1548 πάντων

88 1582 154 1670 ἐγώ
174 1584 349 1672 δεινοτάτῃ
366 1585 526 1673 συμφορᾷ
542 1583 750 1673 περιπεσιόν,
769 1583 894 1673 πότερα
913 1585 1053 1671 περιίδω

84 1686 166 1764 τούς
186 1687 334 1774 ἐμαυτοῦ
354 1700 532 1771 συγγενεῖς
549 1683 806 1773 ἀπολλυμένους
825 1681 971 1771 ἀδίκως,
995 1684 1053 1751 καὶ

85 1785 214 1866 αὐτούς
232 1813 267 1856 τε
285 1784 525 1866 ἀποθανόντας
543 1788 600 1855 καὶ
625 1787 666 1853 τὰ
684 1786 838 1874 χρήματα
857 1783 972 1852 αὐτῶν
990 1787 1053 1871 δη-

84 1890 275 1977 μευθέντα,
294 1889 379 1978 πρὸς
393 1887 431 1956 δὲ
445 1887 577 1967 τούτοις
591 1884 851 1977 ἀναγραφέντας
867 1888 904 1955 ἐν
918 1884 1053 1971 στήλαις

86 1988 133 2070 ὥς
147 1986 248 2070 ὄντας
263 1988 457 2078 ἀλιτηρίους
470 1994 540 2058 τῶν
555 1990 648 2058 θεῶν
661 1989 743 2069 τούς
758 1986 901 2068 οὐδενὸς
920 1993 1053 2066 αἰτίους

86 2097 155 2160 τῶν
187 2094 440 2179 γεγενημένων,
472 2098 519 2160 ἔτι
550 2090 588 2160 δὲ
619 2097 833 2181 τριακοσίους
860 2089 1053 2178 Ἀθηναίων

85 2195 270 2282 μέλλοντας
300 2191 427 2273 ἀδίκως
455 2190 459 2278 Q
490 2190 710 2284 ἀπολεῖσθαι,
741 2193 804 2280 τήν
829 2193 867 2262 δὲ
891 2190 990 2260 πόλιν
1017 2191 1079 2263 ε’νε

86 2309 203 2375 κακοῖς
222 2286 329 2363 οὖσαν
347 2310 418 2375 τοῖς
443 2300 610 2382 μεγίστοις
629 2296 687 2362 καὶ
706 2293 862 2374 ὑποψίαν
881 2300 929 2374 είς
948 2290 1053 2380 ἀλλή-

87 2405 168 2476 λους
201 2402 359 2484 ἔχοντας,
392 2392 413 2484 ή
443 2405 527 2465 είπω
554 2395 748 2484 Ἀθηυαίοις
778 2394 800 2464 ἀ
831 2400 894 2483 περ
924 2392 1055 2482 ήκουσα

88 2497 286 2585 Εὐφιλήτου
306 2496 413 2567 αὐτοῦ
433 2502 495 2566 τοῦ
515 2496 714 2585 ποιήσαντος
723 2495 757 2579 ;“
778 2502 825 2565 ἔτι
843 2495 881 2564 δὲ
897 2496 952 2563 ἐπὶ
970 2493 1053 2563 τού·
1071 2512 1103 2563 52

86 2626 155 2680 τοις
169 2601 226 2669 καὶ
240 2600 319 2669 τόδε
335 2599 574 2688 ἐνεθυμήθην,
594 2589 619 2666 ἀ
634 2596 774 2686 ἀνδρες,
787 2596 845 2664 καὶ
861 2594 1055 2682 ἐλογιζόμην

88 2701 174 2790 πρός
207 2702 354 2789 ε’μαυτόν
384 2702 466 2782 τούς
499 2699 765 2790 ἐξημαρτηκότας
795 2698 852 2766 καὶ
882 2697 920 2764 τὸ
954 2702 1055 2785 ἔργον

88 2805 353 2893 εἰργασμένους,
384 2800 434 2871 ὅτι
460 2807 496 2871 οί
517 2803 579 2890 μὲν
604 2798 720 2872 αὐτῶν
744 2798 806 2888 ήδη
832 2797 1056 2886 ἐτεθνήκεσαν

87 2903 160 2973 ἀπὸ
186 2905 339 2994 Τεύκρου
364 2905 593 2992 μηνυθέντες,
618 2907 654 2972 οί
670 2902 708 2972 δὲ
726 2901 911 2991 φεύγοντες
930 2896 1056 2992 ᾤχοντο

157 3138 198 3188 49.
211 3126 407 3214 μοιῖφάδικεῖν
424 3135 528 3216 laguna
547 3139 589 3185 est
607 3135 636 3184 in
647 3133 729 3215 ABp,
743 3132 808 3211 ἱιηΑ
820 3132 932 3216 ηιιίδειη
942 3132 997 3182 xn
1009 3131 1056 3181 lit-

86 3210 214 3255 terarum.
236 3219 344 3254 τουτων
357 3200 457 3254 τοίνυν
469 3218 520 3252 ms.
535 3201 594 3252 vult
607 3201 644 3264 S„
658 3217 729 3266 φερε
743 3199 779 3266 δη
790 3215 889 3250 τοινυν
900 3197 1011 3248 Lmder.
1020 3200 1054 3248 Κ.

156 3274 196 3321 51.
216 3261 237 3321 ὧ
259 3264 376 3321 πάντων
400 3270 502 3320 ABLZ.
525 3295 557 3306 -
580 3258 760 3320 ἀπολεῖσθαι
783 3266 880 3334 Steph.
908 3266 939 3320 R.
970 3266 1054 3330 Bait„

88 3338 151 3417 enoll.
170 3338 201 3400 ἐξ
220 3340 265 3400 66,
286 3340 331 3397 67,
351 3339 396 3387 68:
422 3331 595 3390 ἀπολέσθαι.
614 3362 647 3373 -
665 3341 728 3402 post
748 3330 866 3402 ἔχοντας
885 3334 969 3384 Dobr.
990 3332 1053 3382 add.

88 3422 425 3554 αἶιαόδάςείργασμένους
443 3473 490 3523 ΑΒ
515 3467 758 3538 (είργασαμένους
779 3467 827 3537 Ad)
849 3469 916 3522 Bk:
936 3461 1057 3533 ἐργασα-

90 3556 205 3606 μενους.
228 3568 262 3578 -
