<?xml version="1.0" encoding="UTF-8"?>
<!DOCTYPE html PUBLIC "-//W3C//DTD XHTML 1.0 Transitional//EN"
    "http://www.w3.org/TR/xhtml1/DTD/xhtml1-transitional.dtd">
<html xmlns="http://www.w3.org/1999/xhtml" xml:lang="en" lang="en">
 <head>
  <title>
</title>
<meta http-equiv="Content-Type" content="text/html;charset=utf-8" />
  <meta name='ocr-system' content='tesseract 3.04.00' />
  <meta name='ocr-capabilities' content='ocr_page ocr_carea ocr_par ocr_line ocrx_word'/>
</head>
<body>
  <div class='ocr_page' id='page_1' title='image "./orationescumali00isaegoog/orationescumali00isaegoog_0105.png"; bbox 0 0 2340 3916; ppageno 0'>
   <div class='ocr_carea' id='block_1_1' title="bbox 129 139 1145 241">
    <p class='ocr_par' dir='ltr' id='par_1_1' title="bbox 129 139 1145 241">
     <span class='ocr_line' id='line_1_1' title="bbox 129 139 1145 241; baseline 0 -20"><span class='ocrx_word' id='word_1_1' title='bbox 129 178 174 241; x_wconf 83' lang='lat'><em>54</em></span> <span class='ocrx_word' id='word_1_2' title='bbox 553 168 683 222; x_wconf 74' lang='lat' dir='ltr'>mAIO&#39;r</span> <span class='ocrx_word' id='word_1_3' title='bbox 1001 168 1056 223; x_wconf 72' lang='lat' dir='ltr'><em>on.</em></span> <span class='ocrx_word' id='word_1_4' title='bbox 1073 170 1101 221; x_wconf 80' lang='grc' dir='ltr'><em>ι.</em></span> <span class='ocrx_word' id='word_1_5' title='bbox 1142 139 1145 150; x_wconf 51' lang='lat'><strong>⁴</strong></span> 
     </span>
    </p>
   </div>
   <div class='ocr_carea' id='block_1_2' title="bbox 77 336 1105 3547">
    <p class='ocr_par' dir='ltr' id='par_1_2' title="bbox 130 336 1103 535">
     <span class='ocr_line' id='line_1_2' title="bbox 130 336 1103 430; baseline -0.003 -16"><span class='ocrx_word' id='word_1_6' title='bbox 130 360 203 426; x_wconf 77' lang='grc' dir='ltr'><em>ταῖς</em></span> <span class='ocrx_word' id='word_1_7' title='bbox 225 345 286 413; x_wconf 78' lang='grc' dir='ltr'><em>τοῦ</em></span> <span class='ocrx_word' id='word_1_8' title='bbox 306 344 488 420; x_wconf 80' lang='grc' dir='ltr'><em>τεθνεῶτος</em></span> <span class='ocrx_word' id='word_1_9' title='bbox 512 338 688 428; x_wconf 75' lang='grc' dir='ltr'><strong><em>διαθήκαις</em></strong></span> <span class='ocrx_word' id='word_1_10' title='bbox 710 343 973 430; x_wconf 79' lang='grc' dir='ltr'><em>μεταγραφήναι</em></span> <span class='ocrx_word' id='word_1_11' title='bbox 995 336 1103 411; x_wconf 79' lang='grc' dir='ltr'><em>οάδλν</em></span> 
     </span>
     <span class='ocr_line' id='line_1_3' title="bbox 130 436 1101 562; baseline -0.002 -49"><span class='ocrx_word' id='word_1_12' title='bbox 130 443 195 535; x_wconf 78' lang='grc' dir='ltr'><em>γὰρ</em></span> <span class='ocrx_word' id='word_1_13' title='bbox 212 447 337 533; x_wconf 77' lang='grc' dir='ltr'><em>μᾶλλον</em></span> <span class='ocrx_word' id='word_1_14' title='bbox 354 446 389 511; x_wconf 85' lang='grc' dir='ltr'><em>ολ</em></span> <span class='ocrx_word' id='word_1_15' title='bbox 403 438 566 562; x_wconf 77' lang='grc' dir='ltr'><em>μάρτυρες</em></span> <span class='ocrx_word' id='word_1_16' title='bbox 585 451 780 529; x_wconf 79' lang='grc' dir='ltr'><em>ελσονται,ε</em></span> <span class='ocrx_word' id='word_1_17' title='bbox 764 436 907 529; x_wconf 79' lang='grc' dir='ltr'><em>ελὲφά</em></span> <span class='ocrx_word' id='word_1_18' title='bbox 886 436 939 521; x_wconf 79' lang='grc' dir='ltr'><em>αἷς</em></span> <span class='ocrx_word' id='word_1_19' title='bbox 958 438 1101 530; x_wconf 76' lang='grc' dir='ltr'><em>ἐκλήθη-</em></span> 
     </span>
    </p>

    <p class='ocr_par' dir='ltr' id='par_1_3' title="bbox 77 530 1102 1036">
     <span class='ocr_line' id='line_1_4' title="bbox 77 530 1102 631; baseline -0.004 -16"><span class='ocrx_word' id='word_1_20' title='bbox 77 537 114 592; x_wconf 87' lang='lat'><em>14</em></span> <span class='ocrx_word' id='word_1_21' title='bbox 132 565 196 615; x_wconf 85' lang='grc' dir='ltr'><em>σαν</em></span> <span class='ocrx_word' id='word_1_22' title='bbox 219 540 413 631; x_wconf 74' lang='grc' dir='ltr'><em>διαθήκαις,</em></span> <span class='ocrx_word' id='word_1_23' title='bbox 442 530 539 611; x_wconf 77' lang='grc' dir='ltr'><em>αὗται</em></span> <span class='ocrx_word' id='word_1_24' title='bbox 569 536 818 628; x_wconf 86' lang='grc' dir='ltr'><em>ἀποφαίνονται.</em></span> <span class='ocrx_word' id='word_1_25' title='bbox 858 536 957 611; x_wconf 94' lang='grc' dir='ltr'><em>ὁπότε</em></span> <span class='ocrx_word' id='word_1_26' title='bbox 982 542 1021 611; x_wconf 69' lang='grc' dir='ltr'><em>δὲ</em></span> <span class='ocrx_word' id='word_1_27' title='bbox 1044 544 1102 611; x_wconf 85' lang='grc' dir='ltr'><em>καλ</em></span> 
     </span>
     <span class='ocr_line' id='line_1_5' title="bbox 131 636 1102 732; baseline -0.003 -17"><span class='ocrx_word' id='word_1_28' title='bbox 131 642 209 726; x_wconf 79' lang='grc' dir='ltr'><em>τούς</em></span> <span class='ocrx_word' id='word_1_29' title='bbox 236 639 506 732; x_wconf 80' lang='grc' dir='ltr'><em>ὁμολογουμένως</em></span> <span class='ocrx_word' id='word_1_30' title='bbox 533 636 883 731; x_wconf 79' lang='grc' dir='ltr'><em>παραγενομένους</em></span> <span class='ocrx_word' id='word_1_31' title='bbox 847 638 920 711; x_wconf 89' lang='grc' dir='ltr'><em>οιόν</em></span> <span class='ocrx_word' id='word_1_32' title='bbox 947 637 980 710; x_wconf 91' lang='grc' dir='ltr'><em>τ’</em></span> <span class='ocrx_word' id='word_1_33' title='bbox 1010 644 1102 712; x_wconf 76' lang='grc' dir='ltr'><em>ἐστὶν</em></span> 
     </span>
     <span class='ocr_line' id='line_1_6' title="bbox 133 735 1103 832; baseline 0 -19"><span class='ocrx_word' id='word_1_34' title='bbox 133 747 346 832; x_wconf 81' lang='grc' dir='ltr'><em>ἐξαπατήσαι,</em></span> <span class='ocrx_word' id='word_1_35' title='bbox 382 745 452 822; x_wconf 76' lang='grc' dir='ltr'><em>πως</em></span> <span class='ocrx_word' id='word_1_36' title='bbox 478 737 540 810; x_wconf 77' lang='grc' dir='ltr'><em>οὐκ</em></span> <span class='ocrx_word' id='word_1_37' title='bbox 564 735 606 810; x_wconf 83' lang='grc' dir='ltr'><em>ἀν</em></span> <span class='ocrx_word' id='word_1_38' title='bbox 630 737 717 829; x_wconf 78' lang='grc' dir='ltr'><em>ὑμᾶς</em></span> <span class='ocrx_word' id='word_1_39' title='bbox 742 768 781 828; x_wconf 91' lang='grc' dir='ltr'><em>γε</em></span> <span class='ocrx_word' id='word_1_40' title='bbox 805 738 882 822; x_wconf 80' lang='grc' dir='ltr'><em>τους</em></span> <span class='ocrx_word' id='word_1_41' title='bbox 908 742 1014 830; x_wconf 70' lang='grc' dir='ltr'><em>μηδὲν</em></span> <span class='ocrx_word' id='word_1_42' title='bbox 1039 746 1103 813; x_wconf 77' lang='grc' dir='ltr'><em>τοιῐ</em></span> 
     </span>
     <span class='ocr_line' id='line_1_7' title="bbox 132 838 1101 936; baseline -0.002 -22"><span class='ocrx_word' id='word_1_43' title='bbox 132 842 318 936; x_wconf 75' lang='grc' dir='ltr'><em>πράγματος</em></span> <span class='ocrx_word' id='word_1_44' title='bbox 344 841 471 922; x_wconf 76' lang='grc' dir='ltr'><em>εἰδότας</em></span> <span class='ocrx_word' id='word_1_45' title='bbox 493 838 578 911; x_wconf 74' lang='grc' dir='ltr'><em>πολι)</em></span> <span class='ocrx_word' id='word_1_46' title='bbox 599 845 724 930; x_wconf 84' lang='grc' dir='ltr'><em>μάλλον</em></span> <span class='ocrx_word' id='word_1_47' title='bbox 748 840 955 933; x_wconf 78' lang='grc' dir='ltr'><em>ἑτοιμότερόν</em></span> <span class='ocrx_word' id='word_1_48' title='bbox 972 870 1022 923; x_wconf 90' lang='grc' dir='ltr'><em>τις</em></span> <span class='ocrx_word' id='word_1_49' title='bbox 1039 868 1101 913; x_wconf 88' lang='grc' dir='ltr'><em>πα-</em></span> 
     </span>
     <span class='ocr_line' id='line_1_8' title="bbox 131 940 636 1068; baseline -0.008 -53"><span class='ocrx_word' id='word_1_50' title='bbox 131 942 383 1068; x_wconf 68' lang='grc' dir='ltr'><em>μακηοιλσασθαι</em></span> <span class='ocrx_word' id='word_1_51' title='bbox 401 940 636 1063; x_wconf 70' lang='grc' dir='ltr'><em>έγχειμήσειεν;</em></span> 
     </span>
    </p>

    <p class='ocr_par' dir='ltr' id='par_1_4' title="bbox 131 1032 1102 1434">
     <span class='ocr_line' id='line_1_9' title="bbox 204 1032 1102 1132; baseline -0.001 -17.996"><span class='ocrx_word' id='word_1_52' title='bbox 204 1040 301 1114; x_wconf 81' lang='grc' dir='ltr'><em>Ἀλλά</em></span> <span class='ocrx_word' id='word_1_53' title='bbox 325 1040 391 1132; x_wconf 86' lang='grc' dir='ltr'><em>μήν</em></span> <span class='ocrx_word' id='word_1_54' title='bbox 409 1038 497 1111; x_wconf 83' lang='grc' dir='ltr'><em>καὶ</em></span> <span class='ocrx_word' id='word_1_55' title='bbox 481 1071 499 1110; x_wconf 94' lang='grc' dir='ltr'><em>ο</em></span> <span class='ocrx_word' id='word_1_56' title='bbox 516 1040 631 1131; x_wconf 91' lang='grc' dir='ltr'><em>νόμος,</em></span> <span class='ocrx_word' id='word_1_57' title='bbox 657 1070 682 1111; x_wconf 92' lang='grc' dir='ltr'><em>ω</em></span> <span class='ocrx_word' id='word_1_58' title='bbox 671 1032 710 1129; x_wconf 93' lang='grc' dir='ltr'>Ι</span> <span class='ocrx_word' id='word_1_59' title='bbox 734 1039 869 1132; x_wconf 79' lang='grc' dir='ltr'><em>ἀνδρες,</em></span> <span class='ocrx_word' id='word_1_60' title='bbox 894 1039 957 1112; x_wconf 79' lang='grc' dir='ltr'><em>οὐκ</em></span> <span class='ocrx_word' id='word_1_61' title='bbox 975 1039 1035 1113; x_wconf 82' lang='grc' dir='ltr'><em>έάν</em></span> <span class='ocrx_word' id='word_1_62' title='bbox 1051 1071 1102 1125; x_wconf 88' lang='grc' dir='ltr'><em>τις</em></span> 
     </span>
     <span class='ocr_line' id='line_1_10' title="bbox 134 1140 1099 1233; baseline 0 -19"><span class='ocrx_word' id='word_1_63' title='bbox 134 1147 292 1231; x_wconf 85' lang='grc' dir='ltr'><em>διαθήται</em></span> <span class='ocrx_word' id='word_1_64' title='bbox 314 1141 433 1232; x_wconf 88' lang='grc' dir='ltr'><em>μόνον,</em></span> <span class='ocrx_word' id='word_1_65' title='bbox 457 1142 625 1231; x_wconf 81' lang='grc' dir='ltr'><em>κυρίας</em></span> <span class='ocrx_word' id='word_1_66' title='bbox 594 1170 679 1211; x_wconf 90' lang='grc' dir='ltr'><em>ειυαι</em></span> <span class='ocrx_word' id='word_1_67' title='bbox 701 1141 830 1212; x_wconf 78' lang='grc' dir='ltr'><em>κελεύει</em></span> <span class='ocrx_word' id='word_1_68' title='bbox 846 1140 904 1223; x_wconf 85' lang='grc' dir='ltr'><em>τάς</em></span> <span class='ocrx_word' id='word_1_69' title='bbox 923 1140 1099 1233; x_wconf 77' lang='grc' dir='ltr'><em>διαθήκας,</em></span> 
     </span>
     <span class='ocr_line' id='line_1_11' title="bbox 131 1234 1102 1333; baseline 0.001 -19"><span class='ocrx_word' id='word_1_70' title='bbox 131 1240 214 1315; x_wconf 85' lang='grc' dir='ltr'><em>ἀλλά</em></span> <span class='ocrx_word' id='word_1_71' title='bbox 234 1234 349 1314; x_wconf 84' lang='grc' dir='ltr'><em>ἐάν</em></span> <span class='ocrx_word' id='word_1_72' title='bbox 310 1271 347 1312; x_wconf 89' lang='grc' dir='ltr'><em>εν</em></span> <span class='ocrx_word' id='word_1_73' title='bbox 370 1246 514 1333; x_wconf 67' lang='grc' dir='ltr'><em>φρονεῖν.</em></span> <span class='ocrx_word' id='word_1_74' title='bbox 550 1246 708 1313; x_wconf 75' lang='grc' dir='ltr'><em>σκεπτέον</em></span> <span class='ocrx_word' id='word_1_75' title='bbox 733 1240 774 1330; x_wconf 90' lang='grc' dir='ltr'><em>δή</em></span> <span class='ocrx_word' id='word_1_76' title='bbox 791 1238 873 1332; x_wconf 76' lang='grc' dir='ltr'><em>ὑμῖν</em></span> <span class='ocrx_word' id='word_1_77' title='bbox 890 1244 1102 1333; x_wconf 66' lang='grc' dir='ltr'><em>πρῶτονμὲν</em></span> 
     </span>
     <span class='ocr_line' id='line_1_12' title="bbox 132 1341 1102 1434; baseline 0.001 -20"><span class='ocrx_word' id='word_1_78' title='bbox 132 1352 163 1414; x_wconf 78' lang='grc' dir='ltr'><em>ελ</em></span> <span class='ocrx_word' id='word_1_79' title='bbox 184 1343 357 1433; x_wconf 77' lang='grc' dir='ltr'><em>ἐποιήσατο</em></span> <span class='ocrx_word' id='word_1_80' title='bbox 381 1342 437 1424; x_wconf 84' lang='grc' dir='ltr'><em>τάς</em></span> <span class='ocrx_word' id='word_1_81' title='bbox 462 1341 641 1433; x_wconf 89' lang='grc' dir='ltr'><em>διαθήκας,</em></span> <span class='ocrx_word' id='word_1_82' title='bbox 666 1351 778 1414; x_wconf 81' lang='grc' dir='ltr'><em>ἔπειτα</em></span> <span class='ocrx_word' id='word_1_83' title='bbox 802 1351 832 1413; x_wconf 78' lang='grc' dir='ltr'><em>εἰ</em></span> <span class='ocrx_word' id='word_1_84' title='bbox 853 1341 898 1433; x_wconf 88' lang='grc' dir='ltr'><em>μή</em></span> <span class='ocrx_word' id='word_1_85' title='bbox 922 1346 1102 1434; x_wconf 75' lang='grc' dir='ltr'><em>παρανοεῖν</em></span> 
     </span>
    </p>

    <p class='ocr_par' dir='ltr' id='par_1_5' title="bbox 81 1439 1102 2239">
     <span class='ocr_line' id='line_1_13' title="bbox 81 1439 1102 1535; baseline 0.001 -19"><span class='ocrx_word' id='word_1_86' title='bbox 81 1448 114 1501; x_wconf 79' lang='lat'><em>15</em></span> <span class='ocrx_word' id='word_1_87' title='bbox 134 1448 272 1517; x_wconf 84' lang='grc' dir='ltr'><em>διέθετο.</em></span> <span class='ocrx_word' id='word_1_88' title='bbox 312 1442 552 1532; x_wconf 75' lang='grc' dir='ltr'><em>ἀντιλεγόντων</em></span> <span class='ocrx_word' id='word_1_89' title='bbox 583 1440 615 1513; x_wconf 86' lang='grc' dir='ltr'><em>δ’</em></span> <span class='ocrx_word' id='word_1_90' title='bbox 644 1439 738 1535; x_wconf 73' lang='grc' dir='ltr'><em>ἡμῶν</em></span> <span class='ocrx_word' id='word_1_91' title='bbox 765 1444 850 1534; x_wconf 69' lang='grc' dir='ltr'><em>μηδὲ</em></span> <span class='ocrx_word' id='word_1_92' title='bbox 877 1441 914 1515; x_wconf 91' lang='grc' dir='ltr'><em>τὸ</em></span> <span class='ocrx_word' id='word_1_93' title='bbox 943 1441 1102 1535; x_wconf 75' lang='grc' dir='ltr'><em>παράπαν</em></span> 
     </span>
     <span class='ocr_line' id='line_1_14' title="bbox 131 1540 1101 1715; baseline -0.001 -99"><span class='ocrx_word' id='word_1_94' title='bbox 131 1544 349 1634; x_wconf 86' lang='grc' dir='ltr'><em>γενέσθαι</em></span> <span class='ocrx_word' id='word_1_95' title='bbox 313 1575 370 1626; x_wconf 92' lang='grc' dir='ltr'><em>τας</em></span> <span class='ocrx_word' id='word_1_96' title='bbox 394 1542 616 1715; x_wconf 64' lang='grc' dir='ltr'><em>διαθήκαςί,έ</em></span> <span class='ocrx_word' id='word_1_97' title='bbox 616 1575 636 1614; x_wconf 91' lang='grc' dir='ltr'><em>κ</em></span> <span class='ocrx_word' id='word_1_98' title='bbox 658 1554 748 1626; x_wconf 85' lang='grc' dir='ltr'><em>τίνος</em></span> <span class='ocrx_word' id='word_1_99' title='bbox 771 1540 813 1615; x_wconf 84' lang='grc' dir='ltr'><em>ἀν</em></span> <span class='ocrx_word' id='word_1_100' title='bbox 835 1543 979 1633; x_wconf 79' lang='grc' dir='ltr'><em>τρόπου,</em></span> <span class='ocrx_word' id='word_1_101' title='bbox 1004 1556 1101 1627; x_wconf 80' lang='grc' dir='ltr'><em>εἴτις</em></span> 
     </span>
     <span class='ocr_line' id='line_1_15' title="bbox 132 1642 1101 1738; baseline -0.001 -22"><span class='ocrx_word' id='word_1_102' title='bbox 132 1652 309 1738; x_wconf 72' lang='grc' dir='ltr'><em>παρανοῶν</em></span> <span class='ocrx_word' id='word_1_103' title='bbox 323 1650 472 1734; x_wconf 84' lang='grc' dir='ltr'><em>διέθετο,</em></span> <span class='ocrx_word' id='word_1_104' title='bbox 490 1653 637 1734; x_wconf 86' lang='grc' dir='ltr'><em>γνοίητε,</em></span> <span class='ocrx_word' id='word_1_105' title='bbox 657 1648 736 1734; x_wconf 77' lang='grc' dir='ltr'><em>πρὶν</em></span> <span class='ocrx_word' id='word_1_106' title='bbox 746 1642 878 1736; x_wconf 81' lang='grc' dir='ltr'><em>περλ’</em></span> <span class='ocrx_word' id='word_1_107' title='bbox 836 1648 941 1714; x_wconf 76' lang='grc' dir='ltr'><em>αυτοῦ</em></span> <span class='ocrx_word' id='word_1_108' title='bbox 950 1673 1010 1715; x_wconf 94' lang='grc' dir='ltr'><em>του</em></span> <span class='ocrx_word' id='word_1_109' title='bbox 998 1647 1101 1715; x_wconf 88' lang='grc' dir='ltr'><em>δια-</em></span> 
     </span>
     <span class='ocr_line' id='line_1_16' title="bbox 131 1735 1101 1836; baseline -0.001 -20"><span class='ocrx_word' id='word_1_110' title='bbox 131 1750 256 1818; x_wconf 86' lang='grc' dir='ltr'><em>θέσθαι</em></span> <span class='ocrx_word' id='word_1_111' title='bbox 278 1750 468 1831; x_wconf 82' lang='grc' dir='ltr'><em>πιστεῦσαι;</em></span> <span class='ocrx_word' id='word_1_112' title='bbox 491 1744 568 1826; x_wconf 81' lang='grc' dir='ltr'><em>τούς</em></span> <span class='ocrx_word' id='word_1_113' title='bbox 591 1776 652 1834; x_wconf 92' lang='grc' dir='ltr'><em>μεν</em></span> <span class='ocrx_word' id='word_1_114' title='bbox 669 1735 731 1815; x_wconf 80' lang='grc' dir='ltr'><em>οὖν</em></span> <span class='ocrx_word' id='word_1_115' title='bbox 749 1742 831 1815; x_wconf 77' lang='grc' dir='ltr'><em>κατὰ</em></span> <span class='ocrx_word' id='word_1_116' title='bbox 847 1743 921 1833; x_wconf 88' lang='grc' dir='ltr'><em>τήν</em></span> <span class='ocrx_word' id='word_1_117' title='bbox 927 1742 1061 1816; x_wconf 87' lang='grc' dir='ltr'><em>δόσιν’</em></span> <span class='ocrx_word' id='word_1_118' title='bbox 1033 1776 1101 1836; x_wconf 49' lang='grc' dir='ltr'><em>ι-αμ</em></span> 
     </span>
     <span class='ocr_line' id='line_1_17' title="bbox 132 1842 1102 1969; baseline -0.001 -51"><span class='ocrx_word' id='word_1_119' title='bbox 132 1852 376 1937; x_wconf 80' lang='grc' dir='ltr'><em>φισβητοῦντας</em></span> <span class='ocrx_word' id='word_1_120' title='bbox 402 1842 500 1938; x_wconf 78' lang='grc' dir='ltr'><em>ὁρᾶτε</em></span> <span class='ocrx_word' id='word_1_121' title='bbox 529 1843 609 1916; x_wconf 83' lang='grc' dir='ltr'><em>ὅσον</em></span> <span class='ocrx_word' id='word_1_122' title='bbox 631 1852 738 1969; x_wconf 81' lang='grc' dir='ltr'><em>ἔργον</em></span> <span class='ocrx_word' id='word_1_123' title='bbox 753 1848 842 1915; x_wconf 81' lang='grc' dir='ltr'><em>ἐστὶν</em></span> <span class='ocrx_word' id='word_1_124' title='bbox 866 1848 1046 1917; x_wconf 80' lang='grc' dir='ltr'><em>αἰσθέσθαι</em></span> <span class='ocrx_word' id='word_1_125' title='bbox 1071 1852 1102 1917; x_wconf 85' lang='grc' dir='ltr'><em>ελ</em></span> 
     </span>
     <span class='ocr_line' id='line_1_18' title="bbox 132 1943 1102 2037; baseline 0.002 -21"><span class='ocrx_word' id='word_1_126' title='bbox 132 1943 243 2036; x_wconf 87' lang='grc' dir='ltr'><em>ἀληθή</em></span> <span class='ocrx_word' id='word_1_127' title='bbox 265 1951 414 2036; x_wconf 86' lang='grc' dir='ltr'><em>λέγουσι,</em></span> <span class='ocrx_word' id='word_1_128' title='bbox 438 1944 517 2027; x_wconf 82' lang='grc' dir='ltr'><em>τοὸς</em></span> <span class='ocrx_word' id='word_1_129' title='bbox 542 1948 579 2016; x_wconf 73' lang='grc' dir='ltr'><em>δὲ</em></span> <span class='ocrx_word' id='word_1_130' title='bbox 601 1944 684 2016; x_wconf 88' lang='grc' dir='ltr'><em>κατά</em></span> <span class='ocrx_word' id='word_1_131' title='bbox 705 1944 742 2016; x_wconf 84' lang='grc' dir='ltr'><em>τό</em></span> <span class='ocrx_word' id='word_1_132' title='bbox 765 1949 860 2034; x_wconf 80' lang='grc' dir='ltr'><em>γένος</em></span> <span class='ocrx_word' id='word_1_133' title='bbox 883 1949 1015 2035; x_wconf 72' lang='grc' dir='ltr'><em>πρῶτον</em></span> <span class='ocrx_word' id='word_1_134' title='bbox 1038 1947 1102 2037; x_wconf 71' lang='grc' dir='ltr'><em>μὲν</em></span> 
     </span>
     <span class='ocr_line' id='line_1_19' title="bbox 132 2041 1101 2138; baseline 0 -21"><span class='ocrx_word' id='word_1_135' title='bbox 132 2044 234 2117; x_wconf 76' lang='grc' dir='ltr'><em>οὐδέν</em></span> <span class='ocrx_word' id='word_1_136' title='bbox 259 2054 313 2118; x_wconf 76' lang='grc' dir='ltr'><em>δεῖ</em></span> <span class='ocrx_word' id='word_1_137' title='bbox 332 2046 500 2138; x_wconf 81' lang='grc' dir='ltr'><em>μάρτυρας</em></span> <span class='ocrx_word' id='word_1_138' title='bbox 523 2050 752 2136; x_wconf 78' lang='grc' dir='ltr'><em>παρασχέσθαι</em></span> <span class='ocrx_word' id='word_1_139' title='bbox 776 2042 820 2127; x_wconf 75' lang='grc' dir='ltr'><em>οὸς</em></span> <span class='ocrx_word' id='word_1_140' title='bbox 844 2041 956 2118; x_wconf 72' lang='grc' dir='ltr'><em>αὑτων</em></span> <span class='ocrx_word' id='word_1_141' title='bbox 975 2042 1101 2118; x_wconf 80' lang='grc' dir='ltr'><em>ἐστινὸ</em></span> 
     </span>
     <span class='ocr_line' id='line_1_20' title="bbox 132 2143 1100 2239; baseline 0.001 -23"><span class='ocrx_word' id='word_1_142' title='bbox 132 2150 252 2239; x_wconf 75' lang='grc' dir='ltr'><em>κλῆρος</em></span> <span class='ocrx_word' id='word_1_143' title='bbox 271 2146 374 2237; x_wconf 75' lang='grc' dir='ltr'><em>(παρὰ</em></span> <span class='ocrx_word' id='word_1_144' title='bbox 391 2146 526 2217; x_wconf 81' lang='grc' dir='ltr'><em>πάντων</em></span> <span class='ocrx_word' id='word_1_145' title='bbox 542 2145 605 2237; x_wconf 78' lang='grc' dir='ltr'><em>γάρ</em></span> <span class='ocrx_word' id='word_1_146' title='bbox 625 2143 828 2238; x_wconf 75' lang='grc' dir='ltr'><em>ὡμολόγηται</em></span> <span class='ocrx_word' id='word_1_147' title='bbox 844 2164 913 2228; x_wconf 84' lang='grc' dir='ltr'><em>τοῖς</em></span> <span class='ocrx_word' id='word_1_148' title='bbox 932 2146 1100 2235; x_wconf 79' lang='grc' dir='ltr'><em>έγγντάτιι</em></span> 
     </span>
    </p>

    <p class='ocr_par' dir='ltr' id='par_1_6' title="bbox 80 2246 1105 2840">
     <span class='ocr_line' id='line_1_21' title="bbox 80 2246 1105 2337; baseline -0.001 -19"><span class='ocrx_word' id='word_1_149' title='bbox 80 2254 114 2310; x_wconf 80' lang='grc'><em>16</em></span> <span class='ocrx_word' id='word_1_150' title='bbox 130 2250 249 2335; x_wconf 86' lang='grc' dir='ltr'><em>γένους</em></span> <span class='ocrx_word' id='word_1_151' title='bbox 271 2247 311 2318; x_wconf 87' lang='grc' dir='ltr'><em>τά</em></span> <span class='ocrx_word' id='word_1_152' title='bbox 333 2251 396 2318; x_wconf 75' lang='grc' dir='ltr'><em>τοῦ</em></span> <span class='ocrx_word' id='word_1_153' title='bbox 416 2246 671 2336; x_wconf 84' lang='grc' dir='ltr'><em>τελευτήσαντος</em></span> <span class='ocrx_word' id='word_1_154' title='bbox 692 2247 903 2337; x_wconf 81' lang='grc' dir='ltr'><em>γίγνεσθαι),</em></span> <span class='ocrx_word' id='word_1_155' title='bbox 933 2254 1047 2317; x_wconf 80' lang='grc' dir='ltr'><em>ἔπειτα</em></span> <span class='ocrx_word' id='word_1_156' title='bbox 1068 2252 1105 2318; x_wconf 78' lang='grc' dir='ltr'><em>οἱ</em></span> 
     </span>
     <span class='ocr_line' id='line_1_22' title="bbox 130 2345 1101 2466; baseline -0.002 -47"><span class='ocrx_word' id='word_1_157' title='bbox 130 2346 226 2466; x_wconf 84' lang='grc' dir='ltr'><em>νόμοι</em></span> <span class='ocrx_word' id='word_1_158' title='bbox 249 2346 289 2419; x_wconf 89' lang='lat'><em>06</em></span> <span class='ocrx_word' id='word_1_159' title='bbox 311 2347 415 2438; x_wconf 88' lang='grc' dir='ltr'><em>μόνον</em></span> <span class='ocrx_word' id='word_1_160' title='bbox 438 2350 562 2439; x_wconf 78' lang='grc' dir='ltr'><em>οἱπερὶ</em></span> <span class='ocrx_word' id='word_1_161' title='bbox 585 2351 652 2418; x_wconf 79' lang='grc' dir='ltr'><em>των</em></span> <span class='ocrx_word' id='word_1_162' title='bbox 674 2352 782 2437; x_wconf 79' lang='grc' dir='ltr'><em>γενωι</em></span> <span class='ocrx_word' id='word_1_163' title='bbox 775 2345 883 2418; x_wconf 87' lang='grc' dir='ltr'><em>ἀλλά</em></span> <span class='ocrx_word' id='word_1_164' title='bbox 900 2350 955 2418; x_wconf 82' lang='grc' dir='ltr'><em>καλ</em></span> <span class='ocrx_word' id='word_1_165' title='bbox 973 2350 1101 2439; x_wconf 74' lang='grc' dir='ltr'><em>ολπερλ</em></span> 
     </span>
     <span class='ocr_line' id='line_1_23' title="bbox 129 2446 1102 2571; baseline -0.001 -52"><span class='ocrx_word' id='word_1_166' title='bbox 129 2452 197 2519; x_wconf 78' lang='grc' dir='ltr'><em>τῶν</em></span> <span class='ocrx_word' id='word_1_167' title='bbox 213 2448 417 2530; x_wconf 82' lang='grc' dir='ltr'><em>δόσεωυτοῑς</em></span> <span class='ocrx_word' id='word_1_168' title='bbox 430 2452 605 2538; x_wconf 81' lang='grc' dir='ltr'><em>συγγενέσι</em></span> <span class='ocrx_word' id='word_1_169' title='bbox 621 2451 798 2571; x_wconf 76' lang='grc' dir='ltr'><em>βοηθοῦσι.</em></span> <span class='ocrx_word' id='word_1_170' title='bbox 821 2451 939 2519; x_wconf 74' lang='grc' dir='ltr'><em>δοῦναι</em></span> <span class='ocrx_word' id='word_1_171' title='bbox 956 2446 1076 2537; x_wconf 72' lang='grc' dir='ltr'><em>μὲν</em></span> <span class='ocrx_word' id='word_1_172' title='bbox 1035 2477 1102 2537; x_wconf 75' lang='grc' dir='ltr'><em>γαρ</em></span> 
     </span>
     <span class='ocr_line' id='line_1_24' title="bbox 130 2543 1101 2640; baseline 0.001 -22"><span class='ocrx_word' id='word_1_173' title='bbox 130 2545 265 2640; x_wconf 89' lang='grc' dir='ltr'><em>ὁνόμος</em></span> <span class='ocrx_word' id='word_1_174' title='bbox 287 2546 402 2621; x_wconf 77' lang='grc' dir='ltr'><em>οὐδενὶ</em></span> <span class='ocrx_word' id='word_1_175' title='bbox 422 2548 511 2640; x_wconf 82' lang='grc' dir='ltr'><em>έᾷ</em></span> <span class='ocrx_word' id='word_1_176' title='bbox 475 2578 515 2619; x_wconf 90' lang='grc' dir='ltr'><em>τα</em></span> <span class='ocrx_word' id='word_1_177' title='bbox 533 2553 669 2639; x_wconf 80' lang='grc' dir='ltr'><em>ἑαυτοῦ,</em></span> <span class='ocrx_word' id='word_1_178' title='bbox 696 2543 798 2620; x_wconf 80' lang='grc' dir='ltr'><em>ἐάν</em></span> <span class='ocrx_word' id='word_1_179' title='bbox 776 2547 843 2619; x_wconf 85' lang='grc' dir='ltr'><em>υπὸ</em></span> <span class='ocrx_word' id='word_1_180' title='bbox 861 2577 970 2639; x_wconf 81' lang='grc' dir='ltr'><em>γημως</em></span> <span class='ocrx_word' id='word_1_181' title='bbox 988 2578 1009 2637; x_wconf 95' lang='grc' dir='ltr'><em>η</em></span> <span class='ocrx_word' id='word_1_182' title='bbox 1032 2544 1101 2619; x_wconf 75' lang='grc' dir='ltr'><em>ιλπό</em></span> 
     </span>
     <span class='ocr_line' id='line_1_25' title="bbox 129 2646 1099 2740; baseline -0.001 -21"><span class='ocrx_word' id='word_1_183' title='bbox 129 2648 232 2720; x_wconf 89' lang='grc' dir='ltr'><em>νόσου</em></span> <span class='ocrx_word' id='word_1_184' title='bbox 249 2646 271 2737; x_wconf 90' lang='lat'><em>6</em></span> <span class='ocrx_word' id='word_1_185' title='bbox 288 2647 355 2721; x_wconf 75' lang='grc' dir='ltr'><em>ὑπὸ</em></span> <span class='ocrx_word' id='word_1_186' title='bbox 372 2655 440 2720; x_wconf 80' lang='grc' dir='ltr'><em>των</em></span> <span class='ocrx_word' id='word_1_187' title='bbox 456 2648 597 2722; x_wconf 87' lang='grc' dir='ltr'><em>ἀλλων</em></span> <span class='ocrx_word' id='word_1_188' title='bbox 583 2681 604 2720; x_wconf 92' lang='grc' dir='ltr'><em>α</em></span> <span class='ocrx_word' id='word_1_189' title='bbox 598 2646 714 2720; x_wconf 64' lang='grc' dir='ltr'><em>καλ’</em></span> <span class='ocrx_word' id='word_1_190' title='bbox 694 2667 789 2739; x_wconf 89' lang='grc' dir='ltr'><em>υμεις</em></span> <span class='ocrx_word' id='word_1_191' title='bbox 807 2660 877 2720; x_wconf 84' lang='grc' dir='ltr'><em>λστε</em></span> <span class='ocrx_word' id='word_1_192' title='bbox 888 2646 1099 2740; x_wconf 77' lang='grc' dir='ltr'><em>παρανοήση</em></span> 
     </span>
     <span class='ocr_line' id='line_1_26' title="bbox 129 2744 1101 2840; baseline 0.005 -24"><span class='ocrx_word' id='word_1_193' title='bbox 129 2748 212 2817; x_wconf 80' lang='grc' dir='ltr'><em>κατὰ</em></span> <span class='ocrx_word' id='word_1_194' title='bbox 239 2749 334 2818; x_wconf 72' lang='grc' dir='ltr'><em>δὲ</em></span> <span class='ocrx_word' id='word_1_195' title='bbox 300 2780 337 2819; x_wconf 92' lang='grc' dir='ltr'><em>το</em></span> <span class='ocrx_word' id='word_1_196' title='bbox 355 2756 450 2838; x_wconf 81' lang='grc' dir='ltr'><em>γένος</em></span> <span class='ocrx_word' id='word_1_197' title='bbox 473 2750 581 2820; x_wconf 77' lang='grc' dir='ltr'><em>καὶ</em></span> <span class='ocrx_word' id='word_1_198' title='bbox 546 2781 584 2821; x_wconf 92' lang='grc' dir='ltr'><em>τα</em></span> <span class='ocrx_word' id='word_1_199' title='bbox 602 2756 662 2821; x_wconf 82' lang='grc' dir='ltr'><em>τοῦ</em></span> <span class='ocrx_word' id='word_1_200' title='bbox 678 2747 834 2821; x_wconf 79' lang='grc' dir='ltr'><em>ὁπωσοῦν</em></span> <span class='ocrx_word' id='word_1_201' title='bbox 853 2744 1098 2840; x_wconf 85' lang='grc' dir='ltr'><em>διακειμένου</em></span> <span class='ocrx_word' id='word_1_202' title='bbox 1081 2778 1101 2821; x_wconf 94' lang='grc' dir='ltr'><em>ο</em></span> 
     </span>
    </p>

    <p class='ocr_par' dir='ltr' id='par_1_7' title="bbox 80 2847 1104 3343">
     <span class='ocr_line' id='line_1_27' title="bbox 80 2847 1101 2974; baseline 0.006 -58"><span class='ocrx_word' id='word_1_203' title='bbox 80 2858 112 2911; x_wconf 84' lang='grc'><em>17</em></span> <span class='ocrx_word' id='word_1_204' title='bbox 132 2847 295 2937; x_wconf 78' lang='grc' dir='ltr'><em>ἐγγύτατα</em></span> <span class='ocrx_word' id='word_1_205' title='bbox 305 2853 424 2937; x_wconf 83' lang='grc' dir='ltr'><em>γένους</em></span> <span class='ocrx_word' id='word_1_206' title='bbox 435 2848 732 2940; x_wconf 79' lang='grc' dir='ltr'><em>ἀναμφισβητήτως</em></span> <span class='ocrx_word' id='word_1_207' title='bbox 750 2850 920 2940; x_wconf 80' lang='grc' dir='ltr'><em>λαμβάνει.</em></span> <span class='ocrx_word' id='word_1_208' title='bbox 947 2854 1049 2974; x_wconf 70' lang='grc' dir='ltr'><em>χωμλς</em></span> <span class='ocrx_word' id='word_1_209' title='bbox 1063 2852 1101 2922; x_wconf 69' lang='grc' dir='ltr'><em>δὲ</em></span> 
     </span>
     <span class='ocr_line' id='line_1_28' title="bbox 128 2947 1104 3042; baseline 0.004 -23"><span class='ocrx_word' id='word_1_210' title='bbox 128 2947 256 3020; x_wconf 80' lang='grc' dir='ltr'><em>τούτων</em></span> <span class='ocrx_word' id='word_1_211' title='bbox 278 2966 350 3030; x_wconf 83' lang='grc' dir='ltr'><em>ταῖς</em></span> <span class='ocrx_word' id='word_1_212' title='bbox 372 2952 433 3039; x_wconf 73' lang='grc' dir='ltr'><em>μὲν</em></span> <span class='ocrx_word' id='word_1_213' title='bbox 458 2950 634 3040; x_wconf 88' lang='grc' dir='ltr'><em>διαθήκαις</em></span> <span class='ocrx_word' id='word_1_214' title='bbox 657 2949 712 3021; x_wconf 85' lang='grc' dir='ltr'><em>διά</em></span> <span class='ocrx_word' id='word_1_215' title='bbox 734 2951 912 3042; x_wconf 81' lang='grc' dir='ltr'><em>μαρτύρων</em></span> <span class='ocrx_word' id='word_1_216' title='bbox 936 2948 1022 3042; x_wconf 76' lang='grc' dir='ltr'><em>ὑμᾶς</em></span> <span class='ocrx_word' id='word_1_217' title='bbox 1047 2958 1104 3023; x_wconf 79' lang='grc' dir='ltr'><em>δελ</em></span> 
     </span>
     <span class='ocr_line' id='line_1_29' title="bbox 129 3041 1101 3170; baseline 0.005 -52"><span class='ocrx_word' id='word_1_218' title='bbox 129 3052 320 3170; x_wconf 75' lang='grc' dir='ltr'><em>πιστεῦσαι,</em></span> <span class='ocrx_word' id='word_1_219' title='bbox 339 3046 403 3139; x_wconf 78' lang='lat'><em>66¹</em></span> <span class='ocrx_word' id='word_1_220' title='bbox 424 3041 472 3121; x_wconf 79' lang='grc' dir='ltr'><em>τόν</em></span> <span class='ocrx_word' id='word_1_221' title='bbox 490 3059 540 3122; x_wconf 86' lang='grc' dir='ltr'><em>ένι</em></span> <span class='ocrx_word' id='word_1_222' title='bbox 558 3055 614 3121; x_wconf 85' lang='grc' dir='ltr'><em>καλ</em></span> <span class='ocrx_word' id='word_1_223' title='bbox 632 3056 876 3142; x_wconf 77' lang='grc' dir='ltr'><em>ἐξαπατηθῆναι</em></span> <span class='ocrx_word' id='word_1_224' title='bbox 901 3048 1014 3142; x_wconf 87' lang='lat'><em>(06</em></span> <span class='ocrx_word' id='word_1_225' title='bbox 974 3082 1038 3143; x_wconf 76' lang='grc' dir='ltr'><em>γαρ</em></span> <span class='ocrx_word' id='word_1_226' title='bbox 1057 3047 1101 3123; x_wconf 83' lang='grc' dir='ltr'><em>ἀν</em></span> 
     </span>
     <span class='ocr_line' id='line_1_30' title="bbox 127 3138 1100 3275; baseline 0.005 -57"><span class='ocrx_word' id='word_1_227' title='bbox 127 3138 215 3238; x_wconf 87' lang='grc' dir='ltr'><em>ήσαν</em></span> <span class='ocrx_word' id='word_1_228' title='bbox 238 3154 541 3274; x_wconf 68' lang='grc' dir='ltr'><em>ψευδομαμτυριοῖν</em></span> <span class='ocrx_word' id='word_1_229' title='bbox 559 3151 781 3275; x_wconf 69' lang='grc' dir='ltr'><em>έπισκήηεις),</em></span> <span class='ocrx_word' id='word_1_230' title='bbox 811 3149 903 3242; x_wconf 76' lang='grc' dir='ltr'><em>τῇδ’</em></span> <span class='ocrx_word' id='word_1_231' title='bbox 929 3149 1100 3245; x_wconf 65' lang='grc' dir='ltr'><em>ἀγχιστεία</em></span> 
     </span>
     <span class='ocr_line' id='line_1_31' title="bbox 130 3245 1099 3343; baseline 0.004 -24"><span class='ocrx_word' id='word_1_232' title='bbox 130 3245 215 3319; x_wconf 86' lang='grc' dir='ltr'><em>δι’</em></span> <span class='ocrx_word' id='word_1_233' title='bbox 195 3255 292 3340; x_wconf 72' lang='grc' dir='ltr'><em>υμοῖν</em></span> <span class='ocrx_word' id='word_1_234' title='bbox 310 3248 436 3321; x_wconf 74' lang='grc' dir='ltr'><em>αὐτῶν</em></span> <span class='ocrx_word' id='word_1_235' title='bbox 462 3250 544 3322; x_wconf 87' lang='grc' dir='ltr'><em>κατά</em></span> <span class='ocrx_word' id='word_1_236' title='bbox 561 3251 623 3343; x_wconf 80' lang='grc' dir='ltr'><em>γάρ</em></span> <span class='ocrx_word' id='word_1_237' title='bbox 640 3250 718 3333; x_wconf 81' lang='grc' dir='ltr'><em>τούς</em></span> <span class='ocrx_word' id='word_1_238' title='bbox 735 3252 857 3342; x_wconf 89' lang='grc' dir='ltr'><em>νόμους</em></span> <span class='ocrx_word' id='word_1_239' title='bbox 875 3259 910 3322; x_wconf 84' lang='grc' dir='ltr'><em>ολ</em></span> <span class='ocrx_word' id='word_1_240' title='bbox 925 3270 1099 3341; x_wconf 76' lang='grc' dir='ltr'><em>συγγενεῖς</em></span> 
     </span>
    </p>

    <p class='ocr_par' dir='ltr' id='par_1_8' title="bbox 78 3345 1099 3547">
     <span class='ocr_line' id='line_1_32' title="bbox 78 3345 1098 3472; baseline 0.01 -55"><span class='ocrx_word' id='word_1_241' title='bbox 78 3365 112 3418; x_wconf 83' lang='grc'><em>18</em></span> <span class='ocrx_word' id='word_1_242' title='bbox 128 3345 469 3472; x_wconf 74' lang='grc' dir='ltr'><em>ἀμφισβητοῦσιν,</em></span> <span class='ocrx_word' id='word_1_243' title='bbox 435 3351 493 3434; x_wconf 80' lang='grc' dir='ltr'><em>ου“ς</em></span> <span class='ocrx_word' id='word_1_244' title='bbox 514 3351 611 3443; x_wconf 78' lang='grc' dir='ltr'><em>ὑμεῖς</em></span> <span class='ocrx_word' id='word_1_245' title='bbox 629 3360 761 3424; x_wconf 76' lang='grc' dir='ltr'><em>ἔθεσθε.</em></span> <span class='ocrx_word' id='word_1_246' title='bbox 802 3352 883 3444; x_wconf 80' lang='grc' dir='ltr'><em>πρός</em></span> <span class='ocrx_word' id='word_1_247' title='bbox 903 3353 940 3423; x_wconf 65' lang='grc' dir='ltr'><em>δὲ</em></span> <span class='ocrx_word' id='word_1_248' title='bbox 957 3353 1098 3445; x_wconf 81' lang='grc' dir='ltr'><em>τούτοις,</em></span> 
     </span>
     <span class='ocr_line' id='line_1_33' title="bbox 129 3440 1099 3547; baseline 0.009 -29"><span class='ocrx_word' id='word_1_249' title='bbox 129 3478 156 3519; x_wconf 92' lang='grc' dir='ltr'><em>ω</em></span> <span class='ocrx_word' id='word_1_250' title='bbox 144 3440 311 3543; x_wconf 81' lang='grc' dir='ltr'><em>ἀνδρες,</em></span> <span class='ocrx_word' id='word_1_251' title='bbox 331 3460 361 3522; x_wconf 81' lang='grc' dir='ltr'><em>ελ</em></span> <span class='ocrx_word' id='word_1_252' title='bbox 376 3455 438 3543; x_wconf 71' lang='grc' dir='ltr'><em>μὲν</em></span> <span class='ocrx_word' id='word_1_253' title='bbox 456 3460 490 3524; x_wconf 77' lang='grc' dir='ltr'><em>οἱ</em></span> <span class='ocrx_word' id='word_1_254' title='bbox 505 3454 586 3524; x_wconf 88' lang='grc' dir='ltr'><em>κατά</em></span> <span class='ocrx_word' id='word_1_255' title='bbox 602 3452 660 3534; x_wconf 86' lang='grc' dir='ltr'><em>τάς</em></span> <span class='ocrx_word' id='word_1_256' title='bbox 673 3452 838 3543; x_wconf 85' lang='grc' dir='ltr'><em>διαθήκας</em></span> <span class='ocrx_word' id='word_1_257' title='bbox 849 3452 1099 3547; x_wconf 79' lang='grc' dir='ltr'><em>ἀμφισβητοῦν-</em></span> 
     </span>
    </p>
   </div>
   <div class='ocr_carea' id='block_1_3' title="bbox 0 0 1174 3916">
    <p class='ocr_par' dir='ltr' id='par_1_9' title="bbox 0 0 1174 3916">
     <span class='ocr_line' id='line_1_34' title="bbox 0 0 1174 3916; baseline 0 0"><span class='ocrx_word' id='word_1_258' title='bbox 0 0 1174 3916; x_wconf 95' lang='lat' dir='ltr'><em> </em></span> 
     </span>
    </p>
   </div>
  </div>
 </body>
</html>
