2340 3916
135 171 177 235 3⁶2
422 167 425 171 ’
497 173 751 231 ΑΙΣΧΙΝΟΥ

135 335 234 419 μένος
245 309 311 402 ὑπὸ
323 337 384 400 τοῦ
394 337 472 419 βίον
483 337 544 397 τοῦ
556 333 679 398 ἑαυτοῦ
689 332 744 399 καὶ
754 339 812 420 τῆς
823 329 981 418 ἀληθείας
992 328 1093 410 ἀξιιό-

69 442 120 498 11³
137 451 187 499 σει
205 430 249 519 μη
268 434 300 512 ἐξ
321 423 371 499 όν
393 429 628 517 γιγνώσκεται,
650 426 725 497 ἀλλ’
749 434 785 498 ἐκ
810 437 877 498 τῶν
898 436 1091 517 μαρτυριῶν

137 537 329 614 κρίνεσθαι,
350 526 512 616 ἀνῄρηται
529 526 547 596 ὁ
567 529 669 615 νόμος
687 529 742 596 καλ
758 525 778 614 ἡ
794 525 951 616 ἀλήθεια,
971 530 1027 596 καλ
1038 531 1093 595 δέ-

90 671 94 676 ·
139 635 263 697 δεικται
285 631 414 715 φανερά
436 627 530 716 ὁδὸς,
554 627 601 704 δι’
626 621 666 715 ἧς
683 633 719 696 οί
732 625 773 697 τά
791 634 926 715 μέγιστα
944 655 1094 715 κακουρ-

137 736 276 815 γοῦντες
294 729 550 816 ἀποφεύξονται.
573 736 622 808 τίς
639 726 703 849 γάρ
719 724 742 815 ἢ
758 737 827 796 τῶν
846 733 1051 797 λωποδυτῶν
1074 723 1096 815 ἦ
1111 746 1145 801 91

137 854 210 949 τῳν
216 825 401 896 κλεπτῶν’“
377 857 399 955 η
412 856 480 898 τιιν
497 854 621 913 μοιχιιν
637 856 658 914 η
670 855 738 894 τιιν
757 824 1017 918 ἀνδροφόνωνῆ
1025 833 1094 895 τῶν

136 925 177 995 τά
195 920 330 1013 μέγιστα
351 956 413 1014 μεν
436 926 661 1014 ἀδικούντων,
684 928 798 1012 λάθρα
815 928 851 996 δέ
869 936 969 997 τοῦτο
989 953 1094 1048 πρατ-

62 1095 65 1099 ,
137 1055 267 1097 τουτων
278 1026 377 1094 διισει
389 1031 500 1112 δίκην
521 1029 577 1095 και
587 1053 654 1117 γαρ
663 1054 792 1094 τουτων
803 1026 885 1094 οί
851 1053 912 1112 μεν
923 1024 974 1094 ἐπ
992 1023 1095 1094 αὐτο

138 1124 243 1244 φηίρῳ
260 1121 451 1212 ἀλόντες,’
435 1127 494 1193 ιάν
509 1124 600 1212 μὲν“
587 1133 790 1212 ομολογιισι,
811 1122 1011 1212 παραχρῆμα
1027 1135 1095 1192 θα-

140 1222 229 1311 νάτῳ
247 1228 455 1310 ζημιοῦνται,
469 1230 503 1293 οί
526 1226 561 1293 δὲ
582 1226 745 1304 λαθόντες
767 1227 822 1294 καλ
843 1230 974 1312 ἔξαρνοι
996 1225 1096 1312 γενό-

138 1346 234 1406 μενοι
251 1329 421 1418 κρίνονται
437 1327 555 1402 ἐντοῖς
572 1329 815 1409 δικαστηρίοις·
830 1322 1015 1408 εὑρίσκεται
1030 1323 1095 1409 γάρ

142 1415 318 1504 ηαληθεια
330 1422 365 1486 ἐκ
376 1445 445 1486 τιιν
456 1420 604 1488 είκοτιιν
706 1483 712 1492 .

225 1516 407 1604 Χρησασθε
416 1517 456 1604 δη
466 1523 703 1614 παραδείγματι
713 1545 752 1607 τη
739 1524 869 1606 βουλη
876 1520 959 1607 τηέ
965 1515 1055 1602 Ἀρεί
1054 1542 1096 1585 ον
1114 1524 1149 1592 9'2

77 1673 79 1678 .
141 1617 268 1701 πάγου,
290 1642 337 1706 τῳ
358 1603 582 1705 ἀκριβεστάτῳ
604 1620 766 1707 συνεδρίῳ
788 1623 857 1684 τῶν
876 1618 912 1683 ἐν
931 1641 971 1701 τη
956 1614 1093 1682 ’πόλει

95 1803 98 1809 ,
142 1713 286 1793 πολλους
295 1740 361 1800 γαρ
373 1713 437 1801 ἥδη
448 1713 547 1836 ἔγωγ’
558 1721 694 1801 ἐναγχος
704 1716 896 1802 τεθεωρηκα
907 1717 943 1783 ἐν
954 1739 999 1804 τῳ
988 1720 1096 1801 βου-

125 1896 128 1900 ⁴
142 1818 302 1900 λευτηρίῳ
315 1813 421 1903 τούτῳ
432 1806 472 1880 εὖ
484 1813 576 1882 πάνυ
587 1815 739 1893 εἰπόντας
748 1819 806 1882 καλ
817 1815 987 1901 μάρτυρας
997 1836 1096 1896 πορι-

142 1914 307 1999 σαμένους
324 1908 480 1989 άλόντας·
502 1910 566 1997 ἤδη
584 1914 623 1979 δέ
639 1938 731 1991 τινας
752 1911 842 1980 πάνυ
857 1918 967 1989 κακῶς
983 1915 1097 2007 διαλε-

140 2019 282 2095 χθέντας
302 2010 357 2078 καὶ
379 2002 515 2095 πράγμα
537 2009 730 2095 ἀμάρτυρον
752 2016 886 2096 ἔχοντας
906 2009 981 2077 οἶδα
1000 2008 1098 2093 νική-

25 2153 29 2159 -
143 2127 273 2186 σαντας.
296 2107 338 2175 οὐ
357 2108 422 2192 γάρ
440 2111 476 2175 ἐκ
487 2115 548 2175 τοῦ
559 2110 663 2194 λόγου
675 2110 783 2195 μόνον
794 2107 869 2177 οὐδ’
882 2112 998 2177 ἐκτῶν
1008 2132 1098 2193 μαρ-

142 2214 280 2291 τυριιῑν,
292 2203 367 2273 ἀλλ’
380 2209 413 2286 ἐξ
425 2198 474 2274 οἷν
484 2204 578 2275 αὐτοὶ
590 2217 680 2276 ίσασι
690 2209 746 2276 καὶ
756 2207 945 2296 ἐξητάκασι,
957 2203 1019 2292 την
1029 2213 1097 2292 ψῆ-

12 2374 17 2386 ,
144 2329 213 2388 φον
232 2305 382 2389 φέρουσι.
405 2305 574 2391 τοιγάρτοι
591 2311 734 2375 διατελεῖ
745 2313 843 2375 Ιτοῦτο
861 2303 898 2374 τδ
917 2309 1096 2391 συνέδριον

27 2429 30 2434 ·
144 2400 344 2489 εὐδοκιμοῦν
355 2405 392 2471 ἐν
402 2411 442 2492 τῇ
454 2404 558 2495 πόλει.
570 2401 632 2473 τόν
649 2402 754 2472 αὐτόν
770 2413 887 2472 τοίνυν
902 2404 1046 2489 τρόπον,
1069 2395 1096 2470 οἷ
1114 2422 1149 2476 93

140 2500 320 2589 Ἀθηναῖοι,
332 2503 388 2569 καὶ
399 2500 492 2589 ὑμεῖς
504 2502 566 2589 την
576 2509 686 2587 κρίσιν
696 2503 822 2589 ταύτην
831 2503 1029 2591 ποιήσασθε,
1041 2504 1097 2577 καὶ

144 2608 277 2685 πρῶτον
301 2604 362 2687 μὲν
382 2602 486 2687 μηδὲν
507 2598 587 2688 ὑμῖν
608 2608 691 2670 έστοι
714 2602 910 2685 πιστότερον
931 2592 980 2669 ὦν
1002 2598 1097 2681 αὐτοὶ

144 2698 279 2766 σύνιστε
299 2701 354 2766 καλ
370 2703 529 2767 πέπεισθε
547 2702 621 2782 περὶ
641 2699 809 2786 Τιμάρχου
825 2702 969 2784 τουτουὶ,
986 2703 1097 2765 ἔπειτα

143 2795 180 2864 τό
193 2805 328 2884 πρᾶγμα
338 2808 496 2885 θεωρεῖτε
505 2796 550 2885 μὴ
563 2802 598 2867 ἐκ
617 2807 678 2868 τοῦ
696 2798 877 2885 παρόντος,
901 2795 974 2866 ἀλλ’
987 2801 1023 2865 ἐκ
1034 2803 1097 2864 τοῦ

144 2898 414 2983 παρεληλυθότος
430 2898 564 2983 χρόνου.
587 2903 623 2966 οί
637 2896 779 2983 μὲνγὰρ
796 2901 834 2965 ἐν
849 2904 896 2986 τῳ
909 2902 1099 2981 παρεληλυ-

78 3008 129 3063 114
146 2993 223 3060 θότι
239 2994 348 3084 χρόνῳ
365 2995 459 3079 λόγοι
476 2994 648 3080 λεγόμενοι
671 2997 746 3079 περὶ
765 2993 932 3080 Τιμάρχου
953 2994 1009 3059 καὶ
1029 2997 1099 3058 τῶν

36 3120 41 3128 ·
144 3091 267 3159 τούτου
278 3093 546 3181 ἐπιτηδευμάτων
559 3092 613 3159 διά
626 3091 689 3178 την
701 3091 864 3178 ἀλήθειαν
875 3095 1043 3176 ἐλέγοντο,
1061 3091 1102 3154 ὀί

147 3185 175 3255 δ’
184 3192 222 3257 ἐν
229 3193 308 3277 τῇδε
320 3186 469 3279 τῇὴμέρρι
477 3190 701 3277 ῥηθησόμενοι
710 3185 1100 3275 διάτηιικρίσιντῆςόμε-

146 3287 242 3371 τέρας
252 3286 379 3372 ἀπάτης
388 3289 494 3356 ἕνεκα.
519 3289 661 3359 ἀπόδοτε
673 3281 736 3357 οὖν
747 3286 811 3375 την
820 3296 936 3375 ψῆφον
948 3295 993 3380 τῳ
1007 3293 1100 3354 πλεί-

147 3410 201 3450 ονι
211 3385 320 3474 χρόνῳ
338 3383 450 3474 καδ’τῇ
467 3384 607 3476 ἀληθείᾳ
620 3389 674 3454 καλ
686 3383 734 3464 οἷς
745 3384 838 3454 αὐτοὶ
849 3385 943 3472 ὑμεῖς
954 3384 1096 3453 σύνιστε.
1142 3462 1145 3471 Ι
