2340 3916
108 205 151 264 44
522 197 650 250 μενον
971 197 1022 248 οι.
1041 198 1066 250 κ

109 371 280 452 σκέψασθε
309 368 346 438 δὲ
375 369 430 437 καλ
458 370 534 459 περὶ
561 372 622 438 τού
643 375 771 458 ἔχοντος
794 366 855 457 τήν
881 364 1077 459 ἀδελφιδῆν

109 467 171 556 τήν
187 467 306 539 τούτου
323 485 483 557 γυναῖκα,
509 467 566 539 ε’ἀυ
582 467 647 558 ἀρα
664 497 694 538 τι
711 471 844 557 γένηται
862 472 918 539 καὶ
937 473 974 538 ἐκ
991 469 1066 539 τού-

110 598 169 639 του
186 569 361 659 τεκμήριον
378 564 422 649 ὥς
439 575 507 639 ἔστι
524 573 634 656 ψευδῆ
655 567 694 639 τά
711 572 985 659 μεμαρτυρημένα
1003 581 1066 640 Νι-

70 680 91 731 *5
110 668 253 763 κοδῆμμ.
281 665 324 751 ὦς
341 670 402 760 μὲν
419 659 481 739 ούυ
497 665 685 758 ἠγγυήσατο
703 673 758 739 καὶ
771 676 889 757 ἔλαβεν
903 665 946 751 ὥς
959 659 1068 741 οὖσαν

112 773 145 852 ἐξ
163 770 293 861 ἑταίρας
316 767 377 857 τήν
400 785 559 858 γυναῖκα,
583 773 800 839 ἐπιδέδεικται
824 771 879 839 καλ
901 770 1067 860 μεμαρτύ-

108 861 221 960 ρηται·
259 866 303 950 οἱς
334 875 354 938 δ
358 866 366 891 ’
396 867 523 957 ἀληθής
551 865 572 956 ῆ
601 877 790 991 μαρτυρία
793 873 884 940 ἐστὶν
899 866 1066 958 ναύτη,ο
1054 866 1063 893 ‘

110 975 274 1059 Ξενοκλῆς
296 967 394 1050 αύτδς
412 976 497 1064 ἔργῳ
519 965 581 1040 ούκ
597 964 709 1092 όλίγρυ
732 968 852 1059 χρόνον
874 966 938 1091 ῆδη
955 966 1068 1092 ἀληθῆ

111 1073 214 1140 ταύτα
234 1067 469 1160 μεμαρτύρηκε.
515 1071 616 1158 δῆλον
644 1066 706 1160 γάρ
728 1066 778 1140 ὅτι
802 1076 833 1139 εί
852 1067 897 1188 μῆ
919 1066 1067 1158 ῆγγύητο

111 1167 199 1258 παρά
216 1198 281 1239 του
264 1166 468 1240 Ἐνδίου’
444 1198 488 1251 ως
507 1171 580 1253 ἐξ
563 1178 693 1260 εταίρας
711 1159 815 1239 οὖσαν
832 1165 893 1257 τήν
910 1187 1068 1260 γυναῖκα,

110 1267 217 1340 ὄντων
228 1265 324 1392 μύτμ
313 1275 471 1340 παίδων
481 1267 545 1392 ήδη
562 1268 763 1358 τηλικούτων
782 1273 885 1357 ἕκτης
897 1270 1068 1359 γυναικός,

111 1373 206 1454 ζοῖυτι
223 1364 265 1441 ἀν
287 1400 332 1464 τῳ
321 1367 463 1464 Ἐυδίρι
480 1366 766 1460 ῆμφισβῆτησεΓ
746 1371 810 1440 va}
812 1399 831 1461 ρ
855 1373 911 1457 τῆς
928 1380 1067 1459 γνησίας

70 1492 93 1546 ’τυ
109 1467 275 1561 θυγατρός
293 1474 359 1541 τοῖν
371 1470 543 1564 πατρῴων,
562 1468 668 1551 ἀλλοις
685 1474 787 1540 τεκαὶ
800 1474 1066 1560 παρεσκευασμέ-

109 1598 166 1651 νος
183 1569 227 1660 μῆ
244 1566 416 1661 ὁμολογεῖν
433 1569 493 1660 τῆν
509 1575 570 1642 τοῦ
583 1568 712 1643 Ἐυδίον
729 1579 863 1658 ποίησιν
879 1573 926 1663 τῷ
937 1570 1067 1664 Πύρρῳ

110 1674 282 1758 γενέσθαι·
310 1667 354 1753 οἱς
368 1669 409 1760 δή
420 1669 482 1761 οὐχ
493 1667 663 1763 ὁμολογῶν
675 1697 744 1752 πως
763 1670 979 1759 ἐπισκήπτειν
998 1686 1069 1752 τοῖς

109 1769 393 1863 μεμαρτυρηκόσιν
417 1775 470 1843 ἐπὶ
493 1776 534 1862 τῆ
558 1769 703 1860 διαθήκη
726 1774 788 1841 τού
804 1770 944 1862 Πύρρου
961 1798 1065 1862 παρα·

109 1874 274 1958 γενέσθαι.
302 1875 356 1943 καὶ
375 1869 420 1954 ὥς
436 1869 548 1961 ἀληθῆ
558 1876 654 1961 λέγω,
672 1869 899 1960 ἀναγνώσεται
910 1867 993 1960 ύμῖν
1004 1869 1069 1959 τήν

109 1981 294 2063 μαρτυρίαν
311 1971 372 2060 τήν
384 1985 662 2063 μαρτυρηδεῖσαν.
687 1967 929 2060 Ἀναγίγνοτσκε
940 1968 1084 2054 αὐτοῖς..

489 2136 685 2188 ΜΑΡΤΤΡΙΑ.

70 2293 92 2344 ἀ
183 2271 278 2345 Ἀλλά
294 2273 360 2365 μὴν
382 2271 515 2346 κάκεῖνό
532 2303 570 2364 γε
588 2279 704 2363 δῆλον,
730 2271 774 2356 ὥς
791 2272 852 2366 ούχ
869 2272 1068 2368 ὁμολογοῦσι

109 2371 170 2462 τήν
187 2375 248 2445 τού
261 2371 391 2447 Ἐυδίου
414 2384 546 2464 ποίησιν
569 2370 635 2446 ύπὸ
658 2380 719 2445 τού
735 2374 874 2467 Πύρρου
896 2381 1065 2465 γενέσθαι.

109 2470 150 2544 ού
167 2472 230 2566 γάρ
253 2471 295 2546 ἀν
312 2471 515 2567 ύπερβάντες
536 2474 595 2546 τόν
610 2484 800 2547 τελευταῖον
823 2505 881 2599 τρυ
872 2480 994 2548 οἶκον
1011 2507 1065 2599 γε·

108 2579 290 2666 γενημίνον
313 2576 516 2667 κληρονόμον
537 2571 685 2667 ὑπὲρ
644 2605 702 2664 της
719 2574 876 2664 γυναικός
892 2581 952 2647 τού
970 2577 1065 2667 Πύρ

109 2703 170 2765 ρου
193 2676 326 2797 κλήρου
340 2686 452 2767 λαχεῖν
473 2675 535 2766 τήν
559 2681 651 2765 λῆξιν
673 2666 877 2764 ῆξίωσαν
834 2705 933 2747 ουτοι.
968 2672 1068 2766 ὁμὲν

109 2773 172 2866 γὰρ
190 2775 322 2867 Πύρρος
346 2786 449 2848 πλείω
472 2772 509 2871 ῆ
517 2783 680 2847 είκοσιν”
662 2805 717 2865 ετη
739 2775 969 2865 τετελεύτηκεν
986 2775 1066 2867 ῆδη,

109 2870 204 2945 66?
199 2882 318 2958 Ενδιος
341 2906 401 2947 του
389 2862 701 2964 Μεταγειτνιῶνος
723 2872 826 2967 μηνός
847 2879 1002 2966 πέρυσιν,
1029 2882 1068 2949 ἐν

109 3003 135 3068 μ
123 2965 269 3098 ἔλαχον
285 3006 345 3047 του
333 2975 485 3068 κλήρου
508 2974 570 3065 τῆν
586 2981 679 3065 λῆξιν
701 2971 831 3067 τρίτη’
812 2980 918 3069 ημίρᾳ
937 2975 1066 3060 εὐθέως

70 3091 91 3142 »8
107 3064 207 3147 οὗτοι.
249 3072 268 3148 6
297 3079 334 3147 δὲ
360 3075 460 3167 νόμος
483 3080 581 3148 πέντε
609 3080 691 3198 ἐτοῖν
713 3076 839 3147 κελεύει
865 3077 1068 3150 δικάσασθαι

107 3204 166 3246 του
155 3175 317 3305 κλήρου,
337 3175 472 3249 ἐπειδὰν
484 3176 661 3269 τελευτῆση
673 3206 691 3247 ο
679 3172 910 3269 κληρονόμος.
938 3175 1068 3251 ούκούν

110 3276 258 3348 δυοιν
221 3306 261 3347 τοι
278 3281 373 3370 ἕτεροι
390 3282 535 3371 προσῆκε
553 3283 595 3369 τῆ
610 3285 768 3400 γυμαικί,
784 3307 804 3366 η
789 3273 918 3362 ’ζωντι
935 3282 982 3372 τῷ
996 3275 1064 3349 Ἐν·

109 3383 170 3470 δίῳ
187 3374 432 3500 ἀμφισβητῆσαι
455 3384 522 3451 τῶν
546 3376 723 3470 πατρύων,
747 3407 768 3466 η
754 3373 900 3466 ἐπειδη
917 3388 1066 3450 τετελευ-

107 3505 213 3565 τηκως
236 3468 279 3566 ῆυ
302 3475 320 3550 6
343 3488 543 3568 εἰσποίητος,
566 3482 633 3549 τοῖν
654 3506 713 3549 του
702 3475 888 3568 ἀδελφού
909 3476 971 3568 τήν
997 3483 1066 3550 ἐπι-
