2340 3916
137 191 180 255 64
502 186 720 240 ΑαΔοιιιεον

138 350 304 439 άμαρτίας
330 347 371 415 τά
396 344 463 414 άπδ
488 349 558 414 τάν
585 351 693 433 έργων
720 358 840 434 σημεῖα
868 349 969 430 ἔφατε
992 349 1113 434 χρῆναι

139 450 322 521 πιστότατα
353 448 548 537 ποιούμενοι
578 446 685 515 κακόν
720 473 762 534 με
796 443 907 536 άνδρα
941 444 1113 536 ἡγεῖσθαι,

141 550 231 622 οὕτω
248 553 307 621 καὶ
333 552 388 620 έπλ
406 552 448 639 τῇ
466 554 536 619 νῦν
555 545 674 638 εόνοίηι
697 547 742 636 μὴ
767 555 893 636 ζητεῖτε
912 548 1030 637 ἑτέραν
1048 549 1115 637 βά-

141 676 247 724 σανον
265 650 285 742 ἣ
303 653 344 722 τά
363 651 430 721 άπό
445 657 515 720 τῶν
528 651 611 721 νυνὶ
628 656 737 739 έργων
753 664 873 738 σημεῖα
889 648 977 736 άμίν
994 653 1113 739 γιγνό-

103 778 128 819 τι
141 784 235 845 μενα.
265 754 353 825 πολι)
367 754 409 824 δέ
418 780 475 841 μοι
489 753 648 843 προσήκει
664 756 774 821 ταῦτα
787 756 921 839 μάλλον
943 750 948 839 λ
974 753 1115 822 ἐκείνων

90 882 123 932 26
141 860 199 928 καὶ
217 862 265 950 τῷ
283 857 374 944 γένει
392 853 625 945 συνηθέστερά
639 856 716 923 έστι.
745 851 826 923 τάδε
839 853 906 944 γάρ
921 851 962 922 οό
983 867 1116 935 ψευσα-

141 961 234 1053 μένῳ
258 985 314 1047 μοι
337 966 458 1028 λαθεῖν
476 951 583 1026 οἷόντ’
612 959 680 1025 ἐστι
697 956 781 1035 τοός
806 982 845 1041 γε
862 958 1116 1046 πρεσβυτέρους

140 1060 258 1149 ὑμῶν,
289 1057 340 1128 ότι
365 1058 381 1127 ό
406 1062 470 1128 τοό
502 1062 587 1146 ἐμοῦ
612 1057 740 1146 πατρός
765 1056 903 1139 πάππος
929 1059 1115 1148 Λεωγόρας

143 1161 324 1242 στασιάσας
349 1160 436 1249 πρὸς
459 1161 542 1241 τούς
567 1159 761 1250 τυράννους
789 1156 878 1250 ὑπὲρ
902 1164 966 1229 τοῦ
993 1160 1117 1249 δήμου,

143 1265 219 1346 ἐξὸν
246 1262 341 1354 αὐτῷ
360 1263 598 1350 διαλλαχθέντι
622 1265 682 1351 τῆς
708 1266 833 1352 ἔχθρας
857 1262 916 1330 καὶ
942 1263 1117 1354 γενομένῳ

143 1368 290 1454 κηδεστῇ
305 1361 402 1454 άρξαι
414 1361 486 1452 μετ’
504 1367 645 1435 ἐκείνων
659 1365 731 1433 τάν
744 1363 886 1453 άνδράν
899 1368 960 1450 τῆς
973 1362 1117 1447 πόλεως,

143 1472 250 1537 είλετο
267 1468 398 1554 μᾶλλον
413 1469 568 1536 ἐκπεσεῖν
586 1465 668 1555 μετά
686 1469 749 1534 τοῦ
767 1466 877 1553 δήμου
896 1466 956 1535 καὶ
975 1465 1118 1554 φεύγων

143 1578 354 1638 κακοπαθεῖν
378 1572 509 1655 μάλλον
527 1564 549 1656 ἢ
565 1567 734 1658 προδότης
759 1565 876 1637 αὐτῶν
901 1572 1117 1654 καταστῆναι.

146 1667 227 1739 ὥστ’
250 1676 360 1758 ἔμοιγε
377 1670 435 1738 καὶ
453 1670 509 1740 διά
527 1669 569 1738 τά
587 1675 657 1738 τῶν
675 1670 857 1759 προγόνων
878 1676 960 1760 ἔργα
977 1668 1118 1749 εἰκότως

144 1770 291 1862 άπάρχει
309 1774 477 1864 δημοτικῷ
495 1768 601 1861 εἶναι,
620 1780 713 1862 εἴπερ
732 1797 765 1840 τι
783 1770 870 1841 άλλά
886 1777 955 1841 νῦν
973 1798 1011 1858 γε
1030 1798 1119 1862 φρο-

146 1874 219 1941 νῶν
236 1872 407 1961 τυγχάνω.
445 1864 494 1943 ὧν
512 1874 570 1942 καὶ
589 1875 688 1944 ἕνεκα
706 1873 797 1955 είκός
821 1872 934 1962 όμάς,
959 1872 1018 1944 ἐάν
1036 1899 1119 1962 χρη-

147 1975 225 2054 στδς
251 1967 299 2043 όν
324 1972 410 2062 ἀνὴρ
437 1982 488 2055 είς
518 1972 610 2062 ὑμᾶς
639 1983 831 2064 φαίνωμαι,
859 1974 1120 2065 προθυμότερόν

95 2100 128 2148 27
146 2102 213 2163 μου
233 2073 459 2160 άποδέχεσθαι
477 2076 518 2145 τά
540 2077 763 2166 πραττόμενα.
791 2078 830 2146 τό
849 2076 888 2146 δέ
902 2076 1027 2157 δόντας
1046 2078 1120 2164 ἐμοὶ

145 2176 208 2264 την
227 2173 343 2247 άδειαυ
358 2173 546 2265 άφελέσθαι
559 2177 669 2268 όμᾶς,
688 2169 727 2249 εὖ
748 2188 818 2250 ίστε
832 2176 883 2248 ὅτι
901 2176 1121 2249 οὐδεπώποτε

147 2276 382 2367 ἠγανάκτησα·
415 2275 502 2350 ὅπου
534 2279 600 2371 γάρ
625 2280 694 2350 όπδ
720 2283 790 2350 τῶν
823 2279 962 2371 ἄνδρων
986 2279 1120 2351 τοότων

147 2378 247 2449 αότοὶ
272 2386 321 2461 είς
345 2379 436 2469 άμάς
463 2380 591 2463 αότούς
617 2385 797 2471 ἐπείσθητε
814 2382 857 2452 τά
884 2384 1024 2471 μέγιστα
1044 2381 1121 2463 ἑξα-

148 2495 308 2581 μαρτεϊν,
329 2480 413 2553 ὥστε
427 2480 504 2553 άντλ
519 2488 579 2572 τῆς
597 2482 702 2573 άρχης
718 2488 880 2555 δουλείαν
898 2482 1122 2574 ἀλλάξασθαι,

149 2587 185 2654 έκ
210 2589 438 2676 δημοκρατίας
463 2590 669 2656 δυναστείαν
695 2587 983 2676 καταστήσαντες,
1014 2592 1050 2655 τί
1079 2584 1122 2654 άν

147 2711 197 2765 τις
214 2684 315 2774 ὑμῶν
339 2685 505 2775 θαυμάζοι
522 2689 580 2757 καὶ
599 2695 648 2768 είς
668 2688 725 2777 ἐμὲ
743 2697 778 2758 εί
790 2714 821 2757 τι
847 2690 1025 2777 ἐπείσθητε
1044 2685 1122 2767 ἐξα-

103 2781 137 2832 28
153 2801 311 2876 μαρτεῖν;
330 2795 518 2878 βουλοίμην
535 2788 629 2877 μέντ’
650 2788 712 2879 όν,
732 2787 844 2881 ὥσπερ
860 2793 897 2861 έν
910 2804 982 2871 τοῖς
999 2786 1122 2877 όμετέ-

154 2913 224 2975 ροις
252 2885 367 2957 αὐτῶν
393 2889 606 2980 πράγμασιν,
638 2893 752 2980 ἐπειδὴ
784 2894 943 2974 ἐξουσίαν
974 2890 1123 2979 ἐλάβετε,

150 2986 211 3068 τάς
226 2990 296 3057 τῶν
311 2991 593 3078 ἐξαπατησάντων
605 2992 696 3082 όμᾶς
711 2993 862 3083 άκόρους
874 3000 968 3064 ἔθετε
980 2994 1123 3082 βουλάς,

151 3085 241 3158 οὕτω
259 3092 317 3159 καὶ
344 3093 380 3160 έν
401 3083 427 3184 ᾧ
447 3094 523 3181 περὶ
544 3097 626 3182 ἐμοῦ
648 3098 825 3184 ἐπείσθητε
842 3101 977 3183 γνῶναί
991 3121 1023 3164 τι
1040 3093 1122 3165 άνε-

217 3323 258 3441 βό.
277 3320 513 3471 ιζπίιίτὶόεςίίάππος
527 3408 587 3445 cum
599 3393 699 3448 Valek.
713 3394 805 3448 Turn:
802 3387 1122 3473 πατρδςπρόπαππος.

151 3457 186 3511 ef
208 3459 237 3522 1,
258 3459 367 3509 106.-
384 3448 458 3511 αλλα
477 3477 530 3512 νυν
549 3477 580 3528 γε
599 3462 666 3517 Bk
687 3452 760 3514 αλλο
779 3478 834 3515 νυν
852 3478 894 3529 γε

217 3528 262 3576 ⁶27.
281 3522 428 3592 θαυμάζει
446 3529 523 3580 ABZ.
