<?xml version="1.0" encoding="UTF-8"?>
<!DOCTYPE html PUBLIC "-//W3C//DTD XHTML 1.0 Transitional//EN"
    "http://www.w3.org/TR/xhtml1/DTD/xhtml1-transitional.dtd">
<html xmlns="http://www.w3.org/1999/xhtml" xml:lang="en" lang="en">
 <head>
  <title>
</title>
<meta http-equiv="Content-Type" content="text/html;charset=utf-8" />
  <meta name='ocr-system' content='tesseract 3.04.00' />
  <meta name='ocr-capabilities' content='ocr_page ocr_carea ocr_par ocr_line ocrx_word'/>
</head>
<body>
  <div class='ocr_page' id='page_1' title='image "./orationescumali00isaegoog/orationescumali00isaegoog_0722.png"; bbox 0 0 2340 3916; ppageno 0'>
   <div class='ocr_carea' id='block_1_1' title="bbox 438 173 1031 235">
    <p class='ocr_par' dir='ltr' id='par_1_1' title="bbox 438 173 1031 235">
     <span class='ocr_line' id='line_1_1' title="bbox 438 173 1031 235; baseline 0.008 -5"><span class='ocrx_word' id='word_1_1' title='bbox 438 183 649 234; x_wconf 76' lang='lat' dir='ltr'>sarssrrro.</span> <span class='ocrx_word' id='word_1_2' title='bbox 967 173 1031 235; x_wconf 86' lang='lat' dir='ltr'>XV</span> 
     </span>
    </p>
   </div>
   <div class='ocr_carea' id='block_1_2' title="bbox 60 340 1032 1017">
    <p class='ocr_par' dir='ltr' id='par_1_2' title="bbox 60 340 1032 507">
     <span class='ocr_line' id='line_1_2' title="bbox 63 340 1032 423; baseline 0 -20"><span class='ocrx_word' id='word_1_3' title='bbox 63 345 108 404; x_wconf 91' lang='lat' dir='ltr'>tia</span> <span class='ocrx_word' id='word_1_4' title='bbox 130 344 163 402; x_wconf 92' lang='lat' dir='ltr'>in</span> <span class='ocrx_word' id='word_1_5' title='bbox 186 341 337 423; x_wconf 84' lang='lat' dir='ltr'>epitaphii</span> <span class='ocrx_word' id='word_1_6' title='bbox 358 340 438 402; x_wconf 91' lang='lat' dir='ltr'>libro</span> <span class='ocrx_word' id='word_1_7' title='bbox 460 343 487 402; x_wconf 86' lang='lat' dir='ltr'>si</span> <span class='ocrx_word' id='word_1_8' title='bbox 509 362 573 402; x_wconf 90' lang='lat' dir='ltr'>non</span> <span class='ocrx_word' id='word_1_9' title='bbox 596 341 763 418; x_wconf 74' lang='lat' dir='ltr'>crebriora,</span> <span class='ocrx_word' id='word_1_10' title='bbox 788 343 928 404; x_wconf 83' lang='lat' dir='ltr'>foediora</span> <span class='ocrx_word' id='word_1_11' title='bbox 950 352 1032 405; x_wconf 87' lang='lat' dir='ltr'>certe</span> 
     </span>
     <span class='ocr_line' id='line_1_3' title="bbox 60 426 937 507; baseline -0.001 -19"><span class='ocrx_word' id='word_1_12' title='bbox 60 428 156 488; x_wconf 90' lang='lat' dir='ltr'>multo</span> <span class='ocrx_word' id='word_1_13' title='bbox 179 447 271 506; x_wconf 90' lang='lat' dir='ltr'>quam</span> <span class='ocrx_word' id='word_1_14' title='bbox 292 428 325 486; x_wconf 92' lang='lat' dir='ltr'>in</span> <span class='ocrx_word' id='word_1_15' title='bbox 348 426 446 486; x_wconf 90' lang='lat' dir='ltr'>altero</span> <span class='ocrx_word' id='word_1_16' title='bbox 469 427 675 507; x_wconf 88' lang='lat' dir='ltr'>reperiuntur.</span> <span class='ocrx_word' id='word_1_17' title='bbox 866 429 869 434; x_wconf 54' lang='lat'><strong><em>⁴</em></strong></span> <span class='ocrx_word' id='word_1_18' title='bbox 934 438 937 442; x_wconf 70' lang='grc'><strong>“</strong></span> 
     </span>
    </p>

    <p class='ocr_par' dir='ltr' id='par_1_3' title="bbox 60 511 1032 1017">
     <span class='ocr_line' id='line_1_4' title="bbox 147 511 1031 592; baseline 0.002 -22"><span class='ocrx_word' id='word_1_19' title='bbox 147 511 200 572; x_wconf 93' lang='lat' dir='ltr'>Ad</span> <span class='ocrx_word' id='word_1_20' title='bbox 222 511 437 573; x_wconf 88' lang='lat' dir='ltr'>auctoritatem</span> <span class='ocrx_word' id='word_1_21' title='bbox 458 520 562 572; x_wconf 91' lang='lat' dir='ltr'>autem</span> <span class='ocrx_word' id='word_1_22' title='bbox 582 512 744 590; x_wconf 90' lang='lat' dir='ltr'>utriusque</span> <span class='ocrx_word' id='word_1_23' title='bbox 759 511 843 592; x_wconf 91' lang='lat' dir='ltr'>quod</span> <span class='ocrx_word' id='word_1_24' title='bbox 858 513 970 573; x_wconf 91' lang='lat' dir='ltr'>attinet</span> <span class='ocrx_word' id='word_1_25' title='bbox 984 513 1031 572; x_wconf 90' lang='lat' dir='ltr'>in-</span> 
     </span>
     <span class='ocr_line' id='line_1_5' title="bbox 62 593 1031 677; baseline -0.001 -20"><span class='ocrx_word' id='word_1_26' title='bbox 62 605 298 677; x_wconf 78' lang='lat' dir='ltr'>corruptamque</span> <span class='ocrx_word' id='word_1_27' title='bbox 324 596 418 658; x_wconf 89' lang='lat' dir='ltr'>fidem</span> <span class='ocrx_word' id='word_1_28' title='bbox 448 593 533 674; x_wconf 82' lang='lat' dir='ltr'>(nam</span> <span class='ocrx_word' id='word_1_29' title='bbox 561 596 620 656; x_wconf 88' lang='lat' dir='ltr'>ista</span> <span class='ocrx_word' id='word_1_30' title='bbox 647 595 775 675; x_wconf 91' lang='lat' dir='ltr'>quidem</span> <span class='ocrx_word' id='word_1_31' title='bbox 803 598 942 677; x_wconf 81' lang='lat' dir='ltr'>quamvis</span> <span class='ocrx_word' id='word_1_32' title='bbox 968 599 1031 657; x_wconf 89' lang='lat' dir='ltr'>sint</span> 
     </span>
     <span class='ocr_line' id='line_1_6' title="bbox 61 683 1032 761; baseline -0.001 -18"><span class='ocrx_word' id='word_1_33' title='bbox 61 683 145 756; x_wconf 81' lang='lat' dir='ltr'>vitia,</span> <span class='ocrx_word' id='word_1_34' title='bbox 169 683 287 743; x_wconf 88' lang='lat' dir='ltr'>leviora</span> <span class='ocrx_word' id='word_1_35' title='bbox 309 690 391 742; x_wconf 92' lang='lat' dir='ltr'>certe</span> <span class='ocrx_word' id='word_1_36' title='bbox 413 690 485 742; x_wconf 89' lang='lat' dir='ltr'>sunt</span> <span class='ocrx_word' id='word_1_37' title='bbox 507 701 650 761; x_wconf 90' lang='lat' dir='ltr'>quaeque</span> <span class='ocrx_word' id='word_1_38' title='bbox 671 683 827 742; x_wconf 90' lang='lat' dir='ltr'>neminem</span> <span class='ocrx_word' id='word_1_39' title='bbox 843 701 1032 761; x_wconf 84' lang='lat' dir='ltr'>magnopere</span> 
     </span>
     <span class='ocr_line' id='line_1_7' title="bbox 60 766 1031 847; baseline -0.001 -20"><span class='ocrx_word' id='word_1_40' title='bbox 60 766 231 846; x_wconf 90' lang='lat' dir='ltr'>morentur)</span> <span class='ocrx_word' id='word_1_41' title='bbox 261 767 392 846; x_wconf 87' lang='lat' dir='ltr'>primum</span> <span class='ocrx_word' id='word_1_42' title='bbox 420 767 555 827; x_wconf 92' lang='lat' dir='ltr'>omnium</span> <span class='ocrx_word' id='word_1_43' title='bbox 582 775 667 828; x_wconf 89' lang='lat' dir='ltr'>aetas</span> <span class='ocrx_word' id='word_1_44' title='bbox 695 767 835 827; x_wconf 88' lang='lat' dir='ltr'>codicum</span> <span class='ocrx_word' id='word_1_45' title='bbox 860 766 1031 847; x_wconf 90' lang='lat' dir='ltr'>spectanda</span> 
     </span>
     <span class='ocr_line' id='line_1_8' title="bbox 61 851 1029 931; baseline -0.001 -18"><span class='ocrx_word' id='word_1_46' title='bbox 61 860 117 913; x_wconf 90' lang='lat' dir='ltr'>est.</span> <span class='ocrx_word' id='word_1_47' title='bbox 157 852 205 913; x_wconf 91' lang='lat' dir='ltr'>Ao</span> <span class='ocrx_word' id='word_1_48' title='bbox 232 852 271 912; x_wconf 93' lang='lat' dir='ltr'>de</span> <span class='ocrx_word' id='word_1_49' title='bbox 297 851 488 912; x_wconf 86' lang='lat' dir='ltr'>iudicialium</span> <span class='ocrx_word' id='word_1_50' title='bbox 511 851 636 931; x_wconf 90' lang='lat' dir='ltr'>quidem</span> <span class='ocrx_word' id='word_1_51' title='bbox 662 852 754 912; x_wconf 88' lang='lat' dir='ltr'>trium</span> <span class='ocrx_word' id='word_1_52' title='bbox 779 853 953 912; x_wconf 90' lang='lat' dir='ltr'>orationum</span> <span class='ocrx_word' id='word_1_53' title='bbox 979 871 1029 912; x_wconf 87' lang='lat' dir='ltr'>ex·</span> 
     </span>
     <span class='ocr_line' id='line_1_9' title="bbox 62 936 1032 1017; baseline -0.002 -20"><span class='ocrx_word' id='word_1_54' title='bbox 62 938 163 1017; x_wconf 91' lang='lat' dir='ltr'>emplo</span> <span class='ocrx_word' id='word_1_55' title='bbox 187 937 344 1017; x_wconf 86' lang='lat' dir='ltr'>Sauppius</span> <span class='ocrx_word' id='word_1_56' title='bbox 365 937 553 998; x_wconf 89' lang='lat' dir='ltr'>sententiam</span> <span class='ocrx_word' id='word_1_57' title='bbox 569 936 671 1011; x_wconf 88' lang='lat' dir='ltr'>dedit,</span> <span class='ocrx_word' id='word_1_58' title='bbox 694 957 759 997; x_wconf 91' lang='lat' dir='ltr'>non</span> <span class='ocrx_word' id='word_1_59' title='bbox 781 937 881 997; x_wconf 86' lang='lat' dir='ltr'>videri</span> <span class='ocrx_word' id='word_1_60' title='bbox 907 937 940 996; x_wconf 95' lang='lat' dir='ltr'>id</span> <span class='ocrx_word' id='word_1_61' title='bbox 962 945 1032 1015; x_wconf 88' lang='lat' dir='ltr'>post</span> 
     </span>
    </p>
   </div>
   <div class='ocr_carea' id='block_1_3' title="bbox 61 1020 1157 1084">
    <p class='ocr_par' dir='ltr' id='par_1_4' title="bbox 61 1020 1157 1084">
     <span class='ocr_line' id='line_1_10' title="bbox 61 1020 1157 1084; baseline -0.001 -3"><span class='ocrx_word' id='word_1_62' title='bbox 61 1023 197 1083; x_wconf 91' lang='lat' dir='ltr'>medium</span> <span class='ocrx_word' id='word_1_63' title='bbox 217 1021 375 1083; x_wconf 86' lang='lat' dir='ltr'>saeculum</span> <span class='ocrx_word' id='word_1_64' title='bbox 401 1021 571 1083; x_wconf 86' lang='lat' dir='ltr'>secundum</span> <span class='ocrx_word' id='word_1_65' title='bbox 598 1030 671 1082; x_wconf 91' lang='lat' dir='ltr'>ante</span> <span class='ocrx_word' id='word_1_66' title='bbox 696 1020 768 1084; x_wconf 87' lang='lat' dir='ltr'>Ohr.</span> <span class='ocrx_word' id='word_1_67' title='bbox 791 1030 899 1083; x_wconf 90' lang='lat' dir='ltr'>natum</span> <span class='ocrx_word' id='word_1_68' title='bbox 927 1021 1031 1082; x_wconf 86' lang='lat' dir='ltr'>conse·</span> <span class='ocrx_word' id='word_1_69' title='bbox 1133 1048 1157 1067; x_wconf 84' lang='lat'>··</span> 
     </span>
    </p>
   </div>
   <div class='ocr_carea' id='block_1_4' title="bbox 60 1105 1061 3565">
    <p class='ocr_par' dir='ltr' id='par_1_5' title="bbox 60 1105 1061 2884">
     <span class='ocr_line' id='line_1_11' title="bbox 61 1105 1031 1186; baseline -0.001 -19"><span class='ocrx_word' id='word_1_70' title='bbox 61 1116 143 1167; x_wconf 86' lang='lat' dir='ltr'>otum</span> <span class='ocrx_word' id='word_1_71' title='bbox 166 1127 242 1170; x_wconf 88' lang='lat' dir='ltr'>esse.</span> <span class='ocrx_word' id='word_1_72' title='bbox 288 1105 414 1186; x_wconf 78' lang='lat' dir='ltr'>Colligit</span> <span class='ocrx_word' id='word_1_73' title='bbox 435 1107 495 1167; x_wconf 93' lang='lat' dir='ltr'>hoc</span> <span class='ocrx_word' id='word_1_74' title='bbox 516 1126 555 1168; x_wconf 85' lang='lat' dir='ltr'>ex</span> <span class='ocrx_word' id='word_1_75' title='bbox 576 1109 806 1186; x_wconf 89' lang='lat' dir='ltr'>comparatione</span> <span class='ocrx_word' id='word_1_76' title='bbox 827 1106 958 1168; x_wconf 92' lang='lat' dir='ltr'>aliorum</span> <span class='ocrx_word' id='word_1_77' title='bbox 979 1126 1031 1166; x_wconf 85' lang='lat' dir='ltr'>vo·</span> 
     </span>
     <span class='ocr_line' id='line_1_12' title="bbox 60 1190 1032 1272; baseline -0.001 -21"><span class='ocrx_word' id='word_1_78' title='bbox 60 1193 226 1267; x_wconf 90' lang='lat' dir='ltr'>luminum,</span> <span class='ocrx_word' id='word_1_79' title='bbox 263 1212 392 1271; x_wconf 91' lang='lat' dir='ltr'>quorum</span> <span class='ocrx_word' id='word_1_80' title='bbox 418 1200 503 1252; x_wconf 88' lang='lat' dir='ltr'>actas</span> <span class='ocrx_word' id='word_1_81' title='bbox 532 1193 644 1260; x_wconf 85' lang='lat' dir='ltr'>certius</span> <span class='ocrx_word' id='word_1_82' title='bbox 675 1193 796 1254; x_wconf 90' lang='lat' dir='ltr'>definiri</span> <span class='ocrx_word' id='word_1_83' title='bbox 826 1199 944 1272; x_wconf 88' lang='lat' dir='ltr'>potest,</span> <span class='ocrx_word' id='word_1_84' title='bbox 974 1190 1032 1250; x_wconf 91' lang='lat' dir='ltr'>ita·</span> 
     </span>
     <span class='ocr_line' id='line_1_13' title="bbox 61 1276 1034 1370; baseline -0.002 -34"><span class='ocrx_word' id='word_1_85' title='bbox 61 1297 122 1356; x_wconf 91' lang='lat' dir='ltr'>que</span> <span class='ocrx_word' id='word_1_86' title='bbox 143 1278 243 1337; x_wconf 81' lang='lat' dir='ltr'>virum</span> <span class='ocrx_word' id='word_1_87' title='bbox 265 1276 388 1337; x_wconf 90' lang='lat' dir='ltr'>doctum</span> <span class='ocrx_word' id='word_1_88' title='bbox 408 1276 442 1340; x_wconf 88' lang='lat' dir='ltr'>J.</span> <span class='ocrx_word' id='word_1_89' title='bbox 465 1277 502 1340; x_wconf 91' lang='grc' dir='ltr'>Β.</span> <span class='ocrx_word' id='word_1_90' title='bbox 523 1276 685 1355; x_wconf 88' lang='lat' dir='ltr'>Lightfoot</span> <span class='ocrx_word' id='word_1_91' title='bbox 705 1296 898 1339; x_wconf 80' lang='lat' dir='ltr'>assensorem</span> <span class='ocrx_word' id='word_1_92' title='bbox 923 1283 1034 1370; x_wconf 69' lang='lat' dir='ltr'>naotqp</span> 
     </span>
     <span class='ocr_line' id='line_1_14' title="bbox 61 1361 1032 1441; baseline 0 -19"><span class='ocrx_word' id='word_1_93' title='bbox 61 1371 117 1422; x_wconf 88' lang='lat' dir='ltr'>est.</span> <span class='ocrx_word' id='word_1_94' title='bbox 162 1362 243 1422; x_wconf 89' lang='lat' dir='ltr'>Nam</span> <span class='ocrx_word' id='word_1_95' title='bbox 269 1361 424 1440; x_wconf 91' lang='lat' dir='ltr'>Babingto</span> <span class='ocrx_word' id='word_1_96' title='bbox 453 1361 579 1441; x_wconf 88' lang='lat' dir='ltr'>quidem</span> <span class='ocrx_word' id='word_1_97' title='bbox 610 1363 725 1441; x_wconf 91' lang='lat' dir='ltr'>primus</span> <span class='ocrx_word' id='word_1_98' title='bbox 757 1363 858 1424; x_wconf 88' lang='lat' dir='ltr'>editor</span> <span class='ocrx_word' id='word_1_99' title='bbox 884 1361 1032 1422; x_wconf 88' lang='lat' dir='ltr'>incertius</span> 
     </span>
     <span class='ocr_line' id='line_1_15' title="bbox 61 1446 1033 1527; baseline 0 -22"><span class='ocrx_word' id='word_1_100' title='bbox 61 1447 210 1506; x_wconf 86' lang='lat' dir='ltr'>iudicium</span> <span class='ocrx_word' id='word_1_101' title='bbox 231 1447 364 1526; x_wconf 87' lang='lat' dir='ltr'>profert:</span> <span class='ocrx_word' id='word_1_102' title='bbox 393 1447 539 1527; x_wconf 82' lang='lat' dir='ltr'>proximis</span> <span class='ocrx_word' id='word_1_103' title='bbox 572 1446 691 1508; x_wconf 90' lang='lat' dir='ltr'>duobus</span> <span class='ocrx_word' id='word_1_104' title='bbox 717 1448 769 1509; x_wconf 80' lang='lat' dir='ltr'>vel</span> <span class='ocrx_word' id='word_1_105' title='bbox 795 1455 868 1508; x_wconf 91' lang='lat' dir='ltr'>ante</span> <span class='ocrx_word' id='word_1_106' title='bbox 890 1447 942 1507; x_wconf 88' lang='lat' dir='ltr'>vel</span> <span class='ocrx_word' id='word_1_107' title='bbox 963 1453 1033 1524; x_wconf 90' lang='lat' dir='ltr'>post</span> 
     </span>
     <span class='ocr_line' id='line_1_16' title="bbox 63 1529 1031 1611; baseline 0 -21"><span class='ocrx_word' id='word_1_108' title='bbox 63 1529 218 1592; x_wconf 81' lang='lat' dir='ltr'>Christum</span> <span class='ocrx_word' id='word_1_109' title='bbox 239 1540 347 1593; x_wconf 90' lang='lat' dir='ltr'>natum</span> <span class='ocrx_word' id='word_1_110' title='bbox 368 1533 498 1593; x_wconf 85' lang='lat' dir='ltr'>saeculis</span> <span class='ocrx_word' id='word_1_111' title='bbox 521 1532 670 1610; x_wconf 90' lang='lat' dir='ltr'>scriptum</span> <span class='ocrx_word' id='word_1_112' title='bbox 692 1551 770 1592; x_wconf 87' lang='lat' dir='ltr'>esse.</span> <span class='ocrx_word' id='word_1_113' title='bbox 804 1530 967 1611; x_wconf 82' lang='lat' dir='ltr'>Epitaphii</span> <span class='ocrx_word' id='word_1_114' title='bbox 982 1551 1031 1590; x_wconf 93' lang='lat' dir='ltr'>co·</span> 
     </span>
     <span class='ocr_line' id='line_1_17' title="bbox 62 1615 1033 1696; baseline -0.003 -19"><span class='ocrx_word' id='word_1_115' title='bbox 62 1617 162 1677; x_wconf 84' lang='lat' dir='ltr'>dicem</span> <span class='ocrx_word' id='word_1_116' title='bbox 176 1617 259 1677; x_wconf 91' lang='lat' dir='ltr'>idem</span> <span class='ocrx_word' id='word_1_117' title='bbox 272 1618 320 1677; x_wconf 83' lang='lat' dir='ltr'>vir</span> <span class='ocrx_word' id='word_1_118' title='bbox 335 1616 451 1691; x_wconf 88' lang='lat' dir='ltr'>doctus,</span> <span class='ocrx_word' id='word_1_119' title='bbox 469 1619 658 1678; x_wconf 87' lang='lat' dir='ltr'>assentiente</span> <span class='ocrx_word' id='word_1_120' title='bbox 674 1616 821 1696; x_wconf 83' lang='lat' dir='ltr'>Sauppio,</span> <span class='ocrx_word' id='word_1_121' title='bbox 846 1615 886 1675; x_wconf 92' lang='lat' dir='ltr'>ad</span> <span class='ocrx_word' id='word_1_122' title='bbox 901 1616 1033 1676; x_wconf 92' lang='lat' dir='ltr'>alterum</span> 
     </span>
     <span class='ocr_line' id='line_1_18' title="bbox 60 1699 1031 1781; baseline -0.002 -20"><span class='ocrx_word' id='word_1_123' title='bbox 60 1711 131 1781; x_wconf 90' lang='lat' dir='ltr'>post</span> <span class='ocrx_word' id='word_1_124' title='bbox 147 1700 219 1762; x_wconf 83' lang='lat' dir='ltr'>Ohr.</span> <span class='ocrx_word' id='word_1_125' title='bbox 242 1711 350 1762; x_wconf 90' lang='lat' dir='ltr'>natum</span> <span class='ocrx_word' id='word_1_126' title='bbox 364 1702 521 1762; x_wconf 85' lang='lat' dir='ltr'>saeculum</span> <span class='ocrx_word' id='word_1_127' title='bbox 536 1702 641 1776; x_wconf 74' lang='lat' dir='ltr'>refert,</span> <span class='ocrx_word' id='word_1_128' title='bbox 664 1702 792 1781; x_wconf 88' lang='lat' dir='ltr'>propius</span> <span class='ocrx_word' id='word_1_129' title='bbox 812 1709 917 1760; x_wconf 89' lang='lat' dir='ltr'>tamen</span> <span class='ocrx_word' id='word_1_130' title='bbox 932 1699 1031 1779; x_wconf 90' lang='lat' dir='ltr'>primo</span> 
     </span>
     <span class='ocr_line' id='line_1_19' title="bbox 61 1784 1030 1865; baseline -0.001 -21"><span class='ocrx_word' id='word_1_131' title='bbox 61 1805 153 1864; x_wconf 91' lang='lat' dir='ltr'>quam</span> <span class='ocrx_word' id='word_1_132' title='bbox 174 1787 276 1847; x_wconf 86' lang='lat' dir='ltr'>tertie.</span> <span class='ocrx_word' id='word_1_133' title='bbox 319 1787 369 1846; x_wconf 93' lang='lat' dir='ltr'>De</span> <span class='ocrx_word' id='word_1_134' title='bbox 398 1807 435 1846; x_wconf 92' lang='lat' dir='ltr'>eo</span> <span class='ocrx_word' id='word_1_135' title='bbox 461 1786 521 1846; x_wconf 91' lang='lat' dir='ltr'>hoo</span> <span class='ocrx_word' id='word_1_136' title='bbox 549 1805 671 1865; x_wconf 88' lang='lat' dir='ltr'>quoquc</span> <span class='ocrx_word' id='word_1_137' title='bbox 699 1806 763 1847; x_wconf 93' lang='lat' dir='ltr'>non</span> <span class='ocrx_word' id='word_1_138' title='bbox 790 1784 1030 1864; x_wconf 86' lang='lat' dir='ltr'>neglegendum,</span> 
     </span>
     <span class='ocr_line' id='line_1_20' title="bbox 62 1869 1033 1950; baseline -0.001 -21"><span class='ocrx_word' id='word_1_139' title='bbox 62 1870 146 1949; x_wconf 89' lang='lat' dir='ltr'>quod</span> <span class='ocrx_word' id='word_1_140' title='bbox 172 1871 205 1929; x_wconf 94' lang='lat' dir='ltr'>in</span> <span class='ocrx_word' id='word_1_141' title='bbox 233 1878 320 1948; x_wconf 90' lang='lat' dir='ltr'>tergo</span> <span class='ocrx_word' id='word_1_142' title='bbox 349 1871 415 1930; x_wconf 90' lang='lat' dir='ltr'>eius</span> <span class='ocrx_word' id='word_1_143' title='bbox 443 1870 627 1949; x_wconf 88' lang='lat' dir='ltr'>astrologica</span> <span class='ocrx_word' id='word_1_144' title='bbox 652 1870 805 1950; x_wconf 88' lang='lat' dir='ltr'>quaedam</span> <span class='ocrx_word' id='word_1_145' title='bbox 827 1869 868 1930; x_wconf 90' lang='lat' dir='ltr'>de</span> <span class='ocrx_word' id='word_1_146' title='bbox 889 1869 1033 1948; x_wconf 88' lang='lat' dir='ltr'>genitura</span> 
     </span>
     <span class='ocr_line' id='line_1_21' title="bbox 62 1953 1031 2032; baseline -0.002 -17"><span class='ocrx_word' id='word_1_147' title='bbox 62 1953 271 2015; x_wconf 84' lang='lat' dir='ltr'>consimilibus</span> <span class='ocrx_word' id='word_1_148' title='bbox 291 1954 403 2014; x_wconf 90' lang='lat' dir='ltr'>litteris</span> <span class='ocrx_word' id='word_1_149' title='bbox 424 1955 539 2032; x_wconf 90' lang='lat' dir='ltr'>scripta</span> <span class='ocrx_word' id='word_1_150' title='bbox 560 1963 640 2029; x_wconf 88' lang='lat' dir='ltr'>sunt,</span> <span class='ocrx_word' id='word_1_151' title='bbox 665 1963 696 2015; x_wconf 90' lang='lat' dir='ltr'>et</span> <span class='ocrx_word' id='word_1_152' title='bbox 717 1955 847 2015; x_wconf 82' lang='lat' dir='ltr'>inferius</span> <span class='ocrx_word' id='word_1_153' title='bbox 868 1955 931 2014; x_wconf 88' lang='lat' dir='ltr'>alia</span> <span class='ocrx_word' id='word_1_154' title='bbox 945 1974 1031 2032; x_wconf 90' lang='lat' dir='ltr'>pror·</span> 
     </span>
     <span class='ocr_line' id='line_1_22' title="bbox 61 2039 1030 2119; baseline -0.001 -19"><span class='ocrx_word' id='word_1_155' title='bbox 61 2061 112 2100; x_wconf 89' lang='lat' dir='ltr'>sus</span> <span class='ocrx_word' id='word_1_156' title='bbox 136 2040 257 2101; x_wconf 81' lang='lat' dir='ltr'>diverso</span> <span class='ocrx_word' id='word_1_157' title='bbox 281 2059 397 2118; x_wconf 82' lang='lat' dir='ltr'>genere</span> <span class='ocrx_word' id='word_1_158' title='bbox 423 2041 595 2119; x_wconf 86' lang='lat' dir='ltr'>scripturae</span> <span class='ocrx_word' id='word_1_159' title='bbox 624 2041 812 2119; x_wconf 83' lang='lat' dir='ltr'>cognitoque</span> <span class='ocrx_word' id='word_1_160' title='bbox 841 2039 1030 2114; x_wconf 83' lang='lat' dir='ltr'>difficillimo,</span> 
     </span>
     <span class='ocr_line' id='line_1_23' title="bbox 62 2124 1032 2205; baseline -0.002 -19"><span class='ocrx_word' id='word_1_161' title='bbox 62 2125 140 2186; x_wconf 91' lang='lat' dir='ltr'>adeo</span> <span class='ocrx_word' id='word_1_162' title='bbox 163 2133 197 2185; x_wconf 92' lang='lat' dir='ltr'>ut</span> <span class='ocrx_word' id='word_1_163' title='bbox 219 2126 266 2185; x_wconf 80' lang='lat' dir='ltr'>vir</span> <span class='ocrx_word' id='word_1_164' title='bbox 289 2125 395 2185; x_wconf 90' lang='lat' dir='ltr'>doctus</span> <span class='ocrx_word' id='word_1_165' title='bbox 419 2124 573 2186; x_wconf 83' lang='lat' dir='ltr'>Goodwin</span> <span class='ocrx_word' id='word_1_166' title='bbox 593 2124 784 2205; x_wconf 88' lang='lat' dir='ltr'>Aegyptiam</span> <span class='ocrx_word' id='word_1_167' title='bbox 804 2125 943 2204; x_wconf 91' lang='lat' dir='ltr'>linguam</span> <span class='ocrx_word' id='word_1_168' title='bbox 965 2143 1032 2185; x_wconf 89' lang='lat' dir='ltr'>esse</span> 
     </span>
     <span class='ocr_line' id='line_1_24' title="bbox 61 2209 1032 2291; baseline 0 -21"><span class='ocrx_word' id='word_1_169' title='bbox 61 2218 159 2289; x_wconf 91' lang='lat' dir='ltr'>putet.</span> <span class='ocrx_word' id='word_1_170' title='bbox 202 2209 389 2271; x_wconf 84' lang='lat' dir='ltr'>Huiusmodi</span> <span class='ocrx_word' id='word_1_171' title='bbox 415 2218 518 2271; x_wconf 89' lang='lat' dir='ltr'>autem</span> <span class='ocrx_word' id='word_1_172' title='bbox 545 2211 728 2291; x_wconf 85' lang='lat' dir='ltr'>scripturam</span> <span class='ocrx_word' id='word_1_173' title='bbox 755 2218 787 2271; x_wconf 92' lang='lat' dir='ltr'>et</span> <span class='ocrx_word' id='word_1_174' title='bbox 806 2209 1032 2288; x_wconf 82' lang='lat' dir='ltr'>Euxenippeae</span> 
     </span>
     <span class='ocr_line' id='line_1_25' title="bbox 62 2294 1032 2376; baseline -0.001 -22"><span class='ocrx_word' id='word_1_175' title='bbox 62 2295 220 2373; x_wconf 81' lang='lat' dir='ltr'>inscriptio</span> <span class='ocrx_word' id='word_1_176' title='bbox 242 2304 393 2356; x_wconf 88' lang='lat' dir='ltr'>monstrat</span> <span class='ocrx_word' id='word_1_177' title='bbox 414 2304 445 2357; x_wconf 91' lang='lat' dir='ltr'>et</span> <span class='ocrx_word' id='word_1_178' title='bbox 467 2295 619 2375; x_wconf 84' lang='lat' dir='ltr'>quaedam</span> <span class='ocrx_word' id='word_1_179' title='bbox 645 2296 707 2356; x_wconf 90' lang='lat' dir='ltr'>alia</span> <span class='ocrx_word' id='word_1_180' title='bbox 728 2294 924 2376; x_wconf 86' lang='lat' dir='ltr'>Aegyptiaoa</span> <span class='ocrx_word' id='word_1_181' title='bbox 944 2295 1032 2353; x_wconf 88' lang='lat' dir='ltr'>volu·</span> 
     </span>
     <span class='ocr_line' id='line_1_26' title="bbox 61 2379 1031 2460; baseline -0.004 -19"><span class='ocrx_word' id='word_1_182' title='bbox 61 2381 154 2453; x_wconf 90' lang='lat' dir='ltr'>mina,</span> <span class='ocrx_word' id='word_1_183' title='bbox 179 2399 258 2459; x_wconf 88' lang='lat' dir='ltr'>quae</span> <span class='ocrx_word' id='word_1_184' title='bbox 280 2382 394 2460; x_wconf 89' lang='lat' dir='ltr'>partim</span> <span class='ocrx_word' id='word_1_185' title='bbox 407 2381 656 2442; x_wconf 90' lang='lat' dir='ltr'>Ptolemaeorum</span> <span class='ocrx_word' id='word_1_186' title='bbox 677 2388 819 2454; x_wconf 85' lang='lat' dir='ltr'>aetatem,</span> <span class='ocrx_word' id='word_1_187' title='bbox 843 2380 956 2459; x_wconf 89' lang='lat' dir='ltr'>partim</span> <span class='ocrx_word' id='word_1_188' title='bbox 969 2379 1031 2438; x_wconf 85' lang='lat' dir='ltr'>Ro·</span> 
     </span>
     <span class='ocr_line' id='line_1_27' title="bbox 61 2464 1061 2544; baseline 0.001 -19"><span class='ocrx_word' id='word_1_189' title='bbox 61 2486 184 2525; x_wconf 88' lang='lat' dir='ltr'>manam</span> <span class='ocrx_word' id='word_1_190' title='bbox 205 2464 352 2544; x_wconf 88' lang='lat' dir='ltr'>produnt.</span> <span class='ocrx_word' id='word_1_191' title='bbox 394 2466 613 2528; x_wconf 87' lang='lat' dir='ltr'>Recentiorem</span> <span class='ocrx_word' id='word_1_192' title='bbox 639 2485 705 2527; x_wconf 87' lang='lat' dir='ltr'>esse</span> <span class='ocrx_word' id='word_1_193' title='bbox 733 2464 846 2525; x_wconf 91' lang='lat' dir='ltr'>librum</span> <span class='ocrx_word' id='word_1_194' title='bbox 872 2465 970 2524; x_wconf 90' lang='lat' dir='ltr'>altero</span> <span class='ocrx_word' id='word_1_195' title='bbox 994 2483 1033 2526; x_wconf 81' lang='lat' dir='ltr'>ex</span> <span class='ocrx_word' id='word_1_196' title='bbox 1059 2484 1061 2488; x_wconf 86' lang='lat'>·</span> 
     </span>
     <span class='ocr_line' id='line_1_28' title="bbox 64 2548 1032 2627; baseline 0 -17"><span class='ocrx_word' id='word_1_197' title='bbox 64 2570 115 2622; x_wconf 86' lang='lat' dir='ltr'>ec,</span> <span class='ocrx_word' id='word_1_198' title='bbox 146 2549 230 2627; x_wconf 92' lang='lat' dir='ltr'>quod</span> <span class='ocrx_word' id='word_1_199' title='bbox 258 2550 411 2610; x_wconf 87' lang='lat' dir='ltr'>deteriora</span> <span class='ocrx_word' id='word_1_200' title='bbox 436 2553 470 2610; x_wconf 94' lang='lat' dir='ltr'>in</span> <span class='ocrx_word' id='word_1_201' title='bbox 493 2571 529 2612; x_wconf 93' lang='lat' dir='ltr'>eo</span> <span class='ocrx_word' id='word_1_202' title='bbox 557 2559 630 2611; x_wconf 88' lang='lat' dir='ltr'>sunt</span> <span class='ocrx_word' id='word_1_203' title='bbox 652 2551 768 2624; x_wconf 87' lang='lat' dir='ltr'>omnia,</span> <span class='ocrx_word' id='word_1_204' title='bbox 797 2548 941 2612; x_wconf 84' lang='lat' dir='ltr'>concludi</span> <span class='ocrx_word' id='word_1_205' title='bbox 966 2568 1032 2610; x_wconf 90' lang='lat' dir='ltr'>non</span> 
     </span>
     <span class='ocr_line' id='line_1_29' title="bbox 62 2631 1029 2714; baseline 0 -22"><span class='ocrx_word' id='word_1_206' title='bbox 62 2653 153 2712; x_wconf 90' lang='lat' dir='ltr'>posse</span> <span class='ocrx_word' id='word_1_207' title='bbox 168 2652 223 2692; x_wconf 90' lang='lat' dir='ltr'>suo</span> <span class='ocrx_word' id='word_1_208' title='bbox 239 2633 305 2693; x_wconf 88' lang='lat' dir='ltr'>iure</span> <span class='ocrx_word' id='word_1_209' title='bbox 323 2631 549 2712; x_wconf 79' lang='lat' dir='ltr'>Comparettius</span> <span class='ocrx_word' id='word_1_210' title='bbox 565 2635 740 2714; x_wconf 83' lang='lat' dir='ltr'>contendit3</span> <span class='ocrx_word' id='word_1_211' title='bbox 765 2636 869 2714; x_wconf 90' lang='lat' dir='ltr'>itaque</span> <span class='ocrx_word' id='word_1_212' title='bbox 892 2635 919 2694; x_wconf 88' lang='lat' dir='ltr'>si</span> <span class='ocrx_word' id='word_1_213' title='bbox 933 2632 1029 2707; x_wconf 90' lang='lat' dir='ltr'>illum,</span> 
     </span>
     <span class='ocr_line' id='line_1_30' title="bbox 61 2718 1032 2797; baseline 0.001 -19"><span class='ocrx_word' id='word_1_214' title='bbox 61 2719 145 2778; x_wconf 91' lang='lat' dir='ltr'>hunc</span> <span class='ocrx_word' id='word_1_215' title='bbox 173 2737 295 2797; x_wconf 89' lang='lat' dir='ltr'>quoque</span> <span class='ocrx_word' id='word_1_216' title='bbox 323 2718 413 2779; x_wconf 89' lang='lat' dir='ltr'>alteri</span> <span class='ocrx_word' id='word_1_217' title='bbox 441 2740 469 2780; x_wconf 87' lang='lat' dir='ltr'>a.</span> <span class='ocrx_word' id='word_1_218' title='bbox 495 2718 568 2780; x_wconf 79' lang='lat' dir='ltr'>Chr.</span> <span class='ocrx_word' id='word_1_219' title='bbox 589 2722 713 2781; x_wconf 86' lang='lat' dir='ltr'>saeculo</span> <span class='ocrx_word' id='word_1_220' title='bbox 741 2719 917 2782; x_wconf 84' lang='lat' dir='ltr'>adscribere</span> <span class='ocrx_word' id='word_1_221' title='bbox 937 2718 1032 2779; x_wconf 88' lang='lat' dir='ltr'>licere</span> 
     </span>
     <span class='ocr_line' id='line_1_31' title="bbox 62 2812 161 2884; baseline 0 -19"><span class='ocrx_word' id='word_1_222' title='bbox 62 2812 161 2884; x_wconf 89' lang='lat' dir='ltr'>putat.</span> 
     </span>
    </p>

    <p class='ocr_par' dir='ltr' id='par_1_6' title="bbox 64 2887 1044 3565">
     <span class='ocr_line' id='line_1_32' title="bbox 150 2887 1033 2968; baseline -0.001 -19"><span class='ocrx_word' id='word_1_223' title='bbox 150 2887 239 2968; x_wconf 75' lang='lat' dir='ltr'>Quae</span> <span class='ocrx_word' id='word_1_224' title='bbox 252 2909 320 2949; x_wconf 87' lang='lat' dir='ltr'>oum</span> <span class='ocrx_word' id='word_1_225' title='bbox 332 2888 376 2948; x_wconf 89' lang='lat' dir='ltr'>ita</span> <span class='ocrx_word' id='word_1_226' title='bbox 385 2887 456 2961; x_wconf 88' lang='lat' dir='ltr'>sint,</span> <span class='ocrx_word' id='word_1_227' title='bbox 473 2888 657 2967; x_wconf 87' lang='lat' dir='ltr'>antiquitate</span> <span class='ocrx_word' id='word_1_228' title='bbox 672 2896 801 2968; x_wconf 91' lang='lat' dir='ltr'>uterque</span> <span class='ocrx_word' id='word_1_229' title='bbox 813 2888 895 2950; x_wconf 91' lang='lat' dir='ltr'>liber</span> <span class='ocrx_word' id='word_1_230' title='bbox 909 2896 1033 2968; x_wconf 91' lang='lat' dir='ltr'>praeter</span> 
     </span>
     <span class='ocr_line' id='line_1_33' title="bbox 65 2972 1032 3054; baseline 0 -22"><span class='ocrx_word' id='word_1_231' title='bbox 65 2994 170 3034; x_wconf 91' lang='lat' dir='ltr'>omnes</span> <span class='ocrx_word' id='word_1_232' title='bbox 190 2975 256 3035; x_wconf 85' lang='lat' dir='ltr'>fere</span> <span class='ocrx_word' id='word_1_233' title='bbox 278 2981 428 3054; x_wconf 88' lang='lat' dir='ltr'>quotquot</span> <span class='ocrx_word' id='word_1_234' title='bbox 446 2972 594 3034; x_wconf 86' lang='lat' dir='ltr'>habemus</span> <span class='ocrx_word' id='word_1_235' title='bbox 616 2973 692 3033; x_wconf 88' lang='lat' dir='ltr'>alios</span> <span class='ocrx_word' id='word_1_236' title='bbox 707 2974 890 3052; x_wconf 90' lang='lat' dir='ltr'>conspicuus</span> <span class='ocrx_word' id='word_1_237' title='bbox 913 2981 974 3051; x_wconf 83' lang='lat' dir='ltr'>est3</span> <span class='ocrx_word' id='word_1_238' title='bbox 999 2981 1032 3032; x_wconf 91' lang='lat' dir='ltr'>at</span> 
     </span>
     <span class='ocr_line' id='line_1_34' title="bbox 64 3057 1031 3138; baseline 0 -20"><span class='ocrx_word' id='word_1_239' title='bbox 64 3060 206 3120; x_wconf 90' lang='lat' dir='ltr'>nimirum</span> <span class='ocrx_word' id='word_1_240' title='bbox 228 3080 291 3119; x_wconf 91' lang='lat' dir='ltr'>non</span> <span class='ocrx_word' id='word_1_241' title='bbox 313 3059 380 3120; x_wconf 88' lang='lat' dir='ltr'>sola</span> <span class='ocrx_word' id='word_1_242' title='bbox 407 3059 575 3138; x_wconf 89' lang='lat' dir='ltr'>antiquitas</span> <span class='ocrx_word' id='word_1_243' title='bbox 596 3057 767 3119; x_wconf 91' lang='lat' dir='ltr'>bonitatem</span> <span class='ocrx_word' id='word_1_244' title='bbox 792 3057 924 3117; x_wconf 88' lang='lat' dir='ltr'>fidemve</span> <span class='ocrx_word' id='word_1_245' title='bbox 945 3058 1031 3119; x_wconf 85' lang='lat' dir='ltr'>facit.</span> 
     </span>
     <span class='ocr_line' id='line_1_35' title="bbox 65 3141 1030 3224; baseline 0 -22"><span class='ocrx_word' id='word_1_246' title='bbox 65 3141 158 3221; x_wconf 74' lang='lat' dir='ltr'>Quod</span> <span class='ocrx_word' id='word_1_247' title='bbox 181 3152 287 3205; x_wconf 89' lang='lat' dir='ltr'>contra</span> <span class='ocrx_word' id='word_1_248' title='bbox 310 3146 402 3205; x_wconf 89' lang='lat' dir='ltr'>etiam</span> <span class='ocrx_word' id='word_1_249' title='bbox 416 3152 490 3224; x_wconf 86' lang='lat' dir='ltr'>puto</span> <span class='ocrx_word' id='word_1_250' title='bbox 505 3143 729 3223; x_wconf 82' lang='lat' dir='ltr'>Euxenippeae</span> <span class='ocrx_word' id='word_1_251' title='bbox 750 3141 864 3204; x_wconf 90' lang='lat' dir='ltr'>librum</span> <span class='ocrx_word' id='word_1_252' title='bbox 885 3161 940 3202; x_wconf 91' lang='lat' dir='ltr'>suo</span> <span class='ocrx_word' id='word_1_253' title='bbox 955 3149 1030 3202; x_wconf 91' lang='lat' dir='ltr'>tem·</span> 
     </span>
     <span class='ocr_line' id='line_1_36' title="bbox 64 3227 1032 3308; baseline 0.001 -22"><span class='ocrx_word' id='word_1_254' title='bbox 64 3248 139 3307; x_wconf 91' lang='lat' dir='ltr'>pore</span> <span class='ocrx_word' id='word_1_255' title='bbox 161 3229 242 3289; x_wconf 90' lang='lat' dir='ltr'>inter</span> <span class='ocrx_word' id='word_1_256' title='bbox 263 3230 406 3308; x_wconf 84' lang='lat' dir='ltr'>vulgares</span> <span class='ocrx_word' id='word_1_257' title='bbox 428 3230 538 3304; x_wconf 85' lang='lat' dir='ltr'>fuisse,</span> <span class='ocrx_word' id='word_1_258' title='bbox 571 3231 701 3291; x_wconf 89' lang='lat' dir='ltr'>alterum</span> <span class='ocrx_word' id='word_1_259' title='bbox 727 3248 801 3289; x_wconf 88' lang='lat' dir='ltr'>vero</span> <span class='ocrx_word' id='word_1_260' title='bbox 828 3227 922 3307; x_wconf 89' lang='lat' dir='ltr'>plane</span> <span class='ocrx_word' id='word_1_261' title='bbox 950 3227 1032 3287; x_wconf 90' lang='lat' dir='ltr'>inter</span> 
     </span>
     <span class='ocr_line' id='line_1_37' title="bbox 66 3311 1029 3394; baseline -0.005 -20"><span class='ocrx_word' id='word_1_262' title='bbox 66 3313 255 3374; x_wconf 89' lang='lat' dir='ltr'>deterrimos.</span> <span class='ocrx_word' id='word_1_263' title='bbox 291 3313 449 3375; x_wconf 86' lang='lat' dir='ltr'>Alcmanis</span> <span class='ocrx_word' id='word_1_264' title='bbox 472 3323 554 3376; x_wconf 88' lang='lat' dir='ltr'>certe</span> <span class='ocrx_word' id='word_1_265' title='bbox 572 3315 779 3394; x_wconf 89' lang='lat' dir='ltr'>fragmentum</span> <span class='ocrx_word' id='word_1_266' title='bbox 792 3311 1029 3392; x_wconf 70' lang='lat' dir='ltr'>Aegyptiam,</span> 
     </span>
     <span class='ocr_line' id='line_1_38' title="bbox 65 3397 1029 3480; baseline -0.002 -23"><span class='ocrx_word' id='word_1_267' title='bbox 65 3400 203 3478; x_wconf 83' lang='lat' dir='ltr'>quamvis</span> <span class='ocrx_word' id='word_1_268' title='bbox 224 3398 335 3458; x_wconf 88' lang='lat' dir='ltr'>litteris</span> <span class='ocrx_word' id='word_1_269' title='bbox 356 3400 481 3460; x_wconf 89' lang='lat' dir='ltr'>minime</span> <span class='ocrx_word' id='word_1_270' title='bbox 503 3401 594 3461; x_wconf 88' lang='lat' dir='ltr'>claris</span> <span class='ocrx_word' id='word_1_271' title='bbox 619 3399 853 3480; x_wconf 83' lang='lat' dir='ltr'>elegantibusvs</span> <span class='ocrx_word' id='word_1_272' title='bbox 875 3397 1029 3476; x_wconf 87' lang='lat' dir='ltr'>scriptum,</span> 
     </span>
     <span class='ocr_line' id='line_1_39' title="bbox 66 3483 1044 3565; baseline -0.009 -21"><span class='ocrx_word' id='word_1_273' title='bbox 66 3484 233 3546; x_wconf 90' lang='lat' dir='ltr'>doctiorem</span> <span class='ocrx_word' id='word_1_274' title='bbox 254 3491 358 3544; x_wconf 90' lang='lat' dir='ltr'>tamen</span> <span class='ocrx_word' id='word_1_275' title='bbox 380 3503 503 3544; x_wconf 85' lang='lat' dir='ltr'>manum</span> <span class='ocrx_word' id='word_1_276' title='bbox 528 3486 632 3565; x_wconf 89' lang='lat' dir='ltr'>prodit</span> <span class='ocrx_word' id='word_1_277' title='bbox 656 3485 843 3564; x_wconf 81' lang='lat' dir='ltr'>mendisque</span> <span class='ocrx_word' id='word_1_278' title='bbox 860 3483 968 3542; x_wconf 73' lang='lat' dir='ltr'>ieme</span> <span class='ocrx_word' id='word_1_279' title='bbox 991 3499 1044 3536; x_wconf 72' lang='lat' dir='ltr'>ua-</span> 
     </span>
    </p>
   </div>
   <div class='ocr_carea' id='block_1_5' title="bbox 0 0 1178 3916">
    <p class='ocr_par' dir='ltr' id='par_1_7' title="bbox 0 0 1178 3916">
     <span class='ocr_line' id='line_1_40' title="bbox 0 0 1178 3916; baseline 0 0"><span class='ocrx_word' id='word_1_280' title='bbox 0 0 1178 3916; x_wconf 95' lang='lat' dir='ltr'> </span> 
     </span>
    </p>
   </div>
  </div>
 </body>
</html>
