2340 3916
162 194 223 258 156
413 206 416 213 '
504 194 758 252 ΑΙΣΧΙΝΟΤ

162 357 281 442 γόρευε
299 354 379 433 τούς
395 351 635 439 ἱερομνήμονας
651 353 707 419 καὶ
724 351 934 437 πυλαγόρους
955 351 1049 437 ἥκειν
1066 359 1113 430 είς

162 458 223 525 τόν
244 454 349 523 αὐτόν
365 453 470 521 τόπον
492 451 725 538 βοηθήσοντας
740 460 787 539 τῷ
803 458 875 536 θεῷ
892 454 946 518 καὶ
961 461 1003 539 τῇ
1019 460 1062 537 γῇ
1073 460 1112 539 τῇ

93 573 145 626 515
162 559 250 644 ίερηῖ·
272 552 366 640 ,ἥτις
383 551 413 620 δ’
430 548 473 618 ἀν
484 551 527 638 μὴ
547 558 638 638 παρη
655 551 765 632 πόλις,
789 556 926 636 είρξεται
943 559 1005 618 τοῦ
1022 556 1116 633 ίερού

162 657 218 722 καὶ
228 650 349 739 ἐναγὴς
367 658 456 719 ἔσται
474 654 529 718 καὶ
545 659 586 738 τῇ
597 649 662 738 ἀρᾷ
680 655 826 736 ἔνοχος.“
857 657 897 738 τῇ
909 655 945 718 δὲ
956 648 1112 737 ὑστεραίᾳ
1133 673 1165 724 η

161 752 287 838 ἥκομεν
298 753 406 820 ἕωθεν
418 755 463 828 είς
473 749 533 816 τόν
544 751 785 834 προειρημένον
800 748 922 832 τόπον,
945 750 1000 816 καὶ
1016 754 1114 816 κατέ-

162 859 270 939 βημεν
286 857 333 930 είς
348 847 385 917 τό
398 857 562 934 Κιρραῖον
580 853 711 931 πεδίον,
734 850 789 916 καὶ
806 846 867 916 τόν
883 851 999 933 λιμένα
1011 875 1114 915 κατα-

163 950 350 1030 σκάψαντες
376 950 432 1015 καὶ
452 945 510 1026 τάς
534 952 638 1025 οἰκίας
668 946 894 1033 ἐμπρήσαντες
922 945 1114 1034 ἀνεχωροῦ-

162 1075 232 1135 μεν,
282 1055 386 1115 ταῦτα
422 1046 458 1113 δὲ
489 1042 585 1131 ἡμῶν
617 1044 831 1130 πραττόντων
862 1048 897 1113 οί
926 1047 1050 1130 Λοκροὶ
1082 1050 1117 1113 οί

159 1145 357 1232 Ἀμφισσεῖς,
380 1144 536 1230 ἑξήκοντα
553 1143 669 1210 στιίδια
691 1142 831 1212 ἄπωθεν
840 1151 1010 1224 οἰκοῦντες
1026 1154 1116 1212 Λελ-

162 1250 254 1328 φῶν,
283 1233 368 1328 ἧκον
392 1239 475 1324 πρὸς
501 1238 588 1328 ἡμᾶς
615 1239 690 1326 μεθ’
712 1241 827 1309 ὅπλων
847 1248 1025 1329 πανδημεί·
1057 1245 1114 1310 καὶ

162 1348 191 1409 εί
211 1338 255 1426 μὴ
279 1339 392 1428 δρόμῳ
415 1339 509 1424 μόλις
529 1338 733 1424 ἐξεφύγομεν
753 1345 800 1418 είς
821 1340 995 1426 Δελφούς,
1022 1344 1113 1409 ἐκιν-

161 1439 372 1525 δυνεύσαμεν
394 1435 587 1506 ἀπολέσθαι.
622 1447 664 1526 τῇ
685 1440 721 1506 δὲ
743 1440 882 1528 ἐπιούσῃ
898 1438 1003 1530 ἡμέρᾳ
1025 1441 1114 1509 Κότ-
1134 1463 1164 1515 12

160 1565 267 1625 τυφος
294 1536 312 1607 ὁ
340 1535 399 1617 τός
428 1535 563 1623 γνώμας
585 1540 789 1624 ἐπιψηφίζων
816 1542 993 1626 ἐκκλησίαν
1021 1544 1114 1607 ἐποί-

161 1665 190 1706 ει
211 1645 280 1706 τῶν
302 1635 571 1724 Ἀμφικτυόνων·
604 1639 783 1723 ἐκκλησίαν
801 1637 865 1725 γὰρ
882 1637 1111 1724 ὀνομάζουσιν,

160 1737 242 1805 ὅταν
262 1735 306 1823 μὴ
329 1737 436 1822 μόνον
457 1735 536 1814 τούς
556 1736 769 1822 πυλαγόρους
788 1740 844 1804 καὶ
864 1734 1112 1823 τούςίερομνη-

161 1862 265 1920 μονας
276 1841 540 1921 συγκαλέσωσιν,
563 1833 646 1904 ἀλλά
664 1839 719 1902 καὶ
736 1836 815 1914 τούς
832 1836 1045 1915 συνθύοντας
1057 1841 1112 1904 καὶ

159 1936 350 2018 χρωμένους
360 1940 408 2022 τῷ
418 1939 499 2021 θεῷ.
523 1930 656 2000 ἐνταῦθ’
667 1933 732 2020 ἤδη
743 1936 861 2002 πολλαὶ
871 1933 933 2019 μὲν
943 1937 1112 2020 ἐγίγνοντο

161 2029 444 2116 τάνἏμφισσέων
454 2037 662 2116 κατηγορίαι,
685 2029 790 2110 πολύς
808 2031 841 2099 δ’
854 2037 985 2111 ἔπαινος
996 2025 1041 2117 ἦν
1050 2058 1114 2098 κα-

160 2127 200 2194 τά
212 2136 270 2213 τῆς
281 2126 439 2214 ἡμετέρας
458 2130 599 2206 πόλεως·
628 2132 720 2207 τέλος
738 2129 774 2196 δὲ
790 2128 915 2208 παντός
932 2131 1113 2214 τοῦλόγου

160 2231 358 2312 ψηφίζονται
369 2225 549 2314 η’κειντούς
560 2229 802 2315 ίερομνημονας
813 2229 945 2316 πρὸτῆς
956 2230 1112 2314 ἐπιούσης

90 2335 142 2390 516
160 2331 301 2403 πυλαίας
322 2327 358 2391 ἐν
381 2326 470 2414 ῥητῷ
489 2326 599 2415 χρόνῳ
618 2332 663 2404 είς
680 2327 811 2411 Πύλας,
836 2332 969 2412 ἔχοντας
993 2327 1111 2412 δόγμα,

159 2422 235 2492 καθ’
247 2423 267 2492 ό
277 2450 309 2490 τι
319 2426 415 2512 δίκην
425 2423 593 2491 δαίσουσιν
603 2429 638 2493 οί
643 2420 831 2510 Ἀμφισσεῖς
842 2421 926 2509 ὑπὲρ
938 2415 987 2492 ὦν
997 2430 1043 2503 είς
1052 2425 1112 2491 τόν

159 2520 1112 2610 θεὸνκαὶτὴνγῆντηνίεράνκαίτούςἏμφικτύοναςἐξη-

159 2647 294 2707 μαρτον.
313 2619 364 2688 ότι
376 2622 411 2690 δὲ
423 2621 533 2708 ἀληθῆ
545 2624 640 2709 λέγω,
648 2621 876 2709 ἀναγνοόσεται
886 2621 966 2710 ύμῖν
976 2621 995 2692 ὁ
1006 2649 1111 2709 γραμ-

159 2718 281 2804 ματεύς
290 2717 327 2786 τό
339 2720 502 2807 ψήφισμα.
808 2761 812 2765 -

521 2826 752 2888 ΨΗΦΙΣΜΑ.

246 2923 315 2982 Τοῦ
332 2914 494 3001 δόγματος
511 2917 635 2985 τούτου
653 2917 880 2998 ἀποδοθέντος
897 2916 954 3004 ὑφ’
967 2915 1063 3006 ἡμῶν
1074 2923 1111 2988 ἐν
1127 2953 1170 3004 12-

159 3022 199 3100 τη
212 3023 320 3104 βουλῇ
337 3018 392 3082 καί
408 3014 510 3082 πόλιν
522 3019 558 3083 ἐν
575 3025 616 3105 τῇ
632 3020 806 3108 ἐκκλησίᾳ,
830 3021 885 3086 καὶ
901 3017 959 3097 τάς
976 3017 1110 3102 πράξεις

158 3110 254 3200 ἡμῶν
265 3110 512 3198 ἀποδεξαμένου
529 3124 592 3183 τού
601 3117 710 3203 δήμου
727 3121 782 3186 καὶ
793 3127 851 3204 τῆς
861 3118 989 3196 πόλεως
1003 3119 1111 3204 πόσης

158 3217 425 3299 προαιρουμένης
436 3211 600 3302 εὐσεβεῖν,
621 3220 677 3285 καὶ
687 3222 931 3304 Δημοσθένους
947 3215 1030 3300 ὑπὲρ
1048 3225 1110 3284 τοῦ

159 3310 495 3397 μεσεγγυήματοςτοῠ
502 3317 533 3394 ἐξ
543 3312 721 3402 Ἀμφίσσης
729 3314 958 3402 ἀντιλέγοντος
966 3319 1019 3384 καὶ
1027 3319 1110 3402 ἐμοῦ

159 3417 312 3493 φανεροῖς
332 3413 483 3478 ἐναντίον
495 3410 592 3498 ὑμῶν
610 3418 849 3499 ἐξελέγχοντος,
874 3414 984 3501 ἐπειδη
999 3419 1034 3481 ἐκ
1046 3421 1108 3480 τοῦ
