2340 3916
148 195 209 258 196
507 199 761 258 ΑΙΣΧΙΝΟΥ

148 364 390 446 Δημοσθένους
408 357 659 442 πολιτευμάτων
675 360 751 442 περὶ
766 355 844 437 τούς
864 367 929 426 νῦν
946 360 1098 443 καιρούς·

149 459 260 539 δόξετε
272 455 316 544 δ’,
328 453 387 526 ε’ἀν
398 456 459 542 μέν
471 462 591 523 τοῦτον
602 455 851 544 στεφανώσητε,
865 455 1100 545 ὁμογνώμονες

152 557 234 626 εἶναι
251 571 320 635 τοῖς
336 559 581 641 παραβαίνουσι
597 550 659 641 τήν
676 551 795 640 κοινήν
812 556 964 644 εἰρήνην,
985 556 1046 626 έάν
1064 563 1099 625 δὲ

149 654 349 723 τούναντίον
370 655 493 721 τούτου
514 653 672 740 πράξητε,
706 650 890 721 ἀπολύσετε
911 655 971 722 τόν
993 660 1100 741 δῆμον

149 761 351 824 τωναίτιῶν.

232 851 292 939 Μῆ
305 845 369 920 οὐν
380 850 424 932 εἱς
436 850 518 938 ὑπὲρ
530 850 718 937 ἀλλοτρίας,
742 849 812 921 ἀλλ’
825 850 870 932 ὠς
880 849 962 940 ὑπὲρ
978 858 1098 932 οἰκείας
1115 869 1142 922 λε

146 961 205 1040 τῆς
217 952 344 1032 πόλεως
354 951 572 1039 βουλεύεσθε,
586 953 640 1019 καὶ
651 949 709 1030 τὰς
721 958 907 1039 φιλοτιμίας
917 949 963 1039 μή
975 956 1097 1038 νέμετε.

148 1049 231 1120 ἀλλά
244 1058 391 1138 κρίνετε,
413 1054 469 1120 καὶ
485 1050 544 1129 τάς
558 1051 684 1134 δωρεάς
697 1056 743 1130 είς
759 1057 878 1138 βελτίω
897 1052 1033 1137 σώματα
1044 1052 1096 1118 καὶ

46 1196 55 1202 -
147 1149 424 1235 ἀξιολογωτέρους
436 1149 561 1235 ἀνδρας
572 1147 762 1236 ἀπόθεσθε,
786 1153 840 1219 καί
858 1151 902 1237 μή
914 1151 1020 1237 μόνον
1032 1165 1099 1229 τοῖς

150 1248 248 1333 ὐσίν,
270 1246 353 1318 ἀλλά
376 1252 519 1328 καὶτοῖς
544 1247 668 1336 όμμασι
689 1253 924 1337 διαβλέψαντες
946 1256 991 1329 είς
1012 1247 1098 1335 ὑμᾶς

151 1345 273 1428 αὐτούς
283 1348 533 1435 βουλεύσασθε,
550 1355 636 1427 τίνες
654 1346 751 1434 ὐμῶν
766 1355 849 1417 εἰσιν
861 1352 896 1417 οί
903 1349 1097 1437 βοηθήσον-

148 1474 200 1527 τες
211 1450 441 1533 Δημοσθένει,
461 1446 604 1529 πότερον
615 1450 649 1513 oc
658 1449 915 1534 συγκυνηγέται,
938 1443 960 1533 ή
972 1451 1006 1514 oc
1016 1467 1097 1531 συγ-

76 1559 131 1614 646
146 1549 332 1635 γυμνασταί
343 1543 464 1630 αὐτοῦ,
478 1542 526 1613 ὅτ’
540 1538 585 1631 ῆν
601 1547 638 1613 ἐν
649 1543 768 1635 ἡλικίη.
788 1543 871 1614 ἀλλά
890 1543 935 1631 μά
955 1543 1015 1612 τόν
1030 1551 1097 1613 Δία

147 1643 208 1716 τύν
222 1645 402 1732 Ὀλύμπιον
423 1643 484 1730 οὐχ
501 1635 543 1723 ὗς
565 1642 702 1730 ἀγρίους
724 1652 917 1732 κυνηγετεῖν
940 1643 1018 1713 οὐδὲ
1040 1652 1099 1730 τῆς

147 1752 208 1814 τοῦ
220 1744 372 1830 σώματος
384 1741 508 1825 εὐεξίας
519 1743 773 1830 ἐπιμελόμενος,
796 1742 865 1812 ἀλλ’
879 1747 1033 1812 ἐπασκῶν
1043 1748 1097 1810 τέ-

147 1871 227 1929 χνας
243 1846 296 1912 ἐπὶ
314 1842 394 1922 τούς
411 1840 468 1922 τάς
485 1839 600 1922 οὐσίας
622 1847 842 1929 κεκτημένους
859 1846 1095 1930 διαγεγένηται.

148 1941 216 2011 ἀλλ’
230 1949 275 2022 είς
287 1940 348 2028 τήν
365 1939 559 2020 ἀλαζονείαν
577 1940 839 2030 ἀποβλέψαντες,
864 1939 947 2010 ὅταν
963 1949 1011 2029 φή
1027 1949 1097 2008 Βυ-
1115 1951 1142 2003 25

148 2049 297 2121 ζαντίους
308 2040 369 2126 μὲν
380 2044 415 2107 ἐκ
426 2049 495 2108 των
507 2047 627 2127 χειροῖν
638 2041 846 2128 πρεσβεύσας
856 2044 1022 2121 ἐξελέσθαι
1036 2048 1098 2107 τοῦ

148 2149 332 2222 Φιλίππου,
345 2137 527 2224 ἀποστῆσαι
539 2139 574 2206 δέ
584 2137 799 2224 Ἀκαρνᾶνας,
811 2143 968 2225 ἐκπλῆξαι
980 2140 1015 2207 δέ
1028 2146 1098 2225 Θη-

78 2247 128 2305 ⁶4⁷
146 2245 261 2327 βαίους
279 2237 524 2326 δημηγορήσας·
555 2247 657 2305 οίεται
679 2237 743 2323 γάρ
761 2235 848 2323 ὑμᾶς
870 2243 916 2316 είς
936 2245 1099 2306 τοσοῦτον

148 2338 303 2426 εὐηθείας
313 2337 376 2425 ήδη
389 2340 644 2425 προβεβηκέναι,
667 2335 752 2406 ὥστε
768 2339 823 2407 καὶ
837 2345 940 2406 ταῦτα
959 2335 1100 2405 ἀναπει-

149 2437 353 2524 σθήσεσθαι,
378 2434 488 2519 ὥσπερ
499 2432 614 2504 Πειθώ
632 2439 830 2522 τρέφοντας,
852 2431 922 2505 ἀλλ’
936 2433 977 2503 οὐ
995 2456 1099 2504 συκο-

149 2536 280 2622 φάντην
299 2534 483 2620 ἀνθρωπον
498 2537 534 2604 ἐν
550 2543 591 2623 τῆ
607 2536 711 2604 πόλει.
746 2535 828 2604 όταν
840 2533 871 2604 δ’
884 2539 935 2604 ἐπὶ
945 2543 1100 2623 τελευτῆς
1116 2542 1142 2594 2⁵

147 2635 210 2721 ήδη
222 2643 284 2703 τού
294 2633 397 2720 λόγου
408 2633 617 2721 συνηγόρους
627 2632 706 2715 τούς
716 2632 901 2714 κοινωνούς
909 2641 977 2702 των
990 2639 1099 2720 δωρο-

149 2734 345 2820 δοκημάτων
364 2729 457 2820 αὐτςύ
473 2741 663 2822 παρακαλῆ,
682 2731 933 2821 ὑπολαμβάνετε
950 2730 1034 2816 ὁρᾶν
1045 2736 1099 2802 έπὶ

148 2839 208 2898 τού
218 2832 379 2918 βήματος,
399 2821 443 2897 οὐ
450 2837 516 2898 νῦν
528 2829 671 2918 έστηκιύς
681 2830 745 2917 ἐγω
757 2836 858 2917 λέγω,
877 2829 1099 2915 ἀντιπαρατε-

147 2933 329 3016 ταγμένους
349 2927 433 3013 πρὸς
450 2927 512 3016 τήν
527 2929 656 2999 τούτων
671 2928 845 3016 ἀσέλγειαν
860 2930 939 3010 τούς
956 2939 1013 3018 τῆς
1032 2933 1097 2998 πό-

148 3037 229 3107 λεως
245 3024 435 3113 εὐεργέτας,
456 3027 599 3096 Σόλωνα
617 3030 678 3116 μὲν
697 3031 757 3098 τόν
775 3037 959 3109 καλλίστοις
980 3029 1097 3117 νόμοις

147 3126 360 3214 κοσμήσαντα
372 3123 434 3212 τήν
445 3130 687 3214 δημοκρατίαν,
705 3128 812 3215 ἀνδρα
832 3130 1021 3215 φιλόσοφον
1039 3132 1096 3195 καὶ

146 3225 333 3310 νομοθέτην
354 3220 502 3308 ἀγαθόν,
524 3225 726 3312 σωφρόνως,
741 3227 785 3307 ὡς
806 3236 974 3315 προσῆκεν
992 3225 1095 3314 αὐτῷ,

146 3323 305 3410 δεόμενον
322 3320 418 3410 ὑμῶν
429 3328 544 3410 μηδενί
557 3325 668 3415 τρόπω
688 3324 1020 3414 τούςΔημοσθένους
1031 3327 1092 3394 λόω

143 3449 225 3505 γους
242 3424 316 3508 περὶ
337 3432 488 3504 πλείονος
506 3427 709 3511 ποιήσασθαι
728 3432 795 3494 τῶν
817 3425 929 3510 ὅρκων
950 3427 1005 3494 καὶ
1026 3433 1095 3494 τῶν
