2340 3916
153 246 213 309 134
495 245 744 302 ΑΙΣΧΙΝΟΤ

228 407 318 475 Ἔστι
348 405 383 472 δέ
410 402 595 472 ὑπόλοιπόν
617 429 673 489 μοι
694 405 793 488 μέρος
813 410 871 488 τῆς
891 409 1098 489 κατηγορίας,
1115 413 1149 468 49

152 505 208 591 ἐφ’
221 498 248 594 ᾦ
259 505 399 590 μάλιστα
410 504 598 584 σπουδάζω·
623 510 720 571 τοῦτο
740 506 778 569 δέ
792 506 880 570 ἐστιν
891 500 911 589 ἡ
923 503 1100 588 πρόφασις,

153 603 197 671 δι’
216 601 257 689 ἣν
274 601 377 670 αύτόν
395 601 479 681 ἀξιοῖ
495 609 752 687 στεφανοῦσθαι.
776 603 862 686 λέγει
870 601 934 685 γάρ
947 599 1052 677 οὕτως
1064 601 1102 667 ἐν

153 710 200 789 τῷ
216 707 415 787 ψηφίσματι·
442 704 520 785 ,καὶ
537 698 597 767 τόν
614 699 744 786 κη’ρυκα
760 697 978 783 ἀναγορεύειν
997 701 1034 766 ἐν
1055 706 1102 784 τῷ

153 797 286 886 θεάτρῳ
298 796 382 881 πρὸς
395 800 474 876 τούς
483 796 654 883 Ἕλληνας,
666 795 717 863 ὅτι
728 811 889 881 στεφανοῖ
897 793 1001 864 αύτόν
1012 793 1029 862 ὁ
1042 799 1103 879 δῆ-

155 920 214 979 μος
227 892 243 960 ὁ
256 902 324 961 τῶν
337 894 525 981 Ἀθηναίων
536 893 653 981 ἀρετῆς
669 896 765 961 ἕνεκα
776 895 830 961 καὶ
842 892 1103 979 ἀνδραγαθίας,“

85 1005 137 1060 439
154 997 208 1060 καὶ
224 994 260 1060 τὸ
279 996 448 1079 μέγιστον·
464 993 539 1080 ,ὅτι
558 998 700 1060 διατελεῖ
714 996 820 1076 λέγων
831 994 885 1059 καὶ
896 992 1050 1076 πράττων
1062 986 1101 1056 τά

155 1090 272 1173 ἀριστα
283 1098 328 1179 τῷ
341 1091 467 1180 δημφ.“
478 1090 605 1170 ἁπλοῦς
615 1090 656 1176 δη
666 1087 901 1158 παντάπασινὸ
912 1087 993 1175 μετά
1003 1097 1105 1154 ταῦτα
1121 1100 1155 1152 50

155 1187 234 1274 ἡμῖν
246 1189 344 1272 λόγος
354 1197 515 1274 γίγνεται,
537 1191 592 1257 καλ
609 1185 688 1274 ὑμῖν
706 1185 868 1256 ἀκούσασι
879 1202 989 1273 κρῖναι
1001 1184 1103 1272 εύμα-

156 1287 236 1372 θης·
261 1291 312 1354 δεῖ
325 1285 389 1372 γάρ
402 1288 442 1372 δή
455 1313 520 1355 που
531 1287 591 1353 τὸν
601 1286 662 1371 μὲν
673 1293 923 1373 κατηγοροῦντα
933 1286 989 1371 ἐμὲ
1003 1281 1102 1353 τοῦθ’

158 1383 237 1471 ὑμῖν
258 1385 499 1470 ἐπιδεικνύναι,
529 1383 573 1464 ἀς
596 1386 677 1453 είσὶν
700 1389 734 1453 ολ
758 1382 840 1452 κατά
863 1387 1106 1470 Δημοσθένους

157 1488 284 1550 ἐπαινοι
295 1489 426 1563 ψευδεῖς
439 1486 493 1551 καὶ
505 1483 548 1562 ἀς
565 1481 636 1550 οὔτ’
649 1481 769 1568 ἤρξατο
781 1485 889 1567 λέγειν
901 1481 940 1551 τά
953 1485 1105 1570 βέλτιστα

158 1578 234 1647 ούτε
252 1587 317 1647 νῦν
334 1585 473 1648 διατελεῖ
490 1581 643 1665 πράττων
660 1579 700 1648 τά
719 1584 930 1667 συμφέροντα
942 1587 986 1669 τῷ
1000 1580 1105 1668 δημφ.

157 1675 222 1747 κάν
232 1676 323 1745 τοῦτ’
346 1681 510 1764 ἐπιδείξω,
524 1683 657 1758 δικαίως
669 1678 709 1764 δη’
722 1704 787 1745 που
798 1677 859 1764 την
872 1677 1005 1766 γραφὴν
1017 1678 1106 1746 ἀλά-

159 1797 248 1844 σεται
265 1783 463 1862 Κτησιφῶν·
485 1775 627 1855 ἀπαντες
643 1775 707 1862 γάρ
727 1777 992 1860 ἀπαγορεύουσιν
1004 1781 1038 1844 οί
1047 1776 1107 1844 νό-

158 1899 214 1959 μοι
231 1877 355 1958 μηδένα
373 1879 479 1959 ψευδῆ
493 1873 667 1961 γράμματα
682 1874 860 1959 ἐγγράφειν
877 1879 914 1942 ἐν
924 1889 992 1955 τοῖς
1003 1879 1106 1961 δημο-

159 1977 241 2050 σίοις
267 1979 461 2058 ψηφίσμασι.
496 1982 542 2062 τῷ
569 1971 600 2040 δ’
629 1970 886 2062 ἀπολογουμένῳ
909 1969 1106 2041 τούναντίον

90 2085 142 2138 440
158 2069 432 2137 τούτουδεικτέον
444 2075 541 2138 ἐστιν.
554 2097 616 2157 υμε

159 2172 272 2248 κριταί.
292 2171 355 2251 ἔχει
368 2165 397 2234 δ’
413 2166 527 2245 οὕτως.

241 2263 320 2348 Ἐγώ
329 2264 388 2332 τόν
398 2265 459 2350 μὲν
470 2273 546 2351 βίον
556 2264 617 2334 τὸν
626 2270 867 2352 Δημοσθένους
875 2269 1031 2348 ἐξετάζειν
1042 2295 1106 2354 μα·
1123 2284 1153 2338 51

97 2446 99 2453 Α
159 2365 320 2448 κροτέρου
337 2364 440 2449 λόγον
458 2370 557 2451 ἔργον
571 2363 715 2451 ἡγοῦμαι
732 2365 824 2434 εἶναι.
848 2374 882 2435 τί
895 2365 959 2453 γάρ
978 2373 1030 2435 δεῖ
1041 2376 1106 2435 νῦν

159 2469 263 2527 ταῦτα
281 2462 404 2547 λέγειν,
426 2456 504 2547 ἢτά
521 2465 596 2550 περὶ
613 2461 674 2548 την
692 2471 753 2531 τοῦ
771 2463 955 2549 τραύματος
971 2463 1106 2552 γραφὴν

161 2558 252 2648 αὐτῷ
269 2559 517 2647 συμβεβηκότα,
540 2559 591 2628 ὅτ’
610 2563 774 2647 ἐγράψατο
793 2560 979 2648 εἰς”Αρειον
996 2563 1107 2647 πάγον

161 2663 360 2742 Δημομέλην
371 2657 430 2724 τὸν
439 2663 585 2726 Παιανιᾶ
610 2656 750 2740 ἀνεψιὸν
760 2659 840 2727 ὅντα
852 2661 968 2749 ἐαυτῷ,
980 2661 1035 2727 καὶ
1046 2658 1107 2746 τὴν

162 2764 218 2839 της
234 2762 380 2842 κεφαλῆς
396 2755 569 2844 ἐπιτομήν·
593 2753 615 2842 η’
633 2756 672 2825 τά
695 2761 768 2841 περὶ
789 2759 850 2845 τὴν
871 2759 1108 2844 Κηφισοδότου

161 2862 357 2938 στρατηγίαν
368 2857 423 2921 καὶ
434 2856 493 2923 τὸν
504 2865 572 2922 τῶν
583 2864 670 2923 νεῶν
682 2863 827 2925 ἔκπλουν
839 2855 899 2925 τδν
915 2864 960 2937 είς
969 2854 1108 2944 Ἑλλησ-

161 2968 294 3036 ποντον,
305 2949 359 3018 ὅτε
367 2950 412 3030 εἷς
420 2947 466 3019 ἀν
473 2954 1107 3041 τῶντριηράρχωνΔημοσθένηςκαὶπε-
1123 2967 1155 3020 52

161 3048 286 3134 ριάγων
303 3050 363 3117 τδν
381 3051 565 3138 στρατηγὸν
581 3055 635 3121 ἐπὶ
645 3061 702 3139 της
714 3056 796 3132 νεώς
807 3056 861 3121 καὶ
873 3060 1041 3121 συσσιτῶν
1051 3056 1107 3119 καὶ

162 3147 326 3213 συνθύων
337 3151 390 3215 καὶ
402 3151 614 3236 συσπένδων,
627 3152 681 3217 καὶ
699 3151 827 3218 τούτων
840 3148 991 3229 ἀξιωθεὶς
1003 3147 1057 3216 διά
1068 3148 1105 3216 τδ

92 3267 143 3321 441
164 3243 320 3329 πατρικὸς
332 3243 423 3335 αὐτῷ
436 3255 530 3331 φίλος
541 3247 634 3333 εἶναι,
646 3247 709 3315 ούκ
723 3248 872 3334 ὤκνησεν
884 3245 943 3316 ἀπ’
955 3253 1106 3334 εἰσαγγε-

162 3349 231 3417 λίας
241 3339 345 3406 αὐτοῦ
357 3345 556 3428 κρινομένου
572 3347 645 3430 περὶ
656 3346 808 3413 θανάτου
819 3344 1001 3432 κατήγορος
1011 3351 1108 3432 γενέ·

156 3449 254 3504 σθαν
272 3443 327 3508 καὶ
342 3448 444 3510 ταῦτα
462 3441 523 3530 ἤδη
535 3443 574 3510 τά
587 3447 661 3527 περὶ
673 3451 818 3513 Μειδίαν
829 3448 884 3515 καὶ
894 3444 973 3523 τούς
983 3444 1106 3513 κονδύ-
