2340 3916
451 222 671 277 PRAEFATIO.
999 246 1004 251 ·
1026 224 1051 276 V

87 371 288 455 Quamquam
310 371 348 436 de
371 372 431 436 hac
454 372 582 456 quidem
604 394 638 436 re
665 373 751 437 inter
773 372 920 438 homines
943 373 1054 438 doctos

85 495 204 559 magna
245 473 401 538 dissensio
438 477 495 538 est.
551 472 741 538 Turicenses
778 475 865 539 enim
906 474 1054 560 editores,

86 576 141 658 qui
167 575 264 658 primi
293 573 469 639 Oxoniensi
497 575 548 639 usi
576 580 665 659 sunt,
700 597 799 659 quum
831 575 942 640 multis
975 577 1055 641 locis

87 678 153 741 eius
175 676 329 740 lectiones
350 677 491 759 recipere
511 681 712 762 cogerentur,
734 682 844 741 tamen
866 677 907 741 ad
928 676 1053 741 librarii

87 778 172 844 docti
193 777 335 842 hominis
358 777 557 842 coniecturas
578 778 640 842 ista
662 778 770 842 omnia
796 777 964 842 referenda
986 799 1054 843 esse

86 879 336 960 contenderunt3
374 883 408 942 at
439 882 552 942 contra
584 882 616 942 et
643 878 847 944 Maetznerus
882 879 922 943 ad
958 878 1055 943 huius

86 980 273 1064 praesertim
301 1000 449 1043 normam
477 979 610 1064 codicis,
639 984 677 1044 ut
706 980 912 1045 sincerissimi
943 980 1054 1064 fontis,

87 1084 261 1149 editionem
286 1102 377 1145 suam
400 1081 583 1166 constituit,
616 1085 649 1144 et
674 1080 726 1147 Fr.
748 1080 908 1146 Frankius
936 1080 1056 1146 Oxoni·

88 1186 172 1250 ensis
195 1184 419 1248 auctoritatem
434 1183 550 1247 acriter
572 1181 765 1267 defendit*).
797 1184 987 1248 Accuratius
1002 1205 1056 1247 au·

86 1294 152 1351 tem
174 1286 214 1350 ab
236 1285 288 1349 his
309 1285 387 1349 viris
409 1285 444 1348 in
465 1283 686 1368 Antiphonte,
721 1285 812 1349 cuius
835 1285 945 1349 eadem
967 1306 1056 1368 pror-

88 1410 140 1452 sus
155 1386 311 1464 condicio,
335 1385 373 1450 de
396 1407 433 1449 ea
455 1407 489 1449 re
513 1389 694 1469 quaesitum
717 1407 754 1451 ac
770 1386 968 1470 disputatum
990 1391 1055 1469 est3

88 1491 123 1552 in
137 1488 302 1553 Dinarcho
320 1486 536 1552 Oxoniensem
558 1487 790 1570 interpolatum
809 1508 877 1553 esse
891 1509 987 1553 nemo
1004 1487 1057 1551 ad·

88 1591 150 1654 huc
179 1589 285 1654 dedita
317 1609 415 1672 opera
442 1588 651 1671 comprobare
679 1588 811 1653 studuit.
856 1586 926 1663 Quo
953 1589 1057 1673 magis

88 1693 165 1775 ipse,
188 1691 243 1775 qui
265 1691 300 1753 in
315 1690 372 1754 illo
388 1710 516 1774 quoque
532 1693 660 1753 oratore
675 1689 715 1753 ad
730 1689 907 1753 Maetzneri
931 1690 1057 1772 opinio-

88 1815 161 1857 nem
194 1792 280 1856 haud
312 1795 500 1855 cunctanter
521 1790 720 1873 accesserim,
742 1791 778 1854 in
799 1790 862 1855 hoc
884 1793 991 1855 autem
1015 1811 1056 1855 ne

88 1894 285 1957 levissimum
304 1891 432 1976 quidem
454 1892 714 1976 interpolationis
729 1891 902 1977 vestigium
917 1892 952 1955 in
973 1891 1057 1955 Oxo·

88 1995 193 2059 nicusi
216 1994 370 2076 dispicere
391 1993 522 2077 possim,
545 1994 632 2058 hunc
653 2015 753 2058 unum
775 2014 853 2077 prae
876 1993 990 2058 ceteris
1006 2014 1057 2058 co-

89 2098 190 2161 dicem
206 2099 365 2179 quatenus
380 2095 448 2158 eius
462 2095 532 2158 fieri
546 2100 656 2178 posset
670 2095 867 2179 sequendum
883 2115 951 2159 esse
971 2094 1056 2159 duxi.

176 2196 268 2272 Quod
290 2197 330 2261 ad
351 2197 523 2260 verborum
551 2197 797 2262 collocationem
824 2196 955 2279 attinet,
985 2217 1058 2260 cum

89 2299 274 2364 Maetznero
308 2319 433 2380 semper
466 2319 535 2361 eam
570 2320 667 2382 quam
701 2296 894 2362 Oxoniensis
926 2298 1059 2380 praebet

91 2401 211 2483 recepi,
240 2399 337 2482 idque
366 2420 404 2462 eo
432 2399 535 2482 magis
568 2398 645 2482 feci,
676 2399 761 2482 quod
789 2420 857 2463 non
890 2420 956 2463 uno
985 2399 1057 2464 loco
1126 2422 1131 2431 ·

91 2503 240 2585 vulgatae
270 2499 472 2582 aliquantum
494 2504 656 2583 praestare
680 2499 858 2563 videbatur.
901 2499 1059 2582 Exempla

90 2606 127 2664 ut
148 2600 272 2685 addam,
295 2623 341 2666 or.
364 2600 394 2683 2,
414 2601 456 2664 22
478 2597 562 2664 κατὰ
585 2604 655 2665 suiv
676 2604 743 2664 νῦν
764 2599 880 2681 μόνων
902 2597 1059 2684 driemcu-

90 2703 203 2783 μένων
235 2703 331 2766 ceteri
365 2700 488 2766 codices
495 2752 504 2785 ,
532 2700 618 2766 κατὰ
639 2705 708 2765 τῶν
735 2703 800 2765 νῦν
823 2698 970 2785 ἁποπεφ.
993 2700 1058 2783 μό-

90 2827 161 2867 νων
182 2801 215 2868 Ν
235 2804 382 2887 praebet,
411 2803 497 2887 quod
524 2804 705 2868 coniecerat
731 2801 890 2867 Reiskius.
934 2803 966 2886 I,
997 2800 1059 2866 109

89 2906 174 2970 idem
189 2903 338 2969 Reiskius
360 2905 396 2968 in
417 2905 523 2969 verbis
545 2903 667 2974 καλοὺς
689 2904 746 2969 καὶ
767 2901 915 2980 πολλοὺς
936 2904 1059 2969 κινδύ-

90 3030 172 3081 νους
201 3028 269 3071 non
296 3007 365 3071 sine
393 3027 488 3071 causa
522 3007 671 3071 offendit:
706 3007 792 3091 quod
825 3005 1061 3071 desideraverat

90 3108 144 3171 ille
163 3105 313 3184 πολλοὺς
341 3103 545 3183 audacioris
570 3108 658 3173 κινδ.
682 3112 785 3172 exstat
812 3109 849 3172 in
872 3106 1058 3172 Oxoniensi.

89 3213 135 3273 At
159 3211 343 3274 coniectura
365 3213 535 3292 mutatum,
559 3209 697 3273 obiectet
719 3209 844 3293 aliquis.
889 3206 976 3272 Num
999 3207 1059 3292 igi-

160 3467 188 3528 *)
208 3465 250 3517 Of.
271 3465 312 3518 ed.
330 3464 407 3515 Turr.
427 3466 516 3530 praef.
535 3481 560 3530 p.
579 3464 622 3515 III
640 3480 680 3529 sq.
697 3492 732 3502 -
749 3466 900 3516 Meetzner.
919 3464 1007 3529 praef.
1026 3488 1060 3498 —

89 3534 139 3588 Fr.
154 3533 267 3585 Frenke
285 3534 318 3584 N.
337 3533 401 3587 Jen.
418 3534 631 3598 Littercturzig.
650 3534 715 3584 1842
734 3549 774 3584 nr.
792 3535 842 3583 249
861 3547 900 3598 sq.
