<?xml version="1.0" encoding="UTF-8"?>
<!DOCTYPE html PUBLIC "-//W3C//DTD XHTML 1.0 Transitional//EN"
    "http://www.w3.org/TR/xhtml1/DTD/xhtml1-transitional.dtd">
<html xmlns="http://www.w3.org/1999/xhtml" xml:lang="en" lang="en">
 <head>
  <title>
</title>
<meta http-equiv="Content-Type" content="text/html;charset=utf-8" />
  <meta name='ocr-system' content='tesseract 3.04.00' />
  <meta name='ocr-capabilities' content='ocr_page ocr_carea ocr_par ocr_line ocrx_word'/>
</head>
<body>
  <div class='ocr_page' id='page_1' title='image "./orationescumali00isaegoog/orationescumali00isaegoog_0070.png"; bbox 0 0 2340 3916; ppageno 0'>
   <div class='ocr_carea' id='block_1_1' title="bbox 75 169 1030 237">
    <p class='ocr_par' dir='ltr' id='par_1_1' title="bbox 75 169 1030 237">
     <span class='ocr_line' id='line_1_1' title="bbox 75 169 1030 237; baseline -0.007 -15"><span class='ocrx_word' id='word_1_1' title='bbox 75 171 129 222; x_wconf 73' lang='lat' dir='ltr'><strong><em>On.</em></strong></span> <span class='ocrx_word' id='word_1_2' title='bbox 150 171 172 222; x_wconf 90' lang='grc'><strong><em>1.</em></strong></span> <span class='ocrx_word' id='word_1_3' title='bbox 248 171 337 221; x_wconf 79' lang='grc' dir='ltr'><strong>ΠΕΡΙ</strong></span> <span class='ocrx_word' id='word_1_4' title='bbox 354 171 429 221; x_wconf 83' lang='grc' dir='ltr'><strong><em>ΤΟΤ</em></strong></span> <span class='ocrx_word' id='word_1_5' title='bbox 448 169 683 220; x_wconf 78' lang='grc' dir='ltr'><strong>ΚΛΕΩΝΤΜΟΤ</strong></span> <span class='ocrx_word' id='word_1_6' title='bbox 701 171 865 220; x_wconf 84' lang='grc' dir='ltr'><strong>ΚΛΗΡΟΤ.</strong></span> <span class='ocrx_word' id='word_1_7' title='bbox 992 179 1030 237; x_wconf 81' lang='lat'><strong><em>17</em></strong></span> 
     </span>
    </p>
   </div>
   <div class='ocr_carea' id='block_1_2' title="bbox 76 331 1087 3627">
    <p class='ocr_par' dir='ltr' id='par_1_2' title="bbox 76 331 1083 1734">
     <span class='ocr_line' id='line_1_2' title="bbox 76 331 1030 430; baseline 0 -19"><span class='ocrx_word' id='word_1_8' title='bbox 76 338 131 422; x_wconf 76' lang='grc' dir='ltr'><strong><em>τοὶς</em></strong></span> <span class='ocrx_word' id='word_1_9' title='bbox 150 342 189 411; x_wconf 74' lang='grc' dir='ltr'><strong><em>δὲ</em></strong></span> <span class='ocrx_word' id='word_1_10' title='bbox 207 340 386 430; x_wconf 75' lang='grc' dir='ltr'><strong><em>διαθήκας,</em></strong></span> <span class='ocrx_word' id='word_1_11' title='bbox 410 337 462 421; x_wconf 84' lang='grc' dir='ltr'><strong><em>αἶς</em></strong></span> <span class='ocrx_word' id='word_1_12' title='bbox 483 331 574 412; x_wconf 89' lang='grc' dir='ltr'><strong><em>ούτοι</em></strong></span> <span class='ocrx_word' id='word_1_13' title='bbox 597 339 805 422; x_wconf 81' lang='grc' dir='ltr'><strong><em>πιστεύοντες</em></strong></span> <span class='ocrx_word' id='word_1_14' title='bbox 829 334 912 430; x_wconf 84' lang='grc' dir='ltr'><strong><em>ήμιῖς</em></strong></span> <span class='ocrx_word' id='word_1_15' title='bbox 935 365 1030 411; x_wconf 90' lang='grc' dir='ltr'><strong><em>συκο·</em></strong></span> 
     </span>
     <span class='ocr_line' id='line_1_3' title="bbox 77 435 1028 568; baseline -0.001 -56"><span class='ocrx_word' id='word_1_16' title='bbox 77 445 276 531; x_wconf 77' lang='grc' dir='ltr'><strong><em>φαντούσιν,</em></strong></span> <span class='ocrx_word' id='word_1_17' title='bbox 313 438 424 522; x_wconf 80' lang='grc' dir='ltr'><strong><em>ούδεῖς</em></strong></span> <span class='ocrx_word' id='word_1_18' title='bbox 458 435 553 568; x_wconf 76' lang='grc' dir='ltr'><strong><em>ὑμῶν</em></strong></span> <span class='ocrx_word' id='word_1_19' title='bbox 587 441 658 511; x_wconf 78' lang='grc' dir='ltr'><strong><em>οἶδε</em></strong></span> <span class='ocrx_word' id='word_1_20' title='bbox 692 449 808 532; x_wconf 82' lang='grc' dir='ltr'><strong><em>κυρίας</em></strong></span> <span class='ocrx_word' id='word_1_21' title='bbox 841 445 1028 530; x_wconf 75' lang='grc' dir='ltr'><strong><em>γενομένας.</em></strong></span> 
     </span>
     <span class='ocr_line' id='line_1_4' title="bbox 79 536 1029 662; baseline -0.001 -51"><span class='ocrx_word' id='word_1_22' title='bbox 79 549 188 612; x_wconf 79' lang='grc' dir='ltr'><strong><em>ἔπειτα</em></strong></span> <span class='ocrx_word' id='word_1_23' title='bbox 210 538 271 629; x_wconf 84' lang='grc' dir='ltr'><strong><em>τήν</em></strong></span> <span class='ocrx_word' id='word_1_24' title='bbox 299 537 400 630; x_wconf 72' lang='grc' dir='ltr'><strong><em>μὲν</em></strong></span> <span class='ocrx_word' id='word_1_25' title='bbox 383 544 546 631; x_wconf 86' lang='grc' dir='ltr'><strong><em>ημετέραν</em></strong></span> <span class='ocrx_word' id='word_1_26' title='bbox 573 544 769 662; x_wconf 78' lang='grc' dir='ltr'><strong><em>συχχένειαν</em></strong></span> <span class='ocrx_word' id='word_1_27' title='bbox 798 536 953 630; x_wconf 77' lang='grc' dir='ltr'><strong><em>εὑρήσετε</em></strong></span> <span class='ocrx_word' id='word_1_28' title='bbox 974 545 1029 612; x_wconf 82' lang='grc' dir='ltr'><strong><em>καὶ</em></strong></span> 
     </span>
     <span class='ocr_line' id='line_1_5' title="bbox 80 637 1032 731; baseline -0.001 -19"><span class='ocrx_word' id='word_1_29' title='bbox 80 639 154 731; x_wconf 89' lang='grc' dir='ltr'><strong><em>παρ’</em></strong></span> <span class='ocrx_word' id='word_1_30' title='bbox 180 638 291 712; x_wconf 72' lang='grc' dir='ltr'><strong><em>αύτσὶν</em></strong></span> <span class='ocrx_word' id='word_1_31' title='bbox 313 671 381 712; x_wconf 90' lang='grc' dir='ltr'><strong><em>των</em></strong></span> <span class='ocrx_word' id='word_1_32' title='bbox 404 638 583 712; x_wconf 74' lang='grc' dir='ltr'><strong><em>ἀντιδίκων</em></strong></span> <span class='ocrx_word' id='word_1_33' title='bbox 605 637 886 730; x_wconf 79' lang='grc' dir='ltr'><em>ὁμολογουμένην,</em></span> <span class='ocrx_word' id='word_1_34' title='bbox 909 640 966 722; x_wconf 77' lang='grc' dir='ltr'><strong><em>τὰς</em></strong></span> <span class='ocrx_word' id='word_1_35' title='bbox 994 643 1032 711; x_wconf 72' lang='grc' dir='ltr'><strong><em>δὲ</em></strong></span> 
     </span>
     <span class='ocr_line' id='line_1_6' title="bbox 81 731 1031 871; baseline 0.001 -61"><span class='ocrx_word' id='word_1_36' title='bbox 81 738 278 831; x_wconf 66' lang='grc' dir='ltr'><strong><em>διαθήκας’</em></strong></span> <span class='ocrx_word' id='word_1_37' title='bbox 257 739 320 832; x_wconf 85' lang='grc' dir='ltr'><strong><em>υφ’</em></strong></span> <span class='ocrx_word' id='word_1_38' title='bbox 340 737 436 871; x_wconf 81' lang='grc' dir='ltr'><strong><em>ήμων</em></strong></span> <span class='ocrx_word' id='word_1_39' title='bbox 453 737 778 832; x_wconf 75' lang='grc' dir='ltr'><strong><em>ἀμφισβητουμένας</em></strong></span> <span class='ocrx_word' id='word_1_40' title='bbox 802 731 893 811; x_wconf 85' lang='grc' dir='ltr'><strong><em>ούτοι</em></strong></span> <span class='ocrx_word' id='word_1_41' title='bbox 915 740 978 863; x_wconf 74' lang='grc' dir='ltr'><strong><em>γὰρ</em></strong></span> <span class='ocrx_word' id='word_1_42' title='bbox 994 740 1031 811; x_wconf 86' lang='grc' dir='ltr'><strong><em>τδ</em></strong></span> 
     </span>
     <span class='ocr_line' id='line_1_7' title="bbox 81 839 1083 964; baseline -0.005 -54"><span class='ocrx_word' id='word_1_43' title='bbox 81 839 208 913; x_wconf 75' lang='grc' dir='ltr'><em>ἀνελεῖν</em></span> <span class='ocrx_word' id='word_1_44' title='bbox 220 839 321 923; x_wconf 78' lang='grc' dir='ltr'><strong><em>αύτδς</em></strong></span> <span class='ocrx_word' id='word_1_45' title='bbox 341 846 469 912; x_wconf 83' lang='grc' dir='ltr'><strong><em>ἐκείνου</em></strong></span> <span class='ocrx_word' id='word_1_46' title='bbox 481 845 686 964; x_wconf 81' lang='grc' dir='ltr'><em>βουλομένου</em></span> <span class='ocrx_word' id='word_1_47' title='bbox 701 840 915 912; x_wconf 69' lang='grc' dir='ltr'><strong><em>διεκώλυσαν.</em></strong></span> <span class='ocrx_word' id='word_1_48' title='bbox 946 839 1030 913; x_wconf 84' lang='grc' dir='ltr'><strong><em>ωσθ’</em></strong></span> <span class='ocrx_word' id='word_1_49' title='bbox 1049 855 1083 906; x_wconf 86' lang='grc'><strong><em>43</em></strong></span> 
     </span>
     <span class='ocr_line' id='line_1_8' title="bbox 82 932 1033 1033; baseline 0 -22"><span class='ocrx_word' id='word_1_50' title='bbox 82 938 167 1031; x_wconf 81' lang='grc' dir='ltr'><strong><em>ύμῖν,</em></strong></span> <span class='ocrx_word' id='word_1_51' title='bbox 188 971 214 1012; x_wconf 91' lang='grc' dir='ltr'><strong><em>ω</em></strong></span> <span class='ocrx_word' id='word_1_52' title='bbox 202 932 363 1033; x_wconf 80' lang='grc' dir='ltr'><strong><em>ἄνδρες,</em></strong></span> <span class='ocrx_word' id='word_1_53' title='bbox 383 941 467 1014; x_wconf 91' lang='grc' dir='ltr'><strong><em>πολυ</em></strong></span> <span class='ocrx_word' id='word_1_54' title='bbox 484 940 620 1012; x_wconf 79' lang='grc' dir='ltr'><strong><em>κάλλιόν</em></strong></span> <span class='ocrx_word' id='word_1_55' title='bbox 638 947 705 1020; x_wconf 84' lang='grc' dir='ltr'><strong><em>Ιέστι</em></strong></span> <span class='ocrx_word' id='word_1_56' title='bbox 722 950 934 1031; x_wconf 77' lang='grc' dir='ltr'><strong><em>ψηφίσασθαι</em></strong></span> <span class='ocrx_word' id='word_1_57' title='bbox 952 971 1033 1012; x_wconf 89' lang='grc' dir='ltr'><strong><em>κατα</em></strong></span> 
     </span>
     <span class='ocr_line' id='line_1_9' title="bbox 82 1037 1033 1136; baseline 0.001 -25"><span class='ocrx_word' id='word_1_58' title='bbox 82 1040 113 1111; x_wconf 86' lang='grc' dir='ltr'>τό</span> <span class='ocrx_word' id='word_1_59' title='bbox 135 1047 231 1131; x_wconf 71' lang='grc' dir='ltr'><strong><em>γένος</em></strong></span> <span class='ocrx_word' id='word_1_60' title='bbox 253 1039 288 1113; x_wconf 85' lang='grc' dir='ltr'><strong><em>ιδ</em></strong></span> <span class='ocrx_word' id='word_1_61' title='bbox 313 1039 393 1133; x_wconf 84' lang='grc' dir='ltr'><strong><em>παρ’</em></strong></span> <span class='ocrx_word' id='word_1_62' title='bbox 423 1039 619 1136; x_wconf 72' lang='grc' dir='ltr'><strong><em>ἀμφοτέρων</em></strong></span> <span class='ocrx_word' id='word_1_63' title='bbox 647 1037 742 1132; x_wconf 72' lang='grc' dir='ltr'><strong><em>ήμῶν</em></strong></span> <span class='ocrx_word' id='word_1_64' title='bbox 767 1038 1033 1133; x_wconf 80' lang='grc' dir='ltr'><strong><em>ὁμολογούμενον</em></strong></span> 
     </span>
     <span class='ocr_line' id='line_1_10' title="bbox 83 1139 1032 1232; baseline 0.002 -21"><span class='ocrx_word' id='word_1_65' title='bbox 83 1147 201 1231; x_wconf 79' lang='grc' dir='ltr'><em>μᾶλλον</em></span> <span class='ocrx_word' id='word_1_66' title='bbox 218 1139 239 1231; x_wconf 84' lang='grc' dir='ltr'><strong><em>ή</em></strong></span> <span class='ocrx_word' id='word_1_67' title='bbox 257 1141 340 1214; x_wconf 81' lang='grc' dir='ltr'><strong><em>κατά</em></strong></span> <span class='ocrx_word' id='word_1_68' title='bbox 357 1141 414 1224; x_wconf 78' lang='grc' dir='ltr'><strong><em>τὰς</em></strong></span> <span class='ocrx_word' id='word_1_69' title='bbox 433 1142 596 1230; x_wconf 76' lang='grc' dir='ltr'><strong><em>διαθήκας</em></strong></span> <span class='ocrx_word' id='word_1_70' title='bbox 613 1139 670 1223; x_wconf 73' lang='grc' dir='ltr'><strong><em>τὰς</em></strong></span> <span class='ocrx_word' id='word_1_71' title='bbox 687 1139 728 1219; x_wconf 79' lang='grc' dir='ltr'><strong><em>ού,</em></strong></span> <span class='ocrx_word' id='word_1_72' title='bbox 747 1148 881 1230; x_wconf 84' lang='grc' dir='ltr'><strong><em>δικαίως</em></strong></span> <span class='ocrx_word' id='word_1_73' title='bbox 899 1171 1032 1232; x_wconf 80' lang='grc' dir='ltr'><strong><em>γεγενη</em></strong></span> 
     </span>
     <span class='ocr_line' id='line_1_11' title="bbox 83 1239 1033 1332; baseline 0 -20"><span class='ocrx_word' id='word_1_74' title='bbox 83 1247 184 1332; x_wconf 89' lang='grc' dir='ltr'><strong><em>μένας.</em></strong></span> <span class='ocrx_word' id='word_1_75' title='bbox 221 1241 301 1329; x_wconf 82' lang='grc' dir='ltr'><strong><em>πρὸς</em></strong></span> <span class='ocrx_word' id='word_1_76' title='bbox 320 1245 357 1313; x_wconf 75' lang='grc' dir='ltr'><strong><em>δέ</em></strong></span> <span class='ocrx_word' id='word_1_77' title='bbox 374 1241 500 1324; x_wconf 81' lang='grc' dir='ltr'><strong><em>τούτοις</em></strong></span> <span class='ocrx_word' id='word_1_78' title='bbox 519 1240 732 1332; x_wconf 79' lang='grc' dir='ltr'><strong><em>ἐνθυμήθητε</em></strong></span> <span class='ocrx_word' id='word_1_79' title='bbox 749 1239 798 1313; x_wconf 82' lang='grc' dir='ltr'><strong><em>ὅτι</em></strong></span> <span class='ocrx_word' id='word_1_80' title='bbox 817 1239 918 1324; x_wconf 78' lang='grc' dir='ltr'><strong><em>αύτᾶς</em></strong></span> <span class='ocrx_word' id='word_1_81' title='bbox 936 1252 1033 1314; x_wconf 77' lang='grc' dir='ltr'><strong><em>ἔλυσε</em></strong></span> 
     </span>
     <span class='ocr_line' id='line_1_12' title="bbox 83 1334 1033 1435; baseline 0 -22"><span class='ocrx_word' id='word_1_82' title='bbox 83 1344 138 1432; x_wconf 73' lang='grc' dir='ltr'><strong><em>μὲν</em></strong></span> <span class='ocrx_word' id='word_1_83' title='bbox 148 1343 348 1433; x_wconf 75' lang='grc' dir='ltr'><strong><em>Κλεώνυμος</em></strong></span> <span class='ocrx_word' id='word_1_84' title='bbox 367 1334 406 1413; x_wconf 86' lang='grc' dir='ltr'><strong><em>εύ</em></strong></span> <span class='ocrx_word' id='word_1_85' title='bbox 423 1346 575 1435; x_wconf 74' lang='grc' dir='ltr'><strong><em>φρονῶν,</em></strong></span> <span class='ocrx_word' id='word_1_86' title='bbox 596 1346 725 1413; x_wconf 87' lang='grc' dir='ltr'><strong><em>διέθετο</em></strong></span> <span class='ocrx_word' id='word_1_87' title='bbox 739 1344 776 1413; x_wconf 75' lang='grc' dir='ltr'><strong><em>δὲ</em></strong></span> <span class='ocrx_word' id='word_1_88' title='bbox 792 1339 959 1433; x_wconf 79' lang='grc' dir='ltr'><strong><em>ὀργισθεὶς</em></strong></span> <span class='ocrx_word' id='word_1_89' title='bbox 978 1347 1033 1413; x_wconf 85' lang='grc' dir='ltr'><strong><em>καὶ</em></strong></span> 
     </span>
     <span class='ocr_line' id='line_1_13' title="bbox 82 1439 1032 1572; baseline 0 -59"><span class='ocrx_word' id='word_1_90' title='bbox 82 1440 140 1514; x_wconf 88' lang='grc' dir='ltr'><strong><em>ούκ</em></strong></span> <span class='ocrx_word' id='word_1_91' title='bbox 156 1441 267 1533; x_wconf 78' lang='grc' dir='ltr'><strong><em>ὀρθοῖς</em></strong></span> <span class='ocrx_word' id='word_1_92' title='bbox 290 1442 541 1572; x_wconf 79' lang='grc' dir='ltr'><em>βουλευόμενος·</em></span> <span class='ocrx_word' id='word_1_93' title='bbox 584 1439 669 1514; x_wconf 74' lang='grc' dir='ltr'><strong><em>ὥστε</em></strong></span> <span class='ocrx_word' id='word_1_94' title='bbox 686 1441 821 1514; x_wconf 84' lang='grc' dir='ltr'><strong><em>πάντων</em></strong></span> <span class='ocrx_word' id='word_1_95' title='bbox 837 1439 880 1515; x_wconf 77' lang='grc' dir='ltr'><strong><em>ἄν</em></strong></span> <span class='ocrx_word' id='word_1_96' title='bbox 898 1456 949 1533; x_wconf 76' lang='grc' dir='ltr'><strong><em>εἴη</em></strong></span> <span class='ocrx_word' id='word_1_97' title='bbox 968 1450 1032 1513; x_wconf 87' lang='grc' dir='ltr'><strong><em>δει-</em></strong></span> 
     </span>
     <span class='ocr_line' id='line_1_14' title="bbox 82 1540 1033 1635; baseline 0.001 -23"><span class='ocrx_word' id='word_1_98' title='bbox 82 1543 270 1635; x_wconf 73' lang='grc' dir='ltr'><strong><em>νότατον,ε</em></strong></span> <span class='ocrx_word' id='word_1_99' title='bbox 255 1547 505 1635; x_wconf 75' lang='grc' dir='ltr'><strong><em>εἰκυριωτέραυ</em></strong></span> <span class='ocrx_word' id='word_1_100' title='bbox 523 1541 628 1615; x_wconf 79' lang='grc' dir='ltr'><strong><em>αὐτού</em></strong></span> <span class='ocrx_word' id='word_1_101' title='bbox 643 1541 704 1632; x_wconf 81' lang='grc' dir='ltr'><strong><em>τήν</em></strong></span> <span class='ocrx_word' id='word_1_102' title='bbox 721 1541 825 1635; x_wconf 81' lang='grc' dir='ltr'><strong><em>ὀργήν</em></strong></span> <span class='ocrx_word' id='word_1_103' title='bbox 841 1540 862 1632; x_wconf 82' lang='grc' dir='ltr'><strong><em>ή</em></strong></span> <span class='ocrx_word' id='word_1_104' title='bbox 879 1543 940 1633; x_wconf 87' lang='grc' dir='ltr'><strong><em>τήν</em></strong></span> <span class='ocrx_word' id='word_1_105' title='bbox 964 1544 1033 1614; x_wconf 80' lang='grc' dir='ltr'><strong><em>διά-</em></strong></span> 
     </span>
     <span class='ocr_line' id='line_1_15' title="bbox 82 1643 349 1734; baseline 0 -20"><span class='ocrx_word' id='word_1_106' title='bbox 82 1673 171 1716; x_wconf 89' lang='grc' dir='ltr'><strong><em>νοιαν</em></strong></span> <span class='ocrx_word' id='word_1_107' title='bbox 189 1643 349 1734; x_wconf 90' lang='grc' dir='ltr'><strong><em>ποιήσετε.</em></strong></span> 
     </span>
    </p>

    <p class='ocr_par' dir='ltr' id='par_1_3' title="bbox 77 1740 1087 3543">
     <span class='ocr_line' id='line_1_16' title="bbox 154 1740 1084 1836; baseline -0.001 -20"><span class='ocrx_word' id='word_1_108' title='bbox 154 1746 255 1836; x_wconf 87' lang='grc' dir='ltr'><strong><em>Οιμαι</em></strong></span> <span class='ocrx_word' id='word_1_109' title='bbox 267 1741 338 1815; x_wconf 90' lang='grc' dir='ltr'><strong><em>δ</em></strong></span> <span class='ocrx_word' id='word_1_110' title='bbox 319 1749 403 1834; x_wconf 82' lang='grc' dir='ltr'><strong><em>υμοῖς</em></strong></span> <span class='ocrx_word' id='word_1_111' title='bbox 416 1749 471 1815; x_wconf 83' lang='grc' dir='ltr'><strong><em>καὶ</em></strong></span> <span class='ocrx_word' id='word_1_112' title='bbox 484 1744 667 1834; x_wconf 75' lang='grc' dir='ltr'><strong><em>λαμβάνειν</em></strong></span> <span class='ocrx_word' id='word_1_113' title='bbox 680 1771 768 1836; x_wconf 91' lang='grc' dir='ltr'><strong><em>παρα</em></strong></span> <span class='ocrx_word' id='word_1_114' title='bbox 779 1742 907 1815; x_wconf 90' lang='grc' dir='ltr'><strong><em>τούτων</em></strong></span> <span class='ocrx_word' id='word_1_115' title='bbox 919 1740 1034 1827; x_wconf 79' lang='grc' dir='ltr'><strong><em>ἆξιούν</em></strong></span> <span class='ocrx_word' id='word_1_116' title='bbox 1051 1766 1084 1815; x_wconf 95' lang='grc'><strong><em>44</em></strong></span> 
     </span>
     <span class='ocr_line' id='line_1_17' title="bbox 81 1839 1033 1970; baseline -0.001 -55"><span class='ocrx_word' id='word_1_117' title='bbox 81 1849 132 1915; x_wconf 85' lang='grc' dir='ltr'>καί</span> <span class='ocrx_word' id='word_1_118' title='bbox 148 1844 208 1970; x_wconf 84' lang='grc' dir='ltr'><strong><em>μή</em></strong></span> <span class='ocrx_word' id='word_1_119' title='bbox 216 1844 450 1965; x_wconf 80' lang='grc' dir='ltr'><strong><em>τυχχύνοντας</em></strong></span> <span class='ocrx_word' id='word_1_120' title='bbox 460 1841 716 1963; x_wconf 79' lang='grc' dir='ltr'><strong><em>ἀχανακτεϊν,ο</em></strong></span> <span class='ocrx_word' id='word_1_121' title='bbox 698 1839 785 1925; x_wconf 86' lang='grc' dir='ltr'><strong><em>οἷς</em></strong></span> <span class='ocrx_word' id='word_1_122' title='bbox 765 1873 807 1914; x_wconf 93' lang='grc' dir='ltr'><strong><em>αν</em></strong></span> <span class='ocrx_word' id='word_1_123' title='bbox 823 1841 955 1936; x_wconf 85' lang='grc' dir='ltr'><strong><em>ύπαρχη</em></strong></span> <span class='ocrx_word' id='word_1_124' title='bbox 978 1848 1033 1914; x_wconf 80' lang='grc' dir='ltr'><strong><em>καὶ</em></strong></span> 
     </span>
     <span class='ocr_line' id='line_1_18' title="bbox 81 1942 1033 2037; baseline 0 -23"><span class='ocrx_word' id='word_1_125' title='bbox 81 1943 157 2036; x_wconf 88' lang='grc' dir='ltr'><strong><em>παρ’</em></strong></span> <span class='ocrx_word' id='word_1_126' title='bbox 188 1942 284 2035; x_wconf 85' lang='grc' dir='ltr'><strong><em>ύμωυ</em></strong></span> <span class='ocrx_word' id='word_1_127' title='bbox 313 1975 381 2016; x_wconf 92' lang='grc' dir='ltr'><strong><em>των</em></strong></span> <span class='ocrx_word' id='word_1_128' title='bbox 409 1942 520 2016; x_wconf 79' lang='grc' dir='ltr'><strong><em>αύτωι</em></strong></span> <span class='ocrx_word' id='word_1_129' title='bbox 550 1962 670 2037; x_wconf 81' lang='grc' dir='ltr'><em>τυχεῖν.</em></span> <span class='ocrx_word' id='word_1_130' title='bbox 719 1953 750 2014; x_wconf 80' lang='grc' dir='ltr'><strong><em>εἰ</em></strong></span> <span class='ocrx_word' id='word_1_131' title='bbox 770 1953 886 2016; x_wconf 85' lang='grc' dir='ltr'><em>τοίνυν</em></span> <span class='ocrx_word' id='word_1_132' title='bbox 909 1948 1033 2034; x_wconf 80' lang='grc' dir='ltr'><em>συνέβη</em></span> 
     </span>
     <span class='ocr_line' id='line_1_19' title="bbox 83 2041 1033 2139; baseline 0.001 -24"><span class='ocrx_word' id='word_1_133' title='bbox 83 2046 269 2139; x_wconf 85' lang='grc' dir='ltr'><strong><em>Κλεωνύμω</em></strong></span> <span class='ocrx_word' id='word_1_134' title='bbox 287 2047 348 2136; x_wconf 72' lang='grc' dir='ltr'><strong><em>μὲν</em></strong></span> <span class='ocrx_word' id='word_1_135' title='bbox 366 2050 484 2136; x_wconf 82' lang='grc' dir='ltr'><strong><em>ζήν,ε</em></strong></span> <span class='ocrx_word' id='word_1_136' title='bbox 470 2049 716 2136; x_wconf 73' lang='grc' dir='ltr'><strong><em>ἐξερημωθῆναι</em></strong></span> <span class='ocrx_word' id='word_1_137' title='bbox 741 2043 828 2115; x_wconf 73' lang='grc' dir='ltr'><strong><em>δὲ</em></strong></span> <span class='ocrx_word' id='word_1_138' title='bbox 795 2075 853 2116; x_wconf 93' lang='grc' dir='ltr'><strong><em>τον</em></strong></span> <span class='ocrx_word' id='word_1_139' title='bbox 876 2041 1033 2136; x_wconf 82' lang='grc' dir='ltr'><strong><em>ἡμέτερον</em></strong></span> 
     </span>
     <span class='ocr_line' id='line_1_20' title="bbox 80 2142 1032 2238; baseline 0 -23"><span class='ocrx_word' id='word_1_140' title='bbox 80 2146 169 2216; x_wconf 82' lang='grc' dir='ltr'><strong><em>οἶκον</em></strong></span> <span class='ocrx_word' id='word_1_141' title='bbox 186 2142 207 2234; x_wconf 81' lang='grc' dir='ltr'><strong><em>ή</em></strong></span> <span class='ocrx_word' id='word_1_142' title='bbox 225 2144 284 2217; x_wconf 88' lang='grc' dir='ltr'><strong><em>τόν</em></strong></span> <span class='ocrx_word' id='word_1_143' title='bbox 300 2145 443 2234; x_wconf 82' lang='grc' dir='ltr'><strong><em>τούτων,</em></strong></span> <span class='ocrx_word' id='word_1_144' title='bbox 467 2149 636 2230; x_wconf 77' lang='grc' dir='ltr'><strong><em>σκέψασθε</em></strong></span> <span class='ocrx_word' id='word_1_145' title='bbox 660 2149 807 2238; x_wconf 85' lang='grc' dir='ltr'><strong><em>ποτέρων</em></strong></span> <span class='ocrx_word' id='word_1_146' title='bbox 825 2151 949 2227; x_wconf 79' lang='grc' dir='ltr'><strong><em>έκεινος</em></strong></span> <span class='ocrx_word' id='word_1_147' title='bbox 969 2150 1032 2234; x_wconf 83' lang='grc' dir='ltr'><strong><em>έχί</em></strong></span> 
     </span>
     <span class='ocr_line' id='line_1_21' title="bbox 81 2245 1034 2337; baseline 0.001 -21"><span class='ocrx_word' id='word_1_148' title='bbox 81 2275 172 2334; x_wconf 81' lang='grc' dir='ltr'><strong><em>χνετο</em></strong></span> <span class='ocrx_word' id='word_1_149' title='bbox 201 2245 417 2337; x_wconf 85' lang='grc' dir='ltr'><strong><em>κληρονομος</em></strong></span> <span class='ocrx_word' id='word_1_150' title='bbox 448 2253 577 2317; x_wconf 88' lang='grc' dir='ltr'><strong><em>δίκαιον</em></strong></span> <span class='ocrx_word' id='word_1_151' title='bbox 605 2245 668 2337; x_wconf 79' lang='grc' dir='ltr'><strong><em>γάρ</em></strong></span> <span class='ocrx_word' id='word_1_152' title='bbox 698 2249 765 2316; x_wconf 80' lang='grc' dir='ltr'><strong><em>ἐστι</em></strong></span> <span class='ocrx_word' id='word_1_153' title='bbox 787 2246 924 2327; x_wconf 90' lang='grc' dir='ltr'><strong><em>τούτους</em></strong></span> <span class='ocrx_word' id='word_1_154' title='bbox 945 2253 1034 2336; x_wconf 81' lang='grc' dir='ltr'><strong><em>ἔχειν</em></strong></span> 
     </span>
     <span class='ocr_line' id='line_1_22' title="bbox 80 2344 1081 2440; baseline 0.001 -25"><span class='ocrx_word' id='word_1_155' title='bbox 80 2376 117 2415; x_wconf 86' lang='grc' dir='ltr'><strong><em>τα</em></strong></span> <span class='ocrx_word' id='word_1_156' title='bbox 141 2351 287 2435; x_wconf 81' lang='grc' dir='ltr'><strong><em>ἐκείνου,</em></strong></span> <span class='ocrx_word' id='word_1_157' title='bbox 314 2344 393 2436; x_wconf 87' lang='grc' dir='ltr'><strong><em>παρ’</em></strong></span> <span class='ocrx_word' id='word_1_158' title='bbox 418 2377 466 2418; x_wconf 92' lang='grc' dir='ltr'><strong><em>ων</em></strong></span> <span class='ocrx_word' id='word_1_159' title='bbox 485 2345 643 2436; x_wconf 75' lang='grc' dir='ltr'><strong><em>ὠφείλετο</em></strong></span> <span class='ocrx_word' id='word_1_160' title='bbox 666 2349 721 2416; x_wconf 87' lang='grc' dir='ltr'><strong><em>καὶ</em></strong></span> <span class='ocrx_word' id='word_1_161' title='bbox 739 2354 855 2434; x_wconf 81' lang='grc' dir='ltr'><em>λαβεῖν</em></span> <span class='ocrx_word' id='word_1_162' title='bbox 871 2345 968 2440; x_wconf 74' lang='grc' dir='ltr'><strong><em>αὐτῷ.</em></strong></span> <span class='ocrx_word' id='word_1_163' title='bbox 1006 2354 1037 2416; x_wconf 77' lang='grc' dir='ltr'><strong><em>εἰ</em></strong></span> <span class='ocrx_word' id='word_1_164' title='bbox 1052 2361 1081 2410; x_wconf 69' lang='grc'><strong><em>45</em></strong></span> 
     </span>
     <span class='ocr_line' id='line_1_23' title="bbox 80 2442 1034 2568; baseline 0.001 -52"><span class='ocrx_word' id='word_1_165' title='bbox 80 2477 138 2534; x_wconf 90' lang='grc' dir='ltr'><strong><em>μεν</em></strong></span> <span class='ocrx_word' id='word_1_166' title='bbox 160 2456 275 2518; x_wconf 87' lang='grc' dir='ltr'><em>τοίνυν</em></span> <span class='ocrx_word' id='word_1_167' title='bbox 300 2450 476 2538; x_wconf 80' lang='grc' dir='ltr'><strong><em>Φερένικος</em></strong></span> <span class='ocrx_word' id='word_1_168' title='bbox 494 2442 540 2537; x_wconf 80' lang='grc' dir='ltr'><strong><em>ή</em></strong></span> <span class='ocrx_word' id='word_1_169' title='bbox 532 2477 600 2518; x_wconf 91' lang='grc' dir='ltr'><strong><em>των</em></strong></span> <span class='ocrx_word' id='word_1_170' title='bbox 621 2444 778 2536; x_wconf 83' lang='grc' dir='ltr'><strong><em>ἆδελφων</em></strong></span> <span class='ocrx_word' id='word_1_171' title='bbox 802 2477 850 2532; x_wconf 86' lang='grc' dir='ltr'><strong><em>τις</em></strong></span> <span class='ocrx_word' id='word_1_172' title='bbox 869 2445 1034 2568; x_wconf 81' lang='grc' dir='ltr'><strong><em>ἐτελεύτη-</em></strong></span> 
     </span>
     <span class='ocr_line' id='line_1_24' title="bbox 81 2545 1034 2637; baseline 0.002 -23"><span class='ocrx_word' id='word_1_173' title='bbox 81 2569 153 2637; x_wconf 80' lang='grc' dir='ltr'><strong><em>σεν,</em></strong></span> <span class='ocrx_word' id='word_1_174' title='bbox 177 2554 212 2618; x_wconf 77' lang='grc' dir='ltr'><strong><em>οι”</em></strong></span> <span class='ocrx_word' id='word_1_175' title='bbox 226 2555 342 2628; x_wconf 79' lang='grc' dir='ltr'><strong><em>παῖδες</em></strong></span> <span class='ocrx_word' id='word_1_176' title='bbox 366 2553 400 2618; x_wconf 79' lang='grc' dir='ltr'><strong><em>οἱ</em></strong></span> <span class='ocrx_word' id='word_1_177' title='bbox 420 2545 562 2636; x_wconf 84' lang='grc' dir='ltr'><strong><em>τούτων,</em></strong></span> <span class='ocrx_word' id='word_1_178' title='bbox 587 2545 648 2617; x_wconf 87' lang='grc' dir='ltr'><strong><em>ούκ</em></strong></span> <span class='ocrx_word' id='word_1_179' title='bbox 672 2551 795 2628; x_wconf 76' lang='grc' dir='ltr'><strong><em>ἐκεῖνος</em></strong></span> <span class='ocrx_word' id='word_1_180' title='bbox 814 2547 1020 2635; x_wconf 74' lang='grc' dir='ltr'><strong><em>ἐγίγνετο</em></strong></span> <span class='ocrx_word' id='word_1_181' title='bbox 978 2577 1034 2616; x_wconf 91' lang='grc' dir='ltr'><strong><em>κυ-</em></strong></span> 
     </span>
     <span class='ocr_line' id='line_1_25' title="bbox 81 2643 1035 2738; baseline 0 -21"><span class='ocrx_word' id='word_1_182' title='bbox 81 2676 146 2735; x_wconf 91' lang='grc' dir='ltr'><strong><em>ριος</em></strong></span> <span class='ocrx_word' id='word_1_183' title='bbox 173 2651 241 2718; x_wconf 80' lang='grc' dir='ltr'><strong><em>των</em></strong></span> <span class='ocrx_word' id='word_1_184' title='bbox 268 2651 572 2736; x_wconf 76' lang='grc' dir='ltr'><strong><em>καταλειφθέντων·</em></strong></span> <span class='ocrx_word' id='word_1_185' title='bbox 606 2643 700 2736; x_wconf 80' lang='grc' dir='ltr'><strong><em>ἡμων</em></strong></span> <span class='ocrx_word' id='word_1_186' title='bbox 729 2648 766 2717; x_wconf 72' lang='grc' dir='ltr'><strong><em>δὲ</em></strong></span> <span class='ocrx_word' id='word_1_187' title='bbox 795 2647 929 2736; x_wconf 88' lang='grc' dir='ltr'><strong><em>τοιαύτη</em></strong></span> <span class='ocrx_word' id='word_1_188' title='bbox 952 2646 1035 2738; x_wconf 87' lang='grc' dir='ltr'><strong><em>τύχη</em></strong></span> 
     </span>
     <span class='ocr_line' id='line_1_26' title="bbox 80 2743 1033 2839; baseline 0.001 -22"><span class='ocrx_word' id='word_1_189' title='bbox 80 2751 293 2838; x_wconf 74' lang='grc' dir='ltr'><strong><em>χρησαμένων</em></strong></span> <span class='ocrx_word' id='word_1_190' title='bbox 310 2747 509 2837; x_wconf 77' lang='grc' dir='ltr'><strong><em>Κλεώνυμος</em></strong></span> <span class='ocrx_word' id='word_1_191' title='bbox 534 2743 690 2818; x_wconf 76' lang='grc' dir='ltr'><strong><em>ἁπάντων</em></strong></span> <span class='ocrx_word' id='word_1_192' title='bbox 709 2750 855 2838; x_wconf 77' lang='grc' dir='ltr'><strong><em>ἐγίγνετο</em></strong></span> <span class='ocrx_word' id='word_1_193' title='bbox 878 2748 1033 2839; x_wconf 89' lang='grc' dir='ltr'><strong><em>κληρονό-</em></strong></span> 
     </span>
     <span class='ocr_line' id='line_1_27' title="bbox 79 2839 1033 2976; baseline 0 -58"><span class='ocrx_word' id='word_1_194' title='bbox 79 2878 144 2937; x_wconf 85' lang='grc' dir='ltr'><strong><em>μος.</em></strong></span> <span class='ocrx_word' id='word_1_195' title='bbox 180 2847 258 2918; x_wconf 79' lang='grc' dir='ltr'><strong><em>οὔτε</em></strong></span> <span class='ocrx_word' id='word_1_196' title='bbox 280 2847 342 2975; x_wconf 76' lang='grc' dir='ltr'><strong><em>χεὶρ</em></strong></span> <span class='ocrx_word' id='word_1_197' title='bbox 366 2843 523 2929; x_wconf 65' lang='grc' dir='ltr'><strong><em>παῖδες’</em></strong></span> <span class='ocrx_word' id='word_1_198' title='bbox 505 2866 586 2976; x_wconf 82' lang='grc' dir='ltr'><strong><em>ημῖν</em></strong></span> <span class='ocrx_word' id='word_1_199' title='bbox 602 2839 688 2937; x_wconf 78' lang='grc' dir='ltr'><strong><em>ἦσαν</em></strong></span> <span class='ocrx_word' id='word_1_200' title='bbox 711 2845 783 2918; x_wconf 77' lang='grc' dir='ltr'><strong><em>οὔτ’</em></strong></span> <span class='ocrx_word' id='word_1_201' title='bbox 807 2846 899 2920; x_wconf 92' lang='grc' dir='ltr'><strong><em>αλλοι</em></strong></span> <span class='ocrx_word' id='word_1_202' title='bbox 918 2871 1033 2937; x_wconf 80' lang='grc' dir='ltr'><strong><em>συγχε-</em></strong></span> 
     </span>
     <span class='ocr_line' id='line_1_28' title="bbox 79 2946 1034 3072; baseline 0 -54"><span class='ocrx_word' id='word_1_203' title='bbox 79 2966 162 3038; x_wconf 81' lang='grc' dir='ltr'><strong><em>νεῐς,</em></strong></span> <span class='ocrx_word' id='word_1_204' title='bbox 182 2946 257 3018; x_wconf 86' lang='grc' dir='ltr'><strong><em>αλλ’</em></strong></span> <span class='ocrx_word' id='word_1_205' title='bbox 279 2953 402 3030; x_wconf 89' lang='grc' dir='ltr'><strong><em>ε’κεινος</em></strong></span> <span class='ocrx_word' id='word_1_206' title='bbox 419 2951 475 3018; x_wconf 81' lang='grc' dir='ltr'><strong><em>καὶ</em></strong></span> <span class='ocrx_word' id='word_1_207' title='bbox 493 2953 582 3037; x_wconf 82' lang='grc' dir='ltr'><strong><em>γένει</em></strong></span> <span class='ocrx_word' id='word_1_208' title='bbox 600 2948 775 3040; x_wconf 84' lang='grc' dir='ltr'><strong><em>προσήκων</em></strong></span> <span class='ocrx_word' id='word_1_209' title='bbox 794 2948 959 3072; x_wconf 75' lang='grc' dir='ltr'><strong><em>ἐγγυτάτω</em></strong></span> <span class='ocrx_word' id='word_1_210' title='bbox 978 2953 1034 3018; x_wconf 84' lang='grc' dir='ltr'><strong><em>καὶ</em></strong></span> 
     </span>
     <span class='ocr_line' id='line_1_29' title="bbox 79 3039 1087 3142; baseline 0.004 -25"><span class='ocrx_word' id='word_1_211' title='bbox 79 3054 119 3138; x_wconf 80' lang='grc' dir='ltr'><strong><em>τή</em></strong></span> <span class='ocrx_word' id='word_1_212' title='bbox 134 3059 229 3142; x_wconf 83' lang='grc' dir='ltr'><strong><em>χρεία</em></strong></span> <span class='ocrx_word' id='word_1_213' title='bbox 247 3048 379 3120; x_wconf 80' lang='grc' dir='ltr'><strong><em>πάντων</em></strong></span> <span class='ocrx_word' id='word_1_214' title='bbox 397 3039 439 3136; x_wconf 85' lang='grc' dir='ltr'><strong><em>ήν</em></strong></span> <span class='ocrx_word' id='word_1_215' title='bbox 457 3048 666 3130; x_wconf 85' lang='grc' dir='ltr'><strong><em>οἰκειότατος·</em></strong></span> <span class='ocrx_word' id='word_1_216' title='bbox 686 3071 769 3118; x_wconf 89' lang='grc' dir='ltr'><strong><em>ωστε</em></strong></span> <span class='ocrx_word' id='word_1_217' title='bbox 787 3047 842 3119; x_wconf 90' lang='grc' dir='ltr'><strong><em>δια</em></strong></span> <span class='ocrx_word' id='word_1_218' title='bbox 858 3079 961 3120; x_wconf 94' lang='grc' dir='ltr'><strong><em>ταυτα</em></strong></span> <span class='ocrx_word' id='word_1_219' title='bbox 978 3053 1033 3120; x_wconf 82' lang='grc' dir='ltr'><strong><em>καὶ</em></strong></span> <span class='ocrx_word' id='word_1_220' title='bbox 1051 3072 1087 3123; x_wconf 80' lang='grc'><strong><em>46</em></strong></span> 
     </span>
     <span class='ocr_line' id='line_1_30' title="bbox 79 3145 1036 3242; baseline 0.001 -24.02"><span class='ocrx_word' id='word_1_221' title='bbox 79 3150 225 3240; x_wconf 78' lang='grc' dir='ltr'><strong><em>οένύμοι</em></strong></span> <span class='ocrx_word' id='word_1_222' title='bbox 250 3149 434 3219; x_wconf 74' lang='grc' dir='ltr'><strong><em>δεδώκασιν</em></strong></span> <span class='ocrx_word' id='word_1_223' title='bbox 457 3145 563 3242; x_wconf 78' lang='grc' dir='ltr'><strong><em>αύτῳ,</em></strong></span> <span class='ocrx_word' id='word_1_224' title='bbox 592 3145 692 3219; x_wconf 85' lang='grc' dir='ltr'><strong><em>καὶ</em></strong></span> <span class='ocrx_word' id='word_1_225' title='bbox 674 3167 768 3239; x_wconf 81' lang='grc' dir='ltr'><strong><em>ημεϊς</em></strong></span> <span class='ocrx_word' id='word_1_226' title='bbox 790 3147 913 3220; x_wconf 87' lang='grc' dir='ltr'><strong><em>ούδένα</em></strong></span> <span class='ocrx_word' id='word_1_227' title='bbox 935 3145 1036 3219; x_wconf 85' lang='grc' dir='ltr'><strong><em>αλλόν</em></strong></span> 
     </span>
     <span class='ocr_line' id='line_1_31' title="bbox 78 3245 1034 3342; baseline -0.001 -22"><span class='ocrx_word' id='word_1_228' title='bbox 78 3245 262 3339; x_wconf 77' lang='grc' dir='ltr'><strong><em>ἠξιώσαμεν</em></strong></span> <span class='ocrx_word' id='word_1_229' title='bbox 284 3248 404 3338; x_wconf 85' lang='grc' dir='ltr'><strong><em>ταύτης</em></strong></span> <span class='ocrx_word' id='word_1_230' title='bbox 427 3253 484 3337; x_wconf 79' lang='grc' dir='ltr'><strong><em>τῆς</em></strong></span> <span class='ocrx_word' id='word_1_231' title='bbox 509 3253 643 3341; x_wconf 79' lang='grc' dir='ltr'><strong><em>δωρεᾶς.</em></strong></span> <span class='ocrx_word' id='word_1_232' title='bbox 685 3247 726 3319; x_wconf 86' lang='grc' dir='ltr'><strong><em>ού</em></strong></span> <span class='ocrx_word' id='word_1_233' title='bbox 749 3249 812 3342; x_wconf 75' lang='grc' dir='ltr'><strong><em>γὰρ</em></strong></span> <span class='ocrx_word' id='word_1_234' title='bbox 832 3250 938 3338; x_wconf 91' lang='grc' dir='ltr'><strong><em>δήπου</em></strong></span> <span class='ocrx_word' id='word_1_235' title='bbox 956 3254 1034 3333; x_wconf 82' lang='grc' dir='ltr'><strong><em>ζων-</em></strong></span> 
     </span>
     <span class='ocr_line' id='line_1_32' title="bbox 77 3345 1035 3444; baseline -0.004 -24"><span class='ocrx_word' id='word_1_236' title='bbox 77 3379 130 3432; x_wconf 89' lang='grc' dir='ltr'><strong><em>τες</em></strong></span> <span class='ocrx_word' id='word_1_237' title='bbox 157 3353 219 3441; x_wconf 75' lang='grc' dir='ltr'><strong><em>μὲν</em></strong></span> <span class='ocrx_word' id='word_1_238' title='bbox 242 3347 346 3431; x_wconf 74' lang='grc' dir='ltr'><strong><em>οὕτως</em></strong></span> <span class='ocrx_word' id='word_1_239' title='bbox 375 3345 417 3420; x_wconf 76' lang='grc' dir='ltr'><strong><em>ἂν</em></strong></span> <span class='ocrx_word' id='word_1_240' title='bbox 444 3354 685 3440; x_wconf 82' lang='grc' dir='ltr'><strong><em>ἐνεχειρίσαμεν</em></strong></span> <span class='ocrx_word' id='word_1_241' title='bbox 709 3347 800 3444; x_wconf 77' lang='grc' dir='ltr'><strong><em>αύτῷ</em></strong></span> <span class='ocrx_word' id='word_1_242' title='bbox 821 3349 882 3438; x_wconf 82' lang='grc' dir='ltr'><strong><em>τήν</em></strong></span> <span class='ocrx_word' id='word_1_243' title='bbox 905 3347 1035 3436; x_wconf 82' lang='grc' dir='ltr'><strong><em>ούσιάν,</em></strong></span> 
     </span>
     <span class='ocr_line' id='line_1_33' title="bbox 78 3445 1036 3543; baseline -0.002 -23"><span class='ocrx_word' id='word_1_244' title='bbox 78 3448 162 3522; x_wconf 76' lang='grc' dir='ltr'><strong><em>ὥστε</em></strong></span> <span class='ocrx_word' id='word_1_245' title='bbox 181 3454 259 3543; x_wconf 82' lang='grc' dir='ltr'><strong><em>περὶ</em></strong></span> <span class='ocrx_word' id='word_1_246' title='bbox 280 3454 347 3520; x_wconf 73' lang='grc' dir='ltr'><strong><em>τῶν</em></strong></span> <span class='ocrx_word' id='word_1_247' title='bbox 364 3445 530 3541; x_wconf 85' lang='grc' dir='ltr'><strong><em>ήμετέρων</em></strong></span> <span class='ocrx_word' id='word_1_248' title='bbox 548 3453 750 3541; x_wconf 86' lang='grc' dir='ltr'><strong><em>κυριωτέραν</em></strong></span> <span class='ocrx_word' id='word_1_249' title='bbox 769 3451 853 3520; x_wconf 83' lang='grc' dir='ltr'><strong><em>εἶναι</em></strong></span> <span class='ocrx_word' id='word_1_250' title='bbox 870 3447 931 3537; x_wconf 86' lang='grc' dir='ltr'><strong><em>τήν</em></strong></span> <span class='ocrx_word' id='word_1_251' title='bbox 956 3453 1036 3519; x_wconf 78' lang='grc' dir='ltr'><strong><em>ἐκεί-</em></strong></span> 
     </span>
    </p>

    <p class='ocr_par' dir='ltr' id='par_1_4' title="bbox 126 3568 879 3627">
     <span class='ocr_line' id='line_1_34' title="bbox 126 3568 879 3627; baseline -0.003 -10"><span class='ocrx_word' id='word_1_252' title='bbox 126 3568 237 3617; x_wconf 67' lang='lat' dir='ltr'><strong>Imus.</strong></span> <span class='ocrx_word' id='word_1_253' title='bbox 792 3572 795 3579; x_wconf 89' lang='grc'><em>“</em></span> <span class='ocrx_word' id='word_1_254' title='bbox 861 3569 879 3627; x_wconf 83' lang='lat'><strong>2</strong></span> 
     </span>
    </p>
   </div>
   <div class='ocr_carea' id='block_1_3' title="bbox 0 0 1175 3916">
    <p class='ocr_par' dir='ltr' id='par_1_5' title="bbox 0 0 1175 3916">
     <span class='ocr_line' id='line_1_35' title="bbox 0 0 1175 3916; baseline 0 0"><span class='ocrx_word' id='word_1_255' title='bbox 0 0 1175 3916; x_wconf 95' lang='lat' dir='ltr'><strong><em> </em></strong></span> 
     </span>
    </p>
   </div>
  </div>
 </body>
</html>
