2340 3916
363 193 462 246 ΚΑΤΑ
480 192 771 246 ΔΗΜΟΣΘΕΝΟΤΣ.
1032 193 1053 257 9

82 367 182 425 θειαν
201 369 270 434 τοῖς
287 359 458 441 Θηβαίοις,
476 354 533 421 καὶ
551 355 619 420 τῶν
637 356 852 442 πρεσβευτῶν
867 350 912 435 ῶς
930 358 1052 424 τοῦτον

83 462 271 547 ἐλθόντων,
296 456 336 528 δν
358 457 485 548 ᾔδεσαν
507 464 626 546 ἔχοντα
648 457 686 528 τὸ
706 458 881 546 βασιλικόν
899 467 1051 551 χρυσίον,

82 570 139 636 καὶ
163 568 332 655 δεομένων
361 566 417 634 καί
442 565 660 634 ἱκετευόντων
689 567 811 634 δοῦναι
837 565 879 634 τά
902 567 1051 656 χρήματα

83 681 130 756 είς
147 673 210 761 τήν
227 676 286 761 τῆς
309 671 437 753 πόλεως
456 677 639 761 σωτηρίαν,
659 669 721 741 οὐκ
741 672 921 761 ἐτόλμησεν
940 670 958 742 ό
977 703 1051 761 μια-
1069 693 1102 742 21

83 781 140 870 ρὸς
173 771 271 860 οὖτος
298 780 354 848 καὶ
382 775 504 867 άσεβὴς
535 779 591 847 καὶ
619 777 860 868 αἰσχροκερδής
892 776 956 849 άπὸ
984 784 1053 850 τῶν

82 890 218 957 πολλῶν
236 885 414 976 χρημάτων
433 875 481 952 ῶν
501 882 566 972 είχε
584 885 664 954 δέκα
684 885 790 974 μόνον
809 885 953 955 τάλαντα
973 890 1051 956 δοῦ-

83 1022 154 1080 ναι,
178 991 343 1073 τοσαύτας
367 987 458 1080 δρῶν
482 993 618 1072 ἐλπίδας
639 987 898 1079 ὑποφαινούσας
921 998 968 1074 είς
990 992 1054 1080 τήν

85 1105 245 1187 Θηβαίων
270 1102 454 1187 σωτηρίαν,
478 1094 561 1167 άλλδι
584 1103 749 1183 περιεῖδεν
774 1100 906 1188 ἑτέρους
931 1100 1054 1183 δόντας

82 1209 182 1276 τοῦτο
211 1203 249 1274 τὸ
278 1201 457 1295 άργάριον,
486 1201 598 1293 ῶσπερ
626 1206 681 1272 καί
709 1208 923 1294 Στρατοκλῆς
951 1204 1053 1293 εἶπεν,

83 1310 167 1402 ὑπὲρ
190 1314 253 1380 τοῦ
275 1311 376 1382 πάλιν
395 1307 556 1379 ἀπελθεῖν
580 1316 694 1379 οίκαδε
716 1310 796 1393 τοὺς
814 1314 1054 1399 ἐξεληλυθότας

80 1418 251 1506 Ἀρκάδων
283 1419 339 1486 καὶ
371 1415 415 1504 μή
449 1419 620 1504 βοηθῆσαι
652 1431 722 1500 τοῖς
756 1424 925 1505 Θηβαίοις.
951 1420 955 1503 Ι
979 1411 1050 1509 Ἆρ’
1070 1446 1104 1495 γε

83 1522 166 1612 ὑμῖν
193 1530 289 1594 δοκεῖ
310 1526 438 1613 μικρῶν
461 1526 574 1592 κακῶν
597 1519 618 1611 ή
641 1527 710 1593 τῶν
733 1525 904 1612 τυχόντων
928 1522 989 1614 όλη
1012 1529 1052 1615 τή
1066 1561 1091 1602 9³

79 1629 211 1701 Ἑλλάδι
230 1640 335 1712 αίτιος
353 1633 557 1716 γεγενῆσθαι
572 1633 799 1718 Δημοσθένης
816 1633 872 1698 καλ
890 1628 911 1718 ἡ
929 1632 1053 1702 τούτου

84 1744 303 1827 φιλαργυρίας
323 1732 535 1824 ήπροσήκειν
549 1734 655 1805 αὐτὸν
668 1732 725 1824 ὑφ’
746 1733 842 1824 ὑμῶν
858 1738 953 1806 ἐλέου
962 1737 1054 1820 τινὸς

82 1843 259 1932 τυγχάνειν
294 1846 432 1911 τοιαῦτα
468 1845 771 1932 διαπεπραγμένον,
808 1840 879 1911 ἀλλ’
919 1840 960 1912 οὐ
996 1847 1054 1932 τῆς

84 1952 221 2039 ἐσχάτης
244 1957 404 2039 τιμωρίας
421 1951 478 2017 καὶ
505 1946 589 2038 ὑπὲρ
612 1952 680 2018 τῶν
706 1952 773 2018 νῦν
799 1950 855 2017 καὶ
874 1945 957 2040 ὑπὲρ
984 1953 1053 2019 τῶν

84 2058 247 2146 πρότερον
265 2058 497 2145 γεγενημένων
516 2052 745 2143 άδικημάτων;
770 2053 973 2125 άκοάσονται
991 2054 1053 2145 τήν

84 2171 212 2252 κρίσιν,
237 2154 263 2231 ῶ
285 2160 476 2250 Ἀθηναῖοι,
499 2161 561 2250 τὴν
584 2158 645 2250 ὑφ’
671 2158 768 2250 ὑμῶν
791 2165 828 2231 ἐν
851 2165 891 2252 τῇ
909 2163 1053 2254 τήμερον

84 2267 191 2361 ήμέρηι
214 2271 439 2358 γεγενημένην
457 2269 578 2349 πάντες
601 2268 791 2360 άνθρωποι·
815 2270 1053 2359 θεωρήσουσιν

84 2373 172 2465 ὑμᾶς
199 2375 278 2457 τοὺς
301 2383 494 2465 κρίνοντας,
518 2372 608 2457 ὅπως
630 2378 758 2466 χρῆσθε
780 2378 827 2467 τῷ
849 2374 891 2444 τά
914 2379 1052 2445 τοιαῦτα

85 2485 370 2575 διαπεπραγμένῳ.
406 2479 500 2570 ὑμεῖς
523 2478 598 2550 ἐσθ’
625 2486 660 2550 οί
682 2481 737 2551 διὰ
760 2484 870 2573 πολλῶ
894 2484 963 2550 τῶν
985 2478 1051 2551 ὑπὸ
1070 2502 1104 2551 23

85 2590 208 2658 τούτου
238 2590 479 2679 πεπραγμένων
507 2584 722 2675 άδικημάτων
755 2588 876 2656 ἐλάττω
909 2588 1053 2676 μεγάλας

87 2696 143 2763 καὶ
184 2693 429 2784 ἀπαραιτήτους
469 2697 572 2774 ἐνίοις
609 2694 849 2775 ἐπιτεθεικότες
884 2700 1052 2784 τιμωρίας.

85 2799 180 2889 ὑμεῖς
193 2803 343 2871 Μένωνα
361 2802 422 2889 μὲν
440 2798 501 2871 τὸν
520 2799 705 2892 μυλωθρὸν
723 2799 946 2888 ἀπεκτείνατε,
965 2801 1053 2870 διότι

85 2915 189 2978 παῖδα
213 2909 395 2999 ἐλεύθερον
418 2912 453 2977 ἐκ
472 2906 645 2995 Πελλήνης
667 2912 763 2996 ἐσχεν
787 2911 824 2976 ἐν
846 2911 892 3000 τῶ
912 2911 1052 2995 μυλῶνι·

88 3021 265 3102 Θεμίστιον
289 3014 326 3085 δὲ
349 3013 409 3084 τὸν
425 3011 638 3102 Ἀφιδναῖον,
662 3015 750 3084 διότι
772 3013 834 3102 τήν
849 3009 982 3083 Ῥοδίαν
1004 3042 1053 3083 κι-

155 3186 197 3260 ²²:
218 3180 409 3249 φιλαργυρία]
430 3179 579 3248 φνλοιρχία
597 3181 659 3236 ded.
672 3183 729 3238 vid
742 3199 783 3248 pr.
797 3180 844 3235 Ad.
861 3208 897 3220 -
914 3178 964 3232 καλ
982 3172 1054 3247 ὑπὲρ

86 3248 143 3300 τῶν
161 3268 216 3304 νυν
235 3268 287 3304 om.
306 3252 389 3302 N-
407 3250 500 3300 malim
517 3246 671 3317 κέχρησθε.

153 3322 195 3371 23
220 3317 334 3370 πολλῶν
352 3319 403 3370 ΖΜ
424 3324 451 3369 et
461 3335 509 3398 pr.
527 3319 612 3370 Α.-
637 3310 808 3395 μυλωθρὸν]
827 3318 862 3368 cf
881 3316 968 3394 Ηιιτρ.
986 3330 1008 3366 ε.
1027 3332 1052 3367 v.
1140 3355 1144 3363 .

86 3386 259 3453 (Δείναρχος
284 3379 315 3439 ἐν
338 3385 377 3455 τῷ
395 3379 470 3437 κατά
489 3389 564 3451 Δημ.
582 3375 734 3446 πολλάκις,
753 3387 801 3436 ubi
818 3375 894 3435 κατά
912 3383 1055 3435 Καλλιοθ.

86 3470 147 3504 eum
165 3457 270 3506 Mauss.
288 3455 350 3511 Mr.;
359 3438 413 3505 cf.
433 3454 498 3506 leet.
519 3452 596 3503 codd.
616 3451 761 3519 BCG).-
784 3450 945 3518 μυλῶνιὲ
959 3451 1062 3501 Nm:-

85 3516 255 3587 μάλωνι-
274 3491 454 3586 άφνίδναιον
472 3539 512 3590 pr.
531 3518 582 3574 Ad.
