2340 3916
182 193 222 256 10
558 192 772 244 Δειυεεκον

179 360 382 443 θαρίστριαν
413 351 552 443 ὕβρισεν
577 350 806 438 Ἐλευσινίοις,
838 352 976 445 θανάτῳ
1010 353 1147 440 ἐζημιώ-

181 482 269 546 σατε,
287 457 496 548 Εὐθύμαχον
515 463 563 546 δέ,
582 459 668 529 διότι
687 457 749 546 τὴν
765 456 949 528 Ὀλυνθίαν
963 464 1147 547 παιδίσκην

129 581 163 629 24
181 573 318 654 ἔστησεν
337 563 388 635 ἐπ’
410 566 596 654 οἰκήματος.
624 563 681 635 διά
700 565 738 634 δέ
756 569 877 634 τοῦτον
896 566 955 634 τὸν
973 565 1148 655 προδότην

179 679 295 754 παῖδες
313 674 369 742 καί
387 688 544 760 γυναῖκες
563 678 601 741 αί
618 679 778 760 Θηβαίων
791 673 844 740 έπὶ
863 669 921 754 τάς
934 670 1059 759 σκηνάς
1077 676 1148 740 τῶν

179 779 361 869 βαρβάρων
376 779 636 868 διενεμήθησαν,
650 779 745 860 πόλις
763 775 968 865 ἀστυγείτων
987 779 1043 847 καί
1062 778 1147 866 σύμ-

179 914 282 974 μαχος
304 888 340 955 ἐκ
364 889 464 973 μέσης
491 889 548 974 τῆς
568 883 725 967 Ἑλλάδος
747 882 976 975 ἀνήρπασται,
1004 882 1148 974 ἀροῦται

179 995 235 1061 καί
263 998 430 1081 σπείρεται
457 990 494 1061 τὸ
521 1000 681 1081 Θηβαίων
709 991 793 1061 ἀστυ
820 994 888 1059 τῶν
916 992 1147 1078 κοινωνησάν-

112 1110 116 1120 ’
178 1125 246 1167 των
264 1095 346 1186 ύμῖν
364 1101 425 1167 τοῦ
443 1097 526 1188 πρὸς
545 1106 714 1168 Φίλιππον
731 1100 887 1185 πολέμου.
910 1095 1061 1187 ἀροῦται,
1081 1126 1147 1185 φη-

179 1211 230 1292 μί,
258 1207 314 1273 καὶ
333 1211 514 1295 σπείρεται·
541 1207 597 1275 καὶ
617 1203 680 1274 οῦκ
697 1202 831 1293 ἠλέησε,
851 1210 952 1292 φημί,
981 1200 1006 1273 ὁ·
1027 1202 1148 1293 μιαρὸς

180 1302 279 1392 οὗτος
311 1311 410 1380 πόλιν
443 1310 550 1393 οὕτως
582 1315 720 1402 οἰκτρῶς
752 1308 1000 1399 ἀπολλυμένην,
1029 1317 1075 1393 εἰς
1102 1307 1148 1398 ἣν

179 1419 401 1506 ἐπρέσβευσεν
423 1414 484 1506 ὑφ’
510 1415 606 1506 ὑμῶν
629 1415 840 1504 ἀποσταλείς,
867 1409 907 1505 ἧς
935 1413 1149 1505 ὁμόσπονδος

179 1525 235 1593 καί
258 1521 478 1614 ὁμοτράπεζος
500 1524 656 1606 πολλάκις
684 1528 838 1611 γέγονεν,
865 1520 908 1611 ἣν
937 1521 1039 1605 αὐτός
1062 1545 1148 1647 φησι

132 1684 136 1695 ,
180 1630 355 1721 σύμμαχον
378 1628 460 1719 ὑμῖν
482 1634 630 1719 ποιῆσαι,
663 1629 745 1700 ἀλλὰ
769 1629 853 1720 πρὸς
876 1627 935 1711 ούς
963 1627 1147 1718 εὐτυχοῦν-

126 1744 131 1803 .“’
140 1752 143 1791 5
179 1764 237 1818 τας
255 1738 412 1819 πολλάκις
430 1729 525 1825 ἦλθε,
543 1738 684 1820 τούτους
698 1735 905 1824 ἀτυχοῦντας
922 1739 1147 1826 προδέδωκεν.

121 1836 162 1973 ξεῖ)
180 1841 327 1914 κάκεινοι
348 1840 501 1968 (μεν),
478 1874 522 1926 ως
541 1872 559 1914 ο
563 1845 811 1968 ίπρεσβύτεροι
824 1847 986 1973 λέγουσι,
1010 1853 1147 1912 καταλε-

11 2054 14 2097 ³
122 2000 133 2161 δ

31 2159 213 2281 „lx

128 2292 134 2319 ¹
179 2294 247 2336 των
271 2269 326 2336 καὶ
350 2265 632 2359 ἀπαγορευόντων
659 2272 787 2358 μηδένα
808 2266 998 2358 Ἀθηναίων
1025 2266 1147 2338 ὑποδέ-

127 2322 135 2437 λ

121 1954 324 2038 λυμένης
347 1978 404 2039 της
429 1955 713 2041 δημοκρατίας
674 1979 732 2039 της
754 1949 832 2040 παρ’
858 1947 939 2038 ἡμιν
962 1951 1018 2019 καὶ
1042 1949 1147 2018 συνά-

180 2083 298 2142 γοντος
321 2059 358 2124 έν
383 2056 510 2144 Θήβαις
535 2057 780 2147 Θρασυβούλου
803 2056 883 2138 τοὺς
910 2056 1110 2143 φυγάδας’
1094 2058 1148 2124 επὶ

179 2189 241 2249 την
266 2165 380 2249 Φυλῆς
407 2162 607 2251 κατάληψιν,
631 2165 687 2233 καὶ
709 2169 988 2251 Λακεδαιμονίων
1012 2162 1148 2251 ἰσχυόν-

180 2384 299 2462 χεσθιιι
316 2372 395 2463 μηδ’
417 2377 608 2464 ἐκπέμπειν,
632 2373 721 2465 όμως
740 2378 968 2466 συνέπραττον
986 2379 1032 2469 τῷ
1053 2376 1147 2467 δήμῳ

247 2546 289 2595 24.
320 2543 427 2603 παῖδες
451 2540 502 2594 καί
524 2561 650 2611 νυν.-
680 2537 845 2611 διενεμήδ]
871 2545 908 2596 c.f
931 2545 1073 2595 Demosth.
1101 2561 1147 2608 ap.

178 2610 348 2683 Agatharch.
361 2613 442 2663 Phot.
458 2612 531 2662 Bibl.
534 2615 636 2692 μ447
654 2630 671 2665 a
689 2615 736 2664 32·
754 2581 866 2689 παιδος
884 2606 917 2663 δέ
936 2609 987 2664 κοιλ
989 2614 1149 2691 γυναῖκας

179 2678 236 2729 τῶν
254 2676 444 2760 πηησαμένων
466 2697 518 2761 της
534 2671 673 2758 Ελλάδος
695 2672 795 2732 έπλ
761 2697 814 2739 τας
837 2675 946 2746 σκηνὰς
964 2678 1021 2732 τῶν
1039 2670 1149 2745 βαρβά-

180 2763 236 2808 ρων
255 2728 440 2825 διένειμε-
406 2749 541 2806 -πολις
559 2737 620 2798 άστ.
639 2774 717 2784 --
735 2737 930 2814 ἀνήρπασται]
951 2764 985 2798 ex
1001 2747 1104 2799 Aeseh.
1123 2750 1149 2808 3,

181 2817 283 2865 133.-
250 2806 421 2879 -ἀροῦται
439 2841 518 2851 --
534 2811 674 2881 πολέμου]
694 2815 1114 2898 StratoelitribuitAgathareh.
1130 2815 1150 2864 l.

181 2897 204 2931 ο.
224 2897 250 2931 v.
270 2884 313 2943 19,
336 2882 385 2930 ubi
407 2881 464 2933 τῶν
486 2880 764 2955 συναγωνισαμένων
785 2873 857 2947 ύμῖν
879 2877 930 2934 τὸν
948 2899 995 2961 πρ
1015 2882 1046 2936 Φ
1065 2874 1149 2934 πόλε-

179 2964 295 3026 μρν.-
313 2942 513 3001 κοινωσάντων
531 2950 555 2998 Δ
572 2966 664 3016 pr—
682 2955 753 3017 υμιν
770 2951 824 3001 ΝΜ
841 2951 934 3001 Turn:
952 2940 1079 3015 ἡμιν.-
1097 2969 1150 3001 και

180 3007 232 3066 ούκ
251 3009 387 3083 η’λέησεν,
411 3009 464 3070 οῦκ
442 3010 600 3101 ἠλέησε,
619 3018 737 3086 (μηρί’
714 3037 748 3072 οι.
765 3019 849 3072 R.-
876 3005 967 3077 οῦτως
985 3009 1116 3097 οἰκτρ.’
1096 3034 1148 3073 απ.

179 3083 205 3133 N
221 3084 286 3133 Mn:
309 3079 398 3168 οἰκτρ.
421 3074 511 3146 οῦτως
534 3104 583 3137 απ.
603 3089 688 3139 Dobs.
707 3103 770 3138 cum
791 3083 828 3135 Ad
846 3087 947 3147 corr,?;
971 3078 1047 3137 οἰ.’
1028 3101 1078 3136 απ.
1099 3077 1149 3136 οῦ-

179 3167 234 3211 τως
252 3167 278 3202 v
297 3178 329 3188 -
358 3172 394 3221 ης
412 3169 474 3206 cum
492 3155 576 3207 Wolf.
595 3156 641 3208 R:
661 3150 720 3217 οίς,
739 3153 812 3223 quod
829 3153 910 3203 retin.
928 3153 980 3208 Bk.
999 3153 1078 3203 Turr
1096 3154 1147 3203 Mr.

179 3243 212 3253 -
231 3211 359 3286 ἐγεγόνει
378 3224 421 3274 W.
434 3249 467 3259 -
485 3215 556 3288 ῦμιν
573 3223 627 3272 ΝΜ
645 3224 739 3272 Turr..
757 3222 881 3287 ημιν.-
899 3222 928 3271 in
946 3237 990 3272 vv.
1009 3214 1149 3280 πολλάκις

180 3272 257 3351 ἦλθε
275 3304 330 3340 non
347 3291 483 3342 immerito
499 3289 616 3342 offendit
627 3289 680 3353 Kl.,
701 3293 749 3354 qui
760 3289 841 3341 πολλ.
856 3281 952 3340 ἐλθὼν
964 3281 1145 3340 έκολάκευσε.

180 3381 214 3389 -
230 3347 345 3416 τούτοις
363 3359 397 3412 Ν.

247 3444 288 3494 25.
307 3431 439 3494 κάκεινοι
456 3437 510 3508 μὲν
528 3444 563 3494 οἰ.
581 3442 685 3493 Bk.-
703 3435 751 3495 ἐπὶ
769 3441 834 3491 Bk.:
854 3436 898 3493 ἔτι
914 3443 1146 3506 p.rN‚ABLZM

176 3498 232 3557 διά
246 3524 278 3560 τε
293 3525 332 3561 νο.
349 3510 384 3574 Ν,
404 3501 435 3572 ές
452 3528 522 3564 ε’.-
541 3504 699 3579 ἰσχυόντων
717 3525 778 3563 cum
790 3508 873 3564 Wolf.
887 3457 933 3560 Rp:
954 3504 1100 3576 ἰσχόντων.
1111 3531 1144 3545 ·-·
