2340 3916
342 219 771 275 πτεινααυυευειευεα.
992 219 1035 285 23

65 361 184 449 μένων
204 360 391 448 πέπρακται
403 358 465 430 ἀπ’
487 362 569 447 ἐμοῦ
585 358 707 447 οὐδέν,
725 359 811 429 ἀλλά
825 363 880 430 διά
899 383 1035 449 συμφο-

68 463 137 549 ράν
155 464 380 550 γεγενημένην
398 461 541 549 μάλιστα
558 461 621 548 μὲν
639 465 680 549 τῇ
702 460 813 552 πόλει,
832 462 903 532 εἶτα
922 464 960 533 δὲ
978 468 1035 533 καλ

68 562 171 653 ἡμῖν,
198 561 293 632 εἷπον
320 563 358 631 δὲ
382 560 403 630 ἀ
428 561 558 649 ἥκουσα
583 562 781 650 Εὐφιλήτου
807 573 952 654 προνοίᾳ
976 565 1039 653 μὲν

69 669 142 734 τῶν
173 669 350 752 συγγενῶν
381 666 438 733 καὶ
470 667 539 732 τῶν
570 673 702 753 φίλων,
733 673 879 755 προνοίᾳ
912 666 949 734 δὲ
980 671 1038 754 τῆς

69 767 201 846 πόλεως
219 764 370 854 ἀπάσης,
396 764 466 855 μετ’
493 765 612 855 ἀρετῆς
637 765 711 834 ἀλλ’
733 765 775 836 ου’
799 767 881 855 μετά
905 774 1038 856 κακίας,

71 867 120 948 τίς
139 867 204 955 έγοδ
222 877 355 955 νομίζω.
388 875 420 937 εί
437 857 499 936 οὖν
518 866 626 949 οὕτως
647 874 712 954 ἔχει
729 873 855 954 ταῦτα,
874 870 1042 953 σώζεσθαί

69 996 108 1039 τε
131 967 211 1051 ἀξιῶ
235 972 291 1037 καί
319 974 432 1039 δοκεῖν
457 967 541 1056 ὑμῖν
567 968 653 1038 εἶναι
675 969 720 1058 μὴ
739 970 850 1050 κακός.
887 972 969 1060 φέρε
996 972 1038 1059 δὴ
1058 994 1090 1042 57

73 1108 120 1119 -
132 1073 194 1157 χρὴ
209 1072 275 1158 γάρ
290 1061 316 1138 ὦ
330 1070 451 1160 ἀνδρες
466 1069 695 1158 ἀνθρωπίνως
710 1074 785 1160 περὶ
800 1076 869 1140 τῶν
880 1072 1038 1162 πραγμά-

70 1200 140 1240 των
177 1176 422 1259 ἐκλογίζεσθαι,
459 1169 570 1258 ὥσπερ
601 1171 644 1241 ἀν
675 1172 783 1243 αὐτόν
814 1171 896 1243 ὄντα
928 1177 965 1243 έν
996 1179 1037 1263 τῇ

71 1277 234 1363 συμφορᾷ
256 1313 300 1322 -
321 1282 357 1343 τί
379 1270 421 1342 ἀν
446 1273 544 1362 ὑμῶν
564 1278 701 1354 ἕκαστος
722 1279 896 1364 έποίησεν;
921 1284 953 1346 εί
975 1277 1039 1364 μὲν

71 1377 140 1464 γάρ
158 1367 200 1462 ἦν
219 1381 320 1444 δυοῖν
333 1376 371 1443 τδ
386 1378 500 1465 ἕτερον
517 1377 671 1463 ἑλέσθαι,
689 1372 709 1462 ἣ
727 1381 838 1458 καλῶς
852 1377 1038 1448 ἀπολέσθαι

73 1474 93 1563 ἢ
112 1480 258 1566 αίσχρῶς
277 1480 446 1566 σωθῆναι,
472 1484 540 1564 ἔχοι
557 1476 601 1546 ἀν
618 1506 667 1558 τις
686 1484 794 1548 εἰπεῖν
813 1487 935 1548 κακίαν
954 1478 1037 1548 εἶναι

69 1579 113 1647 τδι
138 1579 319 1666 γενόμενα·
345 1586 454 1648 καίτοι
478 1582 597 1649 πολλοὶ
620 1576 663 1648 ἀν
687 1583 744 1648 καὶ
768 1583 869 1649 τοῦτο
895 1586 1039 1667 εἵλοντο,

71 1681 111 1749 τό
135 1683 192 1768 ζῆν
211 1683 288 1769 περὶ
303 1689 458 1761 πλείονος
472 1682 688 1770 ποιησάμενοι
705 1685 765 1752 τοῦ
781 1686 891 1761 καλῶς
904 1681 1036 1750 ἀποθα-

71 1798 163 1850 νεῖν·
189 1779 275 1851 ὅπου
300 1782 338 1851 δέ
356 1783 487 1852 τούτων
507 1784 545 1851 τδ
566 1783 809 1852 ἐναντιώτατον
827 1774 887 1871 ἦν,
912 1783 1038 1870 σιωπή·
1058 1802 1091 1853 58

71 1905 171 1953 σαντι
194 1882 257 1971 μὲν
282 1883 375 1974 αὐτῷ
394 1911 430 1952 τε
448 1895 600 1970 αἴσχιστα
625 1882 814 1953 ἀπολέσθαι
837 1884 942 1972 μηδὲν
960 1884 1040 1953 ἀσε-

71 1985 232 2075 βήσαντι,
266 1992 313 2054 ἔτι
339 1984 377 2054 δὲ
401 1987 461 2054 τόν
488 1988 615 2074 πατέρα
639 1991 800 2073 περαδεῑν
827 1984 1040 2073 ἀπολόμενον

70 2090 131 2156 καλ
149 2086 210 2155 τόν
228 2088 393 2174 κηδεστὴν
412 2089 469 2157 καλ
493 2088 574 2167 τούς
599 2104 777 2174 συγγενεῖς
804 2091 859 2157 καί
879 2087 1041 2169 ἀνεψιούς

72 2188 279 2275 τοσούτους,
305 2185 365 2268 οὓς
389 2189 505 2269 ου’δεὶς
531 2189 711 2259 ἀπώλλυεν
736 2185 842 2276 ἢέγοδ
869 2192 914 2277 μὴ
933 2189 1041 2261 είπώυ

73 2289 120 2369 τός
140 2293 246 2378 ἕτεροι
259 2288 423 2378 ἥμαρτον·
451 2296 652 2378 Διοκλείδης
665 2291 729 2378 μέν
747 2291 813 2380 γάρ
828 2292 1040 2378 ψευσάμενος

75 2396 197 2480 ἔδησεν
215 2390 361 2479 αότοός,
380 2401 527 2480 σωτηρία
546 2393 584 2462 δὲ
598 2392 715 2461 αὐτῶν
733 2391 817 2479 ἀλλη
836 2392 980 2480 οὐδεμία
998 2382 1041 2478 ἦν

73 2490 96 2579 ἢ
111 2492 498 2581 πυθέσθαιἈθηναίους
512 2495 673 2562 πάντατά
688 2494 899 2581 πραχθέντα·
914 2493 1041 2579 φονεύς

73 2585 141 2663 οὖν
160 2593 274 2662 αὐτῶν
295 2594 475 2683 ἐγιγνόμην
495 2595 560 2681 ἐγὼ
578 2598 623 2682 μὴ
641 2595 748 2665 είπιδν
765 2590 884 2682 δμῐνά
902 2592 1039 2681 Ιἤκουσα.

74 2701 124 2763 έτι
156 2694 194 2763 δέ
224 2704 438 2784 τριακοσίους
465 2696 665 2783 Ἀθηναίων
696 2696 898 2782 ἀπώλλυον,
933 2697 989 2763 καὶ
1020 2692 1047 2781 η’

147 2962 189 3012 56.
209 2953 280 3024 ὑμῖν
297 2965 359 3026 post
376 2955 415 3026 μὴ
435 2959 534 3012 δοκεῖν
552 2961 617 3011 addi
635 2960 695 3012 vult
711 2960 759 3025 Β,
778 2965 840 3025 post
857 2957 981 3012 σωθέντι
1000 2959 1045 3011 vel

73 3032 139 3093 post
167 3027 245 3097 κακῷ
274 3028 384 3078 Scheib.
408 3054 440 3064 ·-
466 3021 627 3094 ἀνανδρίας
654 3028 746 3080 ABk.:
774 3022 898 3093 ἀνδρίας
920 3029 956 3091 Β,
979 3018 1044 3078 ἀδι-

73 3094 142 3154 κίας
166 3111 191 3145 v.
219 3122 253 3130 -
280 3088 361 3146 πόλει
385 3090 447 3146 εἶτα
475 3092 507 3147 δὲ
534 3095 585 3147 καὶ
612 3095 663 3148 eL:
691 3088 772 3147 πόλει
797 3089 900 3149 εἶτα..
923 3093 973 3147 καὶ
996 3095 1043 3159 Ad,

76 3162 148 3213 unde
168 3159 250 3214 πόλει
270 3159 333 3214 εἶτα
346 3160 394 3213 καλ
414 3164 480 3223 Bk.;
500 3164 632 3229 πολιτείᾳ
650 3160 700 3214 καλ
718 3180 745 3214 v.
759 3168 823 3215 ante
837 3162 889 3217 Bk.

144 3249 186 3327 ὀί.
208 3244 304 3327 δυοῖν]
329 3245 396 3298 δυσί
419 3248 521 3298 ABLZ.
543 3273 578 3285 -
600 3242 660 3313 ἔχει
678 3247 714 3297 Ad
737 3264 776 3314 pr.
795 3274 828 3284 —
848 3240 989 3315 γενόμενα
1009 3248 1043 3298 οἱ.

73 3315 108 3365 R.
128 3314 214 3364 Bam:
235 3315 383 3380 λεγομενα.

144 3401 186 3449 58.
206 3389 385 3464 ἀπολόμενον
408 3399 455 3449 ΑΒ
477 3399 544 3451 Bk.:
573 3391 682 3451 ἀπολοό
706 3415 780 3452 ενον.
807 3426 840 3435 -
867 3398 978 3451 videtur
1000 3398 1045 3448 hic

75 3481 185 3548 quoque
208 3467 408 3548 restituenqum
431 3482 492 3547 euge
515 3464 564 3518 καὶ
586 3458 654 3527 τούς
677 3416 804 3531 έάλλονς)
829 3469 976 3534 συγγενεῖς
994 3463 1046 3516 καλ

75 3533 256 3601 ἀναγκαίους
275 3549 427 3594 τοσοντους
445 3533 562 3600 (οντας),
581 3535 653 3585 sieut
671 3541 714 3586 est
732 3535 747 3596 9
764 3538 807 3586 50.
1071 3548 1108 3680 1
