2340 3916
357 196 405 242 nn
427 196 507 245 nrr.
531 195 768 256 nnoennnrrn.
933 185 1055 246 XXXI

82 351 154 418 εἷπε
182 350 314 417 Μειδίας
344 352 479 416 Μειδίου
507 350 735 431 Ἀναγυράςιος
762 351 818 416 ἐπ’
848 350 1048 419 Εὐξενίππου

80 437 253 520 ἄρχοντος,
276 437 478 516 Γαμηλιῶνος
501 436 618 522 ἑβδόμη
641 436 825 519 φθίνοντος,
846 436 973 516 ἡττήθη.

463 660 667 668 ...σα-...-

218 826 283 900 DE
316 827 575 901 HYPERIDIS
608 825 913 913 ELOQUENTIA

395 975 534 1031 remen
555 975 738 1032 vnssnsn.

164 1186 337 1265 Dionysius
348 1181 504 1262 Ἀρχαίων
520 1181 617 1261 spici(
627 1186 665 1259 V,
679 1188 697 1245 6
716 1181 782 1264 (qui
796 1184 877 1245 liber
893 1206 910 1245 e
924 1184 1046 1266 Diony·

78 1272 116 1332 sii
132 1267 207 1346 περὶ
227 1267 384 1347 μιμήςεως
405 1272 621 1331 commentario
643 1269 780 1331 seeundo
797 1279 959 1350 excerptus
972 1268 1047 1350 est):

163 1352 200 1416 ‘0
229 1353 265 1416 δὲ
292 1351 478 1431 Ὑπερείδης
506 1350 659 1432 εὔςτοχος
680 1354 738 1433 μὲν
745 1401 754 1436 ,
781 1351 916 1418 ςπάνιον
941 1351 969 1416 δ’
992 1351 1047 1416 αὐ-

78 1437 213 1516 ξητικός·
240 1437 293 1502 καὶ
320 1443 359 1521 τῇ
388 1438 445 1518 μὲν
472 1439 528 1516 τῆς
561 1437 710 1518 φράςεως
731 1443 905 1521 καταςκευῇ
932 1436 1048 1503 Λυςίαν

77 1521 267 1608 ὑπερηρκώς
273 1571 282 1606 ,
310 1526 349 1605 τῇ
377 1523 413 1586 δὲ
439 1524 496 1601 τῆς
523 1520 737 1604 (οἰκονομίας)
763 1521 946 1603 πανουργίᾳ
967 1520 1048 1587 πάν-

77 1628 146 1673 τας.
191 1607 236 1673 ἔτι
265 1607 302 1672 δὲ
329 1610 389 1672 τοῦ
418 1608 610 1687 κρινομένου
638 1607 814 1672 διαπαντὸς
841 1605 964 1689 ἔχεται,
997 1606 1049 1671 καί

78 1694 146 1757 ταῖς
169 1691 321 1768 ἀνάγκαις
344 1694 402 1756 τοῦ
418 1691 604 1771 πράγματος
619 1740 719 1756 .....
735 1691 870 1775 πέφυκε,
893 1691 945 1755 καί
960 1691 1048 1756 ςυνέ-

79 1797 124 1840 ςει
146 1779 252 1858 πολλῇ
275 1776 500 1858 κεχορήγηται,
529 1778 582 1841 καὶ
610 1777 741 1855 χάριτος
763 1776 874 1855 μεςτός
897 1775 974 1841 ἐςτι·
997 1774 1048 1841 καὶ

78 1862 187 1924 δοκῶν
215 1861 340 1925 ἁπλοῦς
368 1860 428 1925 οὐκ
457 1859 656 1939 ἀπήλλακται
685 1860 878 1939 δεινότητος.
928 1860 1048 1925 τούτου

78 1945 242 2023 Ζηλωτέον
265 1944 398 2023 μάλιςτα
419 1951 486 2011 τῶν
509 1946 685 2024 διηγήςεων
706 1945 745 2010 τὸ
768 1945 888 2011 λεπτὸν
910 1945 961 2011 καὶ
976 1944 1049 2025 ςύμ-
1157 1996 1159 2001 .

79 2050 212 2134 μετρον,
242 2029 288 2094 ἔτι
315 2031 351 2095 δὲ
372 2029 431 2095 τὰς
454 2029 612 2112 ἐφόδους,
642 2027 720 2112 (αῖς)
743 2029 795 2094 ἐπὶ
815 2031 856 2096 τὰ
878 2030 1049 2112 πράγματα

78 2119 252 2264 &blata-em
274 2203 313 2264 de
334 2204 493 2264 Dinareho
517 2225 542 2265 ο.
566 2203 619 2276 M

163 2285 301 2365 Ὁμοίως
329 2286 382 2350 καλ
414 2285 559 2351 ἐπὶτῶν
587 2284 792 2365 Ὑπερείδου·
820 2285 878 2350 ἐὰν
905 2288 962 2364 τῆς
989 2285 1048 2365 μὲν

79 2369 197 2437 λέξεως
219 2370 257 2434 τὸ
271 2370 420 2453 ίςχυρόν,
442 2374 498 2448 τῆς
521 2371 557 2434 δὲ
578 2370 753 2436 ςυνθέςεως
766 2370 805 2433 τὸ
821 2369 959 2452 ἁπλοῦν,
981 2375 1047 2435 τῶν

79 2537 169 2601 cion),
188 2537 228 2589 ιλίς
247 2552 332 2603 φηςιν
352 2536 520 2602 Ἰδομενεύς,
539 2537 736 2590 δοιδυκοποιοῦ
755 2536 873 2603 πατρός,
894 2536 945 2590 οὐκ
962 2537 998 2590 ἂν
1015 2537 1047 2590 ἑν

78 2607 121 2670 τῷ
145 2602 223 2670 λόγῳ
248 2604 265 2656 Γ
266 2606 291 2657 λ.
320 2603 336 2656 ὁ
360 2604 522 2670 Ὑπερίδου,
550 2605 634 2671 μυρία
660 2604 828 2669 ςυνειλοχὼς
854 2606 901 2657 καί
926 2603 1047 2671 εἰρηκὼς

79 2670 160 2736 κακά,
178 2672 234 2737 τὴν
251 2671 413 2735 δυςγένειαν
430 2675 566 2738 παρῆκεν.

147 2825 341 2890 Antiquiorum
357 2825 492 2889 Dionysio
511 2827 674 2892 scriptorum
692 2827 860 2879 Graecorum
877 2841 955 2887 unns,
975 2827 1048 2892 quod

80 2893 174 2954 sciam,
192 2894 353 2944 Demetrius
365 2893 481 2958 Magnes
500 2911 544 2961 ap.
559 2895 672 2960 Dionys.
686 2894 750 2947 Din.
765 2896 779 2944 1
798 2909 885 2960 genus
896 2895 1048 2961 Hyperidis

81 2959 256 3026 eloquentiae
275 2961 401 3027 attingit,
426 2962 459 3012 de
478 2963 620 3014 Dinareho
639 2962 748 3014 dicens:
771 2959 828 3014 ἔςτι
845 2959 944 3014 τοίνυν
962 2961 1048 3015 οὗτος

80 3053 113 3064 -
136 3027 220 3081 οὐδὲν
242 3027 410 3082 ἀπολείπων
431 3031 483 3094 τῆς
505 3027 669 3095 Ὑπερείδου
693 3027 813 3095 χάριτος.
853 3030 935 3096 Apud
956 3031 1048 3096 ipsum

79 3095 245 3161 Dionysium
262 3099 291 3148 in
311 3098 351 3149 eis
368 3096 449 3149 libris
472 3098 520 3164 qui
542 3099 632 3150 adhue
654 3103 767 3150 manent
785 3099 898 3149 nonita
917 3098 1047 3164 frequen·

80 3167 123 3213 ter
139 3164 292 3231 Hyperidis
311 3167 415 3216 mentio
432 3166 475 3227 fit3
495 3167 544 3217 sed
563 3167 622 3233 egit
641 3166 674 3218 de
687 3181 720 3217 eo
737 3167 768 3216 in
785 3163 911 3219 ςυντάέει
923 3166 1046 3217 secunde

79 3233 172 3297 operis
189 3233 223 3285 de
242 3235 365 3300 antiquis
383 3236 551 3299 oratoribus,
576 3234 677 3302 quippe
700 3249 780 3300 quem
797 3234 1047 3300 praestantissimis

80 3301 237 3352 oratoribus
256 3317 305 3353 sex
324 3302 523 3355 adnumeraret.
555 3303 591 3357 ef.
611 3317 640 3354 π.
651 3317 677 3354 τ.
689 3299 750 3368 ἀρχ.
762 3300 825 3367 ῥητ.
840 3317 960 3368 prooem,
979 3318 1002 3353 ο.
1016 3304 1045 3365 4;

80 3366 113 3418 de
132 3368 204 3420 Isse.
224 3375 292 3421 extr.
311 3371 441 3422 -Addo
459 3371 649 3423 etiamloeum
668 3370 702 3422 de
719 3370 783 3422 Din.
801 3372 831 3422 8:
850 3367 946 3434 οἱμὲν
965 3369 1046 3422 Ὑπε-

78 3432 176 3500 ρείδην
195 3437 369 3502 μιμούμενοι,
388 3438 589 3505 διαμαρτόντες
607 3441 659 3505 τῆς
677 3436 790 3504 χάριτος
802 3436 912 3503 ἐκείνης
931 3434 977 3490 καί
993 3440 1050 3499 site

78 3500 167 3567 ἄλλης
185 3504 340 3570 δυνάμεως,
360 3504 498 3573 αὐχμηροί
514 3520 591 3562 τινες
607 3506 755 3574 ἐγένοντο.
