2340 3916
57 206 87 256 ρ.
106 188 151 239 40.
276 189 366 238 ΠΕΡΙ
383 187 459 239 ΤΟΥ
475 188 628 241 ΠΤΡΡΟΤ
645 187 808 240 ΚΔΗΡΟΤ.
979 194 1019 254 35

136 354 191 438 Ὡς
208 359 269 447 μὲν
286 367 400 430 τοίνυν
417 349 460 447 ήν
476 356 570 447 κοινή
586 388 631 452 τῳ
620 354 885 451 βουλομένῳ,
863 387 907 446 ην
923 348 1018 439 ούτος
1039 376 1071 427 16

61 461 223 547 ἐγγυῆσαι
234 461 280 550 τῷ
290 455 437 553 ἡμετέρῳ
448 466 532 552 θείῳ
542 456 781 549 μεμαρτύρηκε,
798 457 1018 548 μνημονεύειν

60 557 128 683 χρή
154 552 216 648 ὑφ’
239 555 329 629 ὅσων
352 554 432 648 ύμῖν
458 558 718 680 μεμαρτύρηται,
747 556 850 628 καί”
830 587 880 629 οτι
903 555 1018 629 ούδενὶ

61 657 155 751 ἄλλῳ
179 662 379 747 ἐγγυηθεῖσα
401 655 481 729 0666
482 659 728 780 συνοικήσασρι
745 667 913 748 φαίνεται
946 681 1018 729 σκε-

64 758 208 848 μώμεθα
226 760 263 828 δὲ
280 761 335 828 καὶ
354 749 432 842 ἐξ
405 788 452 830 ων
469 757 511 830 6v
528 789 575 841 τις
592 754 811 848 ὑπονοήσειεν
829 757 951 880 ἐγγύην
967 787 1019 846 γε

60 863 186 930 νέσθαι
208 857 358 979 τοιαύτης
381 858 556 948 γυναικός,
585 857 658 930 εἰ”
637 889 701 981 αρα
729 862 785 930 καὶ
807 888 854 952 τῳ
841 854 1020 984 ἡμετέρῳ

61 966 151 1052 θείῳ
172 957 320 1030 τοιοῦτόν
342 989 374 1029 τι
396 963 612 1048 συμβέβηκεν.
656 956 721 1049 666
749 957 813 1050 γάρ
841 987 929 1040 τινες
952 960 1020 1030 νέοι
1041 975 1070 1024 17

61 1058 237 1148 ἄνθρωποι
267 1058 529 1149 ἐπιθυμήσαντες
557 1058 716 1130 τοιούτων
742 1063 929 1148 γυναικοῖν,
965 1062 1019 1128 καὶ

62 1156 214 1249 ἀκρατεῖς
232 1166 359 1248 ἔχοντες
382 1155 509 1248 αὑτων,
536 1164 739 1249 ἐπείσθησαν
754 1154 822 1229 ’ὑπ’
841 1156 954 1241 άνοίας
974 1167 1020 1239 εἰς

61 1255 186 1340 αύτούς
208 1258 357 1330 τοιοῦτόν
383 1289 414 1329 τι
445 1263 645 1350 ἐξαμαρτεῖν.
686 1259 794 1330 πόθεν
819 1250 883 1331 ούν
909 1258 951 1330 ἄν
973 1288 1020 1339 τις

63 1363 267 1448 σαφέστερον
284 1367 380 1447 γνοίη
396 1362 472 1450 περὶ
489 1358 632 1449 τούτων,
656 1355 677 1448 6
701 1367 737 1430 ἐκ
757 1387 793 1429 τε
816 1363 882 1430 τοῖν
898 1389 1019 1450 μαρτυ·

63 1462 149 1548 ριαῖν
174 1461 241 1530 των
267 1457 394 1541 τούτοις
420 1463 722 1550 μεμαρτυρημένων
750 1464 785 1530 ἰν
813 1464 855 1550 τή
879 1463 1020 1551 προτέρᾳ

64 1566 144 1649 δίκη
167 1561 221 1629 καί
245 1563 281 1628 ἐκ
302 1563 370 1630 τοῖν
393 1558 530 1631 εἰκότων
551 1565 620 1631 τω”ν
642 1563 718 1650 περὶ
736 1556 817 1630 αύτδ
834 1557 870 1630 τὸ
888 1562 1020 1648 πρᾶγμα

62 1658 285 1748 σκεψάμενος;
304 1664 505 1749 ἐνθυμεῖσθε
524 1661 561 1729 δὲ
576 1657 637 1749 τήν
653 1657 827 1730 ἀναίδειαν
845 1650 893 1730 ύν
909 1663 1020 1747 λέγου
1042 1679 1072 1729 18

62 1781 128 1831 σιν.
162 1754 181 1829 6
203 1761 264 1848 μὲν
286 1756 348 1851 γάρ
374 1763 495 1853 ε’γγυρῖυ
518 1764 647 1849 μέλλων
666 1768 711 1841 εἰς
728 1758 786 1830 τδν
808 1757 1021 1851 τριτάλαντον

62 1857 237 1949 οἰκον,’ὡ’ς
255 1882 352 1949 φησι,
370 1858 432 1948 τήν
449 1857 615 1950 ἀδελφήν,
642 1859 917 1950 διαπραττόμενος
934 1869 1020 1948 τηλι-

63 1964 171 2030 καύτα
190 1963 248 2029 ἕνα
265 1957 414 2083 μάρτυρα
431 1977 583 2050 παρεῖναι
601 1957 691 2054 αύτῳ
680 1964 901 2050 Πυρετίδην
922 1981 1021 2051 προσ·

65 2058 252 2187 εποιήσατο,
271 2061 326 2130 καί
336 2058 455 2182 τούτρυ
467 2065 742 2154 ἐκμαρτυρίανπ
703 2057 755 2131 ἐπ’
769 2065 878 2150 ἰκεινη
890 2089 930 2151 τη
919 2063 1020 2149 δίκη

62 2163 281 2282 παρέσχρντο
283 2150 389 2230 ούτοι
408 2157 450 2249 ήν
461 2168 647 2253 Πυρετίδης
665 2190 727 2232 ουκ
736 2157 1006 2232 αναδέδεκται
964 2190 1021 2230 αυ-

62 2278 150 2347 τοῖς,
168 2255 249 2329 ούδε
265 2255 418 2348 ὁμολογεῖ
433 2266 638 2353 μαρτυρήσαι
655 2258 737 2332 0666
755 2265 879 2332 εἰδέναι
895 2260 1023 2331 τούτων

61 2359 189 2448 ἄληθες
206 2353 246 2430 δν
262 2357 371 2431 ούδέν.
405 2364 489 2450 μέγα
512 2364 549 2431 δὲ
571 2361 745 2489 τεκμήριον
771 2357 815 2442 άς
832 2365 1022 2451 περιφανῶς
1041 2387 1072 2439 19
1135 2432 1139 2438 ,

61 2457 229 2547 ψευδή
193 2488 254 2549 την
270 2469 454 2553 μαρτυρίαν
469 2451 561 2531 ούτοι
578 2466 778 2553 παρέσχοντο
795 2461 933 2549 ταύτην
953 2472 1022 2530 ἰστε

60 2560 128 2652 γάρ
141 2559 258 2641 πάντες
272 2589 316 2683 ῳς
328 2557 408 2632 ὅταν
419 2563 480 2651 μὲν
494 2564 546 2631 ἐπί
556 2562 742 2653 προδήλους
759 2560 890 2649 πράξεις
908 2571 1020 2649 ίωμεν,

62 2658 103 2744 ἃς
132 2667 187 2730 δεῖ
204 2658 284 2750 μετά
310 2660 486 2753 μαρτύρων
509 2665 682 2750 γενέσθαι,
706 2659 783 2742 τούς
804 2658 1022 2741 οἰκειοτάτους

63 2758 70 2857 6
91 2763 149 2831 καί
167 2756 216 2840 οἷς
234 2756 277 2831 ἂν
290 2761 503 2852 τυγχάνωμεν
523 2761 685 2853 χρώμενοι
707 2759 861 2853 μάλιστα,
885 2759 1022 2841 τούτους

62 2858 339 2951 παραλαμβάνειν
357 2861 522 2951 εἰώθαμεν
545 2866 598 2934 ἐπὶ
615 2860 673 2944 τὰς
690 2861 820 2954 πράξεις
837 2859 894 2943 τὰς
912 2861 1022 2932 τοιαύ-

62 2991 142 3049 τας,
165 2964 232 3030 τῶν
256 2961 294 3030 δέ
317 2957 450 3087 άδήλων
473 2965 528 3032 καὶ
546 2968 701 3053 ἐξαίφνης
723 2964 928 3085 γιγνομένων
944 2959 1021 3042 τούς

63 3058 311 3189 προστυχόντος
329 3066 457 3134 ἕκαστοι
479 3060 645 3184 μάρτυρας
669 3061 861 3153 ποιούμεθα.
895 3092 950 3133 και
939 3064 1022 3131 ἐπὶ
1039 3077 1072 3128 20

63 3191 130 3252 μεν
146 3178 217 3242 ταῖς
234 3171 428 3289 μαρτυρίαις
445 3159 560 3244 αύταῖς
582 3180 650 3244 τοῖς
668 3166 943 3284 παραγενομένοις
963 3159 1020 3233 αύ-

63 3278 152 3350 τοῖς,
176 3257 287 3331 ὁποῖοί
299 3291 385 3344 τινες
407 3258 449 3333 ἂν
473 3252 549 3352 ω’σι,
572 3263 698 3344 τούτοις
720 3262 861 3354 μάρτυσι
878 3266 1021 3386 χρήσθαι

62 3360 248 3484 ἀναγκαῖόν
267 3359 390 3433 ἐστιν
372 3380 466 3452 ημῖν
498 3360 587 3484 παρὰ
611 3365 648 3434 δε
665 3368 731 3434 τεόν
748 3361 983 3435 ἀσθενούντων
1000 3357 1021 3449 6

64 3493 134 3534 των
133 3457 334 3550 ἀποδημεῖν
345 3459 562 3552 μελλόντων”
542 3492 622 3534 οταν
638 3494 685 3545 τις
699 3467 919 3556 ἐκμαρτυρίαν
930 3465 1022 3550 ποιή-
