2340 3916
152 150 214 214 110
470 151 753 210 AIZXINOY

151 322 239 391 πείτε
252 308 316 397 γὰρ
331 309 371 396 δή
389 306 471 377 καθ’
490 309 647 394 ἕκαστον,
672 336 697 376 ω
686 299 899 397 Ἀθηναῖοι,
922 312 1053 379 ποῖον’
1037 336 1103 398 εγω

151 408 305 494 ψήφισμα
317 407 449 494 γραψας
464 413 634 492 κρίνομαι,
654 401 678 493 ή
699 422 796 477 ποίου
814 410 921 494 νόμον
938 403 1104 492 λύσας,’“
1081 436 1102 494 η

151 520 247 574 ποίου
257 508 415 592 γενέσθαι
423 500 619 591 κωλύσας,’“
596 532 617 591 η
627 511 718 584 τίνας
728 502 861 590 ὑπὲρ
821 534 877 592 της
886 507 1012 585 πόλεως
1020 528 1106 572 ουν-

151 603 259 691 θήκας
280 603 519 691 ποιησάμενος,
540 599 561 690 ή
558 601 614 670 τί
633 629 701 670 των
724 606 932 691 δεδογμένων
952 604 1105 694 περὶτῆς

82 710 134 766 3λὺ
152 702 283 789 εἰρήνης
295 705 493 787 ἀπαλείψας,
516 697 538 788 ή
548 708 582 769 τί
589 708 657 770 τῶν
668 701 712 788 μή
725 703 894 783 δοξάντων
906 701 987 788 ὑμίν
997 719 1104 784 προσ-

150 803 288 888 γράψας.
303 800 364 871 ούκ
375 800 496 887 ήρεσκέ
505 800 804 888 τισιτοίυρητόρων
815 797 835 888 ἡ
848 799 978 887 εἰρήνη·
993 805 1102 866 ἒπειτα
1125 816 1169 872 161

151 899 193 969 ού
204 902 277 970 τότε
288 900 471 986 ἀντιλέγειν
483 897 605 978 αύτούς
616 903 724 986 ἐχρῆν,
739 897 821 967 ἄλλα
832 896 875 984 μή
888 906 954 965 νῦν
964 896 1018 982 ἐμὲ
1029 903 1105 980 κρί-

150 1026 238 1079 υειν;
250 999 436 1067 ἐπλούτουν
446 999 532 1077 τινὲς
548 1000 584 1065 ἐκ
602 1004 663 1065 τοῦ
673 1002 820 1083 πολέμου
830 994 895 1066 ἆπδ
909 1003 977 1064 τῶν
987 992 1104 1081 ὑμετέ-

152 1124 222 1181 ρων
239 1103 407 1183 εἰσφορῶν
424 1100 477 1164 καί
495 1103 564 1163 τῶν
581 1100 749 1182 δημοσίων
767 1095 961 1182 προσόδων,
984 1102 1050 1162 νῦν
1068 1094 1104 1160 δὲ

153 1198 351 1262 πέπαυνται·
376 1195 490 1282 εἰρήνη
508 1192 572 1280 γὰρ
591 1193 711 1281 ἀργίαν
728 1193 770 1262 ού
793 1197 922 1279 τρέφει·
945 1199 1054 1261 ἔπειτα
1072 1197 1106 1260 οἰ

151 1293 213 1379 μὲν
224 1288 287 1359 ούκ
299 1292 522 1379 ἀδικούμενοι,
535 1289 610 1360 ἄλλ’
622 1290 817 1370 οἰδικοῦντες
824 1289 886 1376 τήν
895 1289 992 1359 πόλιν
1001 1317 1100 1376 τιμω-

152 1389 310 1475 ρήσονται
319 1387 380 1457 τὸν
388 1390 577 1474 προστάντα
587 1398 645 1476 της
657 1390 805 1477 εἰρήνης,
818 1394 853 1457 οἰ
862 1389 893 1456 δ”
909 1387 1104 1475 ὠφελούμε-

151 1514 205 1555 νοι
221 1487 300 1565 τούς
317 1495 497 1574 χρησίμους
511 1493 556 1567 εἰς
572 1487 612 1555 τὰ
630 1487 725 1555 κοιυδι
737 1491 953 1574 γιγνομένους
963 1490 1103 1572 ἐγκατα-

152 1591 295 1667 λείψετες
320 1590 471 1674 συνῇδον
486 1583 549 1671 γίιρ
568 1585 646 1665 τούς
667 1595 809 1666 παιᾶνας
830 1593 983 1676 Φιλίππῳ
1006 1611 1100 1654 κατε·
1124 1608 1167 1663 15

152 1685 352 1769 σκαμμένων
361 1691 429 1751 τῶν
441 1689 477 1752 ἐν
484 1691 639 1752 Φωκεῦσι
649 1684 790 1768 πόλεων,
800 1683 844 1764 ὥς
856 1707 959 1771 φησιν
971 1682 988 1753 ὁ
1002 1684 1105 1769 κατή-

81 1793 133 1850 326
152 1807 260 1866 γορος.
279 1785 335 1850 καὶ
347 1790 429 1872 ποίῳ
440 1791 603 1872 τεκμηρίῳ
618 1780 747 1849 δύναιτ’
759 1781 807 1851 7α’ίν
817 1812 865 1863 τις
879 1793 993 1870 σαφῶς
1003 1791 1104 1852 τοῦτο

150 1880 320 1961 ἐπιδείξαις
333 1882 480 1967 ἐκλήθην
490 1880 551 1967 μέν
561 1879 625 1967 γὰρ
638 1883 689 1949 έπί
700 1878 740 1947 τὰ
753 1885 841 1960 ξένια
851 1879 931 1968 μετὰ
941 1889 1008 1949 τῶν
1018 1900 1105 1997 συμ-

149 1979 337 2064 πρέσβεων,
360 1970 446 2064 ἦσαν
465 1978 498 2046 δ’
517 2006 548 2047 οι
541 1980 671 2064 κλητοί
682 2006 737 2046 και
727 1982 1027 2056 συνδειπνουντες
1038 1976 1105 2043 συν

148 2091 218 2154 ταῖς
229 2074 294 2144 απδ
307 2103 375 2145 των
383 2075 550 2164 Ελλήνων
562 2084 748 2165 πρεσβείαις
759 2075 821 2144 οὐκ
832 2070 1018 2194 ἐλύττονςη
1030 2079 1104 2142 δια-

150 2172 266 2240 κόσιοι.
279 2176 317 2239 ἐν
329 2175 364 2242 δὲ
375 2173 521 2259 τούτοις,
539 2199 583 2252 ως
593 2178 700 2241 ἐοικεν
708 2170 799 2258 ,ἐγώ
812 2164 1009 2259 διαφανης
987 2198 1032 2258 ην
1042 2196 1103 2255 ουχ

152 2267 340 2353 ὑποσιγων,
362 2267 447 2336 ἄλλα
460 2268 668 2359 συναδων,
648 2269 691 2348 τίς
705 2290 785 2357 φησι
795 2273 1017 2357 Δημοσθενης
1028 2266 1102 2336 οὔτ’

150 2367 251 2448 αὐτὸς
267 2369 385 2452 παρών
402 2367 479 2437 ούτε
496 2394 564 2436 των
581 2372 650 2437 ἐκεί
663 2370 841 2455 παρόντων
854 2368 976 2439 οὐδένα
993 2393 1104 2455 παρα-

150 2467 309 2556 σχόμενος
321 2466 480 2554 μύρτυρα.
493 2471 548 2535 καὶ
559 2475 604 2558 τῷ
616 2496 653 2555 γε
667 2473 765 2554 δῆλος
775 2462 833 2555 ήυ,
846 2477 875 2536 εἰ
885 2469 931 2555 μή
942 2495 981 2555 γε
991 2466 1103 2552 ὥσπερ
1121 2489 1147 2541 1.
1168 2505 1170 2510 ·

149 2571 186 2635 ἐν
201 2581 268 2646 τοῖς
285 2581 395 2653 χοροῖς
409 2571 576 2656 προήδονς
599 2564 726 2635 οὐκοῦν
737 2573 768 2635 εἰ
774 2567 836 2652 μὲν
848 2569 982 2651 ἐσίγων,
994 2569 1101 2651 ψευδῆ

149 2690 215 2753 μου
226 2679 432 2750 κατηγορεῖς·
460 2671 490 2733 εἰ
505 2664 540 2732 δὲ
557 2662 663 2750 ὀρθῆς
672 2662 752 2751 ήμῐν
763 2670 821 2750 τῆς
832 2668 988 2745 πατρίδος
999 2660 1102 2746 ούσης

149 2766 291 2832 καὶτῶν
312 2771 456 2831 πολιτῶν
477 2767 573 2849 κοινή
595 2761 699 2847 μηδὲν
719 2760 932 2846 ἀτυχούντων
952 2763 1100 2847 συνῇδον

148 2861 229 2947 μετὰ
251 2869 319 2928 τῶν
338 2861 449 2929 ι’ἰλλων
467 2862 705 2946 συμπρέσβεων
722 2858 783 2926 τὸν
801 2866 941 2943 παιᾶνα,
964 2852 1099 2943 ήνίκαὸ

147 2959 227 3039 θεὰς
238 2959 298 3046 μὲν
309 2965 455 3046 ἐτιμᾶτο,
473 2955 644 3044 Ἀθηναῖοι
657 2957 692 3026 δὲ
703 2957 807 3043 μηδὲν
823 2954 981 3043 ήδόξονν,
1005 2951 1101 3021 εύσέ-

147 3067 249 3146 βουν,
270 3056 344 3127 ἀλλ’
370 3056 432 3125 ούκ
458 3054 614 3145 ήδίκουν,
638 3057 693 3124 καί
717 3060 849 3133 δικαίως
866 3049 910 3120 δν
926 3058 1091 3139 σωζοίμηυ

78 3168 129 3227 327
149 3162 259 3224 ἔπειτα
277 3156 340 3241 ἐγώ
357 3156 418 3242 μέν
437 3154 490 3223 διὰ
506 3163 609 3222 ταῦτα
627 3152 805 3241 ἀνηλέητός
821 3179 870 3231 τις
887 3154 951 3238 εἰμί
962 3150 1098 3235 ἄνδρα·

146 3280 223 3342 πος,
238 3254 280 3322 σύ
293 3255 329 3322 δὲ
341 3253 508 3342 εύσεβήςὸ
523 3263 589 3323 τῶν
602 3255 803 3322 συσπένδων
814 3253 1013 3338 κατήγοροςς

228 3351 408 3431 Ὡνείδισας
425 3356 463 3419 δέ
478 3379 534 3438 μοι
551 3356 606 3422 καὶ
623 3358 787 3430 πολιτείας
798 3354 987 3437 ἐμπληξίαν,
1000 3356 1031 3418 εἰ
1039 3374 1098 3417 πε·
1117 3365 1166 3422 164
