2340 3916
542 650 571 714 1.

291 807 446 874 ΚΑΤΑ
490 806 836 877 ΤΙΜΑΡΧΟΤ.

479 967 643 975 ι-----ι

428 1053 690 1113 ΥΠΟΘΕΣΙΣ.

161 1214 329 1337 Ἀθηναῖοι
341 1234 552 1337 πολεμήσαντες
563 1233 637 1342 6663
652 1242 800 1300 Φίλιππον
815 1231 866 1301 τὸν
874 1231 1031 1337 Ὀλυνθιηι
1050 1248 1081 1302 17

85 1312 139 1379 κὸν
155 1314 309 1398 πόλεμον’
297 1317 419 1424 ήστερον
432 1315 571 1430 δήξαν’
534 1330 634 1424 ηντοῖς
646 1318 767 1403 εἰρήνην
779 1317 952 1422 ε’πριήσοῐντο
962 1315 1035 1419 πρὸς

88 1405 250 1481 Φίλιππον,
269 1403 319 1465 καὶ
337 1409 504 1507 συμμαχίαν
516 1399 596 1468 αήτω
617 1406 667 1467 καὶ
684 1413 745 1479 τοῖς
756 1400 887 1506 ἐγγόνοις
898 1400 1032 1484 ψηφισά-

84 1509 166 1565 μενοι
179 1487 314 1588 ἔπεμψηιν
331 1483 410 1589 πρὸς
421 1483 512 1553 αὐτὸν
528 1469 599 1552 δέκα
614 1491 748 1597 πρέσβεις
760 1484 826 1563 τοὺς
843 1481 1032 1568 ἄποληψομέ-

84 1595 155 1677 νοης
173 1563 241 1653 παρ’
254 1564 344 1633 αὐτοῦ
361 1565 429 1647 τοδς
446 1570 569 1654 ὅρκους,
588 1569 667 1634 ἐν
636 1597 680 1647 οις
696 1562 774 1654 ήσαν
792 1573 987 1671 Δημοσθένης
1004 1594 1034 1633 τε

85 1680 135 1715 και
126 1654 294 1734 Αἰσχίνης.
318 1627 528 1800 ἰἕπηινηκοήσης
539 1657 616 1719 66
581 1682 631 1737 της
640 1660 791 1759 πρεσβείας
802 1652 965 1738 γράφονται
976 1678 1032 1716 πα-

81 1741 242 1838 ραπρεσβεί
242 1763 276 1812 ας
286 1740 431 1839 Αἰσχίνην
445 1741 657 1842 Δημοσθένης
651 1764 680 1802 τε
692 1765 707 1802 ο
694 1734 814 1823 ῥήτωρ
828 1765 877 1801 και
868 1739 1034 1820 Τίμαρχος

84 1933 117 2052 δὲ
128 1990 271 2088 γεωστί
241 2015 271 2069 γ
263 1985 393 2070 ·γραφώς
405 1989 546 2090 ηνήφισμα
557 1911 752 2073 βίνλεήων,
725 2015 776 2053 τον
787 1887 968 2093 ἕκφίροντα
959 1989 1034 2055 όπλα
1159 2068 1162 2073 ¹

84 2066 157 2155 πρὸς
177 2076 324 2135 Φίλιππον
339 2072 465 2175 θανοῖτω
483 2082 668 2155 ζημιοῦσθαι.
698 2080 889 2175 αποτεθείσης
911 2064 966 2138 οὖν
981 2078 1032 2178 της
1050 2088 1081 2139 18

84 2161 216 2239 γραφῆς,
237 2158 308 2259 πρὶν
318 2152 370 2220 τὸν
381 2138 484 2240 ἀγῶνα
499 2154 821 2260 είοελθεῐν,ἐγροίψατο
833 2161 972 2262 Αἰσχίνης
983 2153 1034 2221 τὸν

88 2245 242 2345 Τίμαρχον
245 2236 283 2314 ὡς
299 2245 521 2346 δημηγοροῦντα
537 2238 618 2348 παρὰ
636 2237 704 2350 τοής
714 2239 851 2350 νόμρνς·
861 2237 915 2306 οὐκ
928 2243 1033 2318 ἐξεῖναι

84 2320 148 2427 γὰρ
161 2321 240 2410 αὐτω
228 2322 466 2428 δημηγορεῖν
450 2329 629 2428 ηταιρηκότι.
646 2327 785 2427 ξ’νιοιμὲ
772 2352 804 2388 ν
814 2316 870 2390 οὖν
880 2345 981 2432 φασιγ,
995 2321 1033 2400 ὡς

86 2389 264 2512 ηἷπήγξατί)
252 2437 268 2474 ο
277 2416 425 2514 Τίμαρχος
441 2405 497 2493 τήν
508 2403 654 2518 κρίσιν’
621 2434 674 2518 οηχ
692 2407 865 2490 ὑπομείνας·
888 2413 919 2472 οἱ
931 2404 1005 2488 δε,’
989 2432 1034 2472 οτι

85 2489 174 2568 ἁλοὺς
192 2487 387 2600 666666‚‘
368 2520 407 2568 ως
426 2495 653 2597 Δημοσθὲηης’
638 2519 670 2556 εν
685 2519 725 2577 τῳ
712 2493 805 2574 περὶ
822 2519 873 2575 της
883 2516 1033 2595 παραπρε

86 2581 191 2680 σβείας.
224 2575 299 2641 οὕτω
316 2577 348 2640 δε
341 2572 578 2679 περιβόητον
551 2603 583 2641 το
597 2583 718 2682 πρᾶγμα
735 2572 901 2678 ἐγένετο,
886 2573 957 2639 ω’στε
974 2570 1033 2640 666

85 2668 135 2759 τῆς
153 2663 285 2760 κρίσεως
294 2656 399 2742 ταύτης
422 2655 490 2770 6669
490 2657 635 2762 πόρνους
656 2656 688 2724 τδ
709 2654 812 2763 λγιπδν
834 2650 960 2762 ἐκάλοην
984 2669 1033 2724 Τι-

86 2741 223 2844 μοίρχρνς.
258 2737 340 2845 τὸδὲ
362 2741 523 2853 προοίμιόν
534 2745 593 2808 ἔστι
585 2741 832 2848 τραγικώτερον·
856 2738 940 2806 ἐν’
903 2752 985 2852 αυτῷ
1002 2744 1034 2844 δὲ

86 2824 231 2973 σηστήσας
243 2824 347 2892 ἑαυτὸν
357 2830 488 2929 μέτριον,
506 2831 556 2891 ἴνα
567 2826 687 2891 εὔνοιαν
703 2823 906 2930 ἐπισπάσηται,
919 2854 971 2891 και
984 2823 1035 2892 τὸν
1051 2843 1082 2896 19

90 2915 236 3018 Τίμηιρχον
247 2908 406 3013 διηιβαλοδν
421 2913 472 2973 καὶ
489 2913 559 3015 περὶ
575 2938 626 2992 της
637 2914 818 3011 πολιτείας’
792 2907 882 2975 ειπδιν
898 2914 1033 3013 μεταβαί-

86 3020 129 3056 νει
148 2996 194 3057 ἐπὶ
211 2991 357 3075 κεφάλαια
373 2989 407 3097 66
419 3022 470 3076 της
483 2991 651 3070 ὑποθέσεως
668 2999 746 3075 ἴδια,
764 2987 839 3058 ἆλλδι
856 2989 942 3058 κοινδι
959 2988 1034 3058 κατὰ

86 3076 205 3140 πάντων
215 3087 274 3142 τῶν
287 3076 457 3182 ἑταιρήσεως
467 3080 657 3162 κρινομένων.
682 3081 741 3142 ἔστι
753 3079 785 3142 δὲ
795 3076 878 3142 τάδε
903 3103 927 3142 ει
920 3082 1034 3152 ’καλῶς

86 3163 136 3222 καί
154 3156 284 3244 ἀκριβῶς
302 3158 368 3265 τρύς
386 3158 515 3272 νήμους
512 3164 615 3225 ἔθεντο
632 3166 663 3225 οί
682 3164 802 3272 παλομοι
808 3156 885 3266 Ητοὺς
901 3163 1018 3245 περὶ
976 3188 1034 3267 της
1111 3181 1113 3186 ·

86 3254 145 3307 τῶν
161 3251 276 3309 παίδων
294 3241 450 3348 εὐκοσμίας
467 3272 518 3308 και
509 3247 696 3351 μειρηικίων
714 3247 764 3347 κγί
781 3252 841 3309 τῶν
861 3243 959 3309 αλλων
968 3242 1034 3326 ηλι

87 3336 175 3391 κιών·
204 3335 230 3392 εἰ
250 3324 351 3413 ὀρθῶς
375 3325 501 3392 ιίπεῑπον
522 3337 583 3404 τοῖς
599 3325 772 3412 ήταιρηκόσι
789 3323 830 3410 μή
848 3333 1034 3412 δημηγορεῖν,
