2340 3916
67 219 95 271 p.
114 204 156 254 ει.
280 203 369 255 mm
386 204 462 254 σου
480 205 632 256 Πυεεοο
650 207 812 257 κΛυΡοο
983 216 1023 278 45

69 379 225 444 δικασίαν
236 371 350 496 οξξιφῦν
362 387 542 463 ποιείσθω,
561 374 667 458 ἄλλως
684 405 719 446 τε
736 381 836 447 καλε
836 376 909 466 ,ὥς
920 403 1023 468 φασιν

68 464 172 561 οὗτοι,
189 470 348 563 ήγγυήκει
366 471 518 570 αὐτήν
486 504 531 545 τω
521 473 738 556 Ξενοκλεῖε
715 505 759 558 ως
776 487 917 565 γνησίαν
928 475 1023 550 ἆδελ

65 573 139 692 φήυ
154 565 262 645 ονσοιν
282 569 393 645 αὑτοῦ.
432 546 575 667 ἀκριβῶς
596 574 660 667 γὰρ
684 576 947 666 ἐπιστάμεθα’
902 607 1023 663 παντες
1040 603 1073 654 59
1116 662 1139 679 f

65 671 123 744 ὅτι
136 671 292 765 ἄδελφων
301 677 363 765 μὲν
373 674 505 765 κλήρων
516 680 704 747 ἐπιδικασία
714 681 816 747 πᾶσίν
830 675 949 749 ἐστιν’
928 697 1020 770 ημῖν,

64 772 132 868 ὅτῳ
150 775 243 845 δὲ’
204 805 292 869 γονῳ
308 774 462 864 γεγόνασι
478 775 608 865 γνήσιοι
625 784 757 864 παῖδες,
780 774 895 849 οὐδενί
920 783 1021 859 ἐπιδι-

65 874 224 960 κάζεσθαι
245 880 313 946 τοῖν
336 875 497 970 πατρῴων
520 876 686 966 προσήκει.
719 880 774 947 καὶ
797 881 872 967 περὶ
895 879 1022 950 τούτων

64 973 193 1047 οὐδένα
210 975 308 1065 λόγον
321 981 481 1066 λεχθῆναι
499 984 566 1047 δεῖ·
592 975 735 1060 ἅπαντες
746 975 809 1069 γὰρ
819 975 915 1068 ὑμεῖς
939 981 943 1064 Ι
967 985 1022 1050 καὶ

65 1081 98 1146 οί
114 1075 207 1147 ἄλλοι
224 1087 353 1148 πολῖται
369 1073 544 1148 ἄνετίδικα
562 1086 671 1168 ἔχουσι
688 1075 728 1148 τὰ
745 1072 873 1150 ἑαυτόν
891 1084 1021 1151 ἔκαστοι

64 1181 209 1270 πατρῷα.
247 1168 339 1250 νότοι
363 1188 478 1250 τοίνυν
506 1186 552 1260 είς
575 1183 671 1248 τοῦτο
700 1178 819 1268 τόλμης
847 1177 1022 1271 ἀφιγμένοι
1039 1209 1072 1260 60

65 1285 168 1366 είσίν,
193 1275 276 1349 ὥστε
298 1283 346 1371 τῷ
367 1281 429 1370 μὲν
453 1279 627 1372 είσποιήτῳ
650 1276 712 1350 οὐκ
729 1287 858 1368 ἔφασαν
876 1280 1020 1351 ἐπιδικά-

63 1391 190 1449 σασθαι
213 1380 392 1471 προσήκειν
416 1385 484 1451 τοῖν
507 1384 694 1469 δοθέντων,
722 1384 763 1470 τῇ
786 1382 823 1450 δὲ
848 1390 949 1472 Φίλη,
979 1380 1022 1470 ἦν

63 1502 148 1568 φασι
170 1485 339 1571 θυγατέρα
361 1489 503 1571 γνησίαν
530 1485 577 1574 τῷ
598 1480 725 1573 Πύρρῳ
752 1491 1020 1571 καταλελεῖφθαι,

63 1589 179 1670 λαχεῖν
201 1585 261 1651 τὀὕ
278 1581 400 1670 κλήρου
418 1586 480 1653 τοῦ
494 1581 651 1676 πατρῴου
672 1578 734 1669 τήν
756 1585 848 1669 λῆξιν
865 1580 1018 1671 ήξίωσαν.

62 1691 171 1751 καίτοι
190 1678 285 1773 (ὅπερ
300 1682 393 1753 είιιον
410 1687 465 1752 καί
477 1681 651 1772 πρότερον)
668 1679 738 1752 ὅσοι
757 1683 818 1770 μὲν
830 1678 872 1752 ἂν
890 1692 1020 1752 καταλί-

62 1803 151 1851 πωσι
174 1791 331 1871 γνησίους
354 1790 474 1864 παῖδας
498 1787 530 1868 ἐξ
555 1779 681 1870 αὑτων,
710 1779 751 1851 οὐ
773 1782 928 1872 προσήκει
951 1801 1020 1864 τοῖς

62 1885 180 1952 παισίν
195 1882 449 1954 ἐπιδικάσασθαι
465 1888 532 1954 τῶν
549 1882 725 1977 πατρῴων·
752 1880 822 1953 ὅσοι
848 1885 885 1952 δὲ
903 1884 1019 1973 διαθή·

61 2011 138 2064 καις
165 1979 278 2066 αὐτοῖς
301 1989 538 2072 είσποιοῦνται,
566 2002 634 2064 τοῖς
665 1989 752 2065 νίοῑς
776 1983 1020 2068 ἐπιδικάζεσθαι

62 2082 222 2205 προσήκει
238 2088 305 2155 των
324 2089 501 2156 δοθέντων.
534 2102 602 2166 τοίς
619 2086 680 2174 μὲν
696 2083 775 2173 γάρ,
793 2081 843 2154 ότι
861 2084 949 2176 γόνῳ
966 2113 1019 2173 γε·
1037 2114 1067 2165 61

60 2184 217 2273 γόνασιν,
241 2182 353 2267 οὐδεὶς
376 2181 419 2257 δν
443 2184 550 2274 δήπου
573 2183 838 2275 ἀμφισβητήσειε
853 2189 929 2276 περί
952 2215 1019 2256 των

60 2283 240 2379 πατρῴων
268 2283 348 2376 πρός
367 2286 404 2356 δδ
413 2314 491 2368 τους
509 2285 712 2374 είσιιοιήτους
729 2313 871 2367 απαντες
888 2291 923 2355 οί
937 2285 1019 2357 κατὰ

59 2389 159 2473 γένος
170 2385 388 2516 προσήκοντες
401 2383 621 2476 ἀμφισβητεῖν
636 2383 836 2469 ἆξιοῦσιν.“
821 2415 877 2456 ινα
893 2376 957 2457 σόν
974 2385 1018 2476 μή

36 2494 42 2503 ’
59 2484 152 2577 παρὰ
169 2491 230 2556 τοῦ
251 2487 442 2577 ἐντυχόντος
458 2517 525 2558 των
542 2487 673 2577 κλήρων
696 2515 716 2556 α
718 2485 857 2574 ίλήξεις
873 2503 941 2566 τοῖς
959 2485 1017 2575 ἀμ-

59 2595 240 2675 φισβητεῖν
256 2590 467 2677 βουλομένοις
484 2597 677 2676 γίγνωνται,
696 2584 808 2655 καὶ
768 2614 812 2674 μη
830 2581 874 2667 οἱς
889 2586 1018 2676 ἐρήμων

58 2693 132 2758 τῶν
159 2687 290 2777 κλήρων
318 2686 565 2773 ἐπιδικάζεσθαί
590 2715 677 2768 τινες
707 2689 864 2774 τολμῶσι,
899 2686 1018 2758 τούτου

59 2793 162 2860 ἕνεκα
183 2786 241 2869 τὰς
266 2793 469 2870 ἐπιδικασίας
492 2795 526 2859 οί
546 2796 723 2875 είσποίητοι
747 2786 867 2869 πάντες
884 2793 1017 2860 ποιουν·

57 2919 124 2960 ται.
158 2893 274 2979 μηδείς
297 2881 359 2960 οὖν
381 2885 479 2979 ὑμῶν
501 2885 664 2978 ἡγείσθω,
690 2895 719 2958 εί
737 2885 860 2977 ἐνόμιζε
878 2900 1018 2978 γνησίαν
1034 2917 1068 2970 62

61 2990 151 3061 εἶναι
166 2989 228 3080 τήν
246 2993 367 3062 ἑαυτοῦ
381 3007 524 3079 γυναῖκα
541 2992 720 3076 Ξενοκλῆς,
744 2998 869 3110 λφχεῑν
874 2984 916 3060 ἂν
933 2987 1017 3080 ὑπὲρ

60 3088 166 3179 αὐτῆς
182 3088 243 3181 τήν
260 3093 352 3179 ληξιν
367 3119 428 3161 του
419 3090 569 3180 κλήρου
585 3094 646 3160 τοὺ
662 3086 831 3181 πατρῴου,
850 3084 923 3160 ἀλλ’
944 3089 1016 3178 ἐβα·

62 3187 190 3276 διζεν”
169 3221 211 3263 αν
233 3187 254 3280 ἡ
272 3199 392 3280 γνησία
410 3199 457 3273 είς
473 3220 514 3262 τα
533 3195 650 3279 εαυτής
668 3192 833 3285 πατρῷα,
843 3193 897 3260 καλ
922 3202 955 3260 εί
967 3220 1017 3270 τις

61 3290 169 3381 αὐτήν
191 3310 351 3384 αφηρειτο
373 3321 394 3382 η
419 3291 577 3381 ἐβιάζετο,
603 3283 760 3378 ἐξήγεν”
739 3317 781 3359 αν
806 3292 841 3358 ἐκ
864 3290 932 3360 τοῖν
955 3316 1015 3359 πα

59 3422 190 3516 τρῳων,
208 3397 263 3464 καὶ
280 3389 342 3462 οόκ
356 3389 451 3464 όίνίδ
451 3402 503 3474 ίας
519 3390 622 3482 μόνον
640 3395 769 3470 δίκας
751 3413 892 3477 εφενγεν
909 3419 927 3458 ο
916 3386 1016 3476 βια

61 3494 205 3586 ζόμενος,
224 3491 306 3564 ἀλλὰ
323 3523 377 3564 και
366 3497 531 3596 δημοσίᾳ
550 3492 774 3582 εἰσαγγελθεὶς
787 3486 867 3578 πρός
884 3487 941 3559 τόν
958 3486 1016 3579 ἄρ
