2340 3916
138 176 179 242 82
506 171 746 242 [ΑαΔοΚιΔον]

138 319 268 398 ειδότας
298 315 344 398 ως
374 313 418 385 ἀν
441 314 670 404 ἀγνοήσαντες
698 313 870 401 ἐξελάσητε
903 314 964 383 τόν
993 316 1107 402 βέλτι-

139 441 233 509 στον,
251 422 332 488 δέκα
351 421 437 489 ἐτῶν
455 417 476 505 ἡ
496 418 592 498 πόλις
611 416 715 486 οὐδὲν
733 411 870 511 ἀγαθόν
887 414 956 486 άπό
980 416 1107 486 τοότου

104 542 120 590 ο
138 527 200 592 τοῦ
219 519 345 610 ἀνδρός
364 529 519 592 πείσεται.
546 518 666 611 ῥηίδιον
679 517 716 588 δὲ
730 519 787 587 καὶ
803 518 965 588 ἐντεῦθεν
978 520 1108 605 γνοῖναι

137 624 198 692 τὸν
214 623 322 711 νόμον
340 623 491 712 πονηρόν
508 619 605 691 όντα·
638 620 736 709 μόνοι
754 620 820 710 γάρ
835 617 929 712 αὐτῷ
948 624 1017 689 των
1032 619 1105 690 Ἑλ-

138 725 250 813 λήνων
274 724 453 815 χρω’μεθα,
479 725 536 793 καὶ
561 720 703 811 οὐδεμία
727 727 797 791 τῶν
828 719 944 792 ἀλλων
975 722 1110 793 πόλεων

139 829 247 897 ἐθέλει
264 826 481 915 μιμήσασθαι.
515 830 625 894 καίτοι
641 827 750 893 ταῦτα
768 826 968 910 διέγνωσται
986 822 1105 913 άριστα

137 934 215 997 τόν·
225 928 421 1017 δογμάτων,
444 922 466 995 ἀ
484 928 630 1007 καὶτοῖς
648 932 787 1008 πολλοῖς
805 925 863 995 καὶ
887 941 959 1007 τοϊς
977 925 1108 1013 ὀλίγοις

12 1060 28 1075 *
138 1029 349 1120 ἁρμόττοντα
365 1029 509 1117 μάλιστα
527 1028 687 1115 τυγχάνει
704 1029 761 1096 καὶ
780 1033 958 1109 πλείστους
984 1032 1109 1099 ἐπιθυ·

138 1131 245 1220 μητάς
266 1136 339 1217 ἔχει

105 1272 120 1320 ⁷
216 1233 303 1322 Περὶ
327 1231 390 1320 μὲν
413 1223 478 1300 οὖν
495 1233 628 1302 τοάτων
646 1230 711 1300 οὐκ
729 1231 795 1302 οἷδ’
816 1231 835 1301 ό
859 1258 891 1301 τι
908 1237 963 1302 δεῖ
977 1231 1109 1321 μακρό-

138 1360 218 1423 τερα
248 1334 372 1420 λέγειν·
406 1332 540 1414 πάντως
564 1333 631 1421 γάρ
655 1330 759 1403 οὐδὲν
783 1330 826 1402 ἀν
851 1343 970 1404 πλεῖον
994 1340 1044 1414 είς
1069 1333 1108 1401 τό

140 1435 251 1524 παρὸν
270 1434 480 1523 ποιήσαιμεν·
501 1437 618 1524 δέομαι
632 1433 666 1502 δ’
683 1433 781 1522 ὑμῶν
796 1438 866 1504 των
880 1435 992 1522 λόγων
1013 1444 1110 1515 ίσονς

138 1538 196 1606 καὶ
220 1535 357 1618 κοινούς
379 1535 462 1625 ἡμῖν
490 1537 667 1616 ἐπιστάτας
692 1539 871 1626 γενέσθαι,
894 1539 952 1607 καὶ
980 1537 1110 1617 πάντας

138 1636 304 1729 ἀρχοντας
335 1639 413 1728 περὶ
437 1639 570 1707 τούτων
596 1642 821 1726 καταστῆναι,
847 1641 905 1708 καὶ
930 1638 1012 1727 μήτε
1036 1652 1109 1718 τοῖς

99 1772 125 1813 εο
138 1741 409 1829 λοιδορουμένοις
426 1740 508 1828 μήτε
520 1755 592 1820 τοῖς
609 1732 698 1830 ὐπδρ
712 1741 831 1830 καιρὸν
855 1738 859 1818 Ι
883 1740 1109 1830 χαριζομένοις

141 1845 340 1932 ἐπιτρέπειν,
358 1839 445 1911 ἀλλά
463 1844 511 1933 τῷ
528 1841 592 1930 μὲν
609 1842 747 1911 θέλοντι
764 1843 875 1928 λέγειν
892 1843 949 1910 καὶ
968 1839 1108 1910 ἀκοόειν

139 1942 291 2032 εὐμενεῖς
309 1941 415 2030 εἶναι,
438 1945 486 2035 τῷ
505 1942 544 2012 δὲ
563 1942 800 2029 ἀσελγαίνοντι
822 1946 880 2014 καὶ
897 1945 1111 2032 θορυβοῦντι

139 2045 317 2131 χαλεπούς.
355 2043 562 2125 ἀκούσαντες
586 2044 653 2134 γάρ
675 2046 818 2115 ἑκάστου
843 2048 913 2114 τῶν
932 2044 1110 2135 όιταρχόν-

139 2173 208 2215 των
226 2143 364 2233 άμεινον
382 2145 612 2234 βουλεύσεσθε
630 2148 708 2236 περὶ
725 2146 831 2234 ἡμῶν.

105 2268 121 2318 8
206 2245 300 2317 ’Ἐστι
313 2247 351 2317 δὲ
365 2249 442 2338 περὶ
460 2251 519 2335 τῆς
532 2254 732 2337 μισοδημίας
744 2249 802 2317 καὶ
819 2251 879 2337 τῆς
891 2255 1110 2328 στασιωτείας

139 2348 270 2439 βραχός
304 2376 360 2437 μοι
391 2349 492 2436 λόγος
521 2350 828 2438 καταλελειμμένος.
880 2357 912 2420 εί
946 2349 1011 2437 μὲν
1041 2349 1110 2438 γάρ

140 2448 274 2541 ἀκριτος
303 2442 358 2540 ἦν,
389 2450 528 2530 εἰκότως
546 2447 589 2520 ἀν
619 2455 688 2520 τάν
732 2449 798 2541 (τε)
828 2451 1112 2540 κατηγοροάντων

100 2641 104 2647 .
140 2551 312 2640 ἠκροᾶσθε
329 2553 387 2621 καὶ
406 2554 480 2641 ἐμοὶ
498 2552 688 2640 ἀναγκαίου
710 2543 752 2642 ἦν
770 2552 1016 2640 ἀπολογείσθαι
1033 2553 1111 2642 περὶ

140 2655 287 2723 τούτων·
315 2654 475 2741 ἐπειδὴδὲ
488 2655 639 2746 τετράκις
657 2653 898 2744 ἀγωνιζόμενος
917 2653 1113 2743 ἀπέφυγον,

141 2754 254 2824 οὐκέτι
278 2760 410 2825 δίκαιον
432 2757 580 2846 ἡγοῦμαι
605 2756 709 2844 λόγον
735 2754 861 2826 οὐδένα
882 2758 960 2846 περὶ
983 2756 1110 2825 τοάτου

140 2864 328 2944 γίγνεσθαι.
365 2858 448 2947 πρὶν
472 2858 536 2947 μὲν
559 2858 626 2948 γάρ
649 2861 808 2948 κριθῆναι
832 2856 873 2928 οὐ
903 2859 1022 2950 ῥηίδιον
1041 2847 1109 2944 [ἦν]

141 2959 267 3029 είδέναι
296 2960 358 3041 τὰς
388 2966 500 3040 αἰτίας
509 3013 520 3049 ,
551 2957 625 3030 οὐτ’
653 2966 686 3030 εί
708 2964 847 3042 ψευδεῖς
864 2966 950 3031 εἰσιν
973 2955 1047 3030 οὔτ’
1080 2965 1114 3029 εί

209 3080 269 3140 ἀπό
288 3086 376 3140 τοῦδε
394 3088 462 3139 ΒΙτα
480 3079 539 3139 ἀπό
557 3087 652 3141 τοῦδε.

209 3160 233 3209 6.
253 3155 305 3209 καὶ
323 3149 464 3208 ἐντεῦθεν
482 3157 529 3208 ΑΒ
547 3156 599 3207 Bk.
619 3156 670 3218 (οἱ.
687 3154 745 3225 M:
766 3149 915 3210 ἐντεῦθεν.

209 3226 233 3275 7.
253 3218 418 3303 μακρότερα
436 3224 519 3305 οΤιιτε.
544 3229 575 3305 ελ,
595 3225 645 3275 Ad:
669 3220 833 3305 μακροτέρα
850 3225 913 3305 ΙΑΒς
936 3220 1114 3293 μακρότερον

139 3285 404 3439 λῖέίὲγλῖδλ
418 3306 457 3410 ‘211
472 3287 1036 3428 {51⁰‹zz’ssssttffs‘ffarzsffssssfffsazzfffi
1050 3299 1115 3413 ¹332?

140 3427 201 3490 Bk„
221 3440 385 3492 ποιησωμεν
401 3441 427 3478 v.

208 3495 233 3549 8.
251 3492 422 3556 στασιωτίας
439 3495 547 3548 ΔΒΖΜ.
571 3523 604 3533 -
622 3493 672 3547 καλ
691 3496 823 3549 καταλελ.
843 3501 875 3550 ut
892 3496 1002 3550 videtur
1020 3512 1061 3562 pr.
1079 3497 1113 3548 A.
