2340 3916
438 215 728 272 ΕΠΙΣΤΟΛΑΙ.
997 213 1061 276 205

111 383 152 442 λα
165 372 381 457 συμπράξας,
395 369 438 450 ως
449 373 560 460 μάθη,
572 370 623 439 ὅτι
634 370 676 439 οῦ
686 382 856 453 παντελῦς
865 378 990 462 ἔρημον
1002 381 1061 463 φί-

111 480 180 538 λων
192 468 372 559 ὑπέλαβεν,
394 470 462 539 ἄλλ’
475 478 564 539 ἔστιν
581 479 628 540 ἔτι
644 500 693 551 τις
700 471 882 560 Ἀθήνησιν
900 482 1061 563 Αἰσχίνου

111 569 209 654 λόγος
219 572 274 638 καλ
285 568 403 656 μνήμη,

576 718 604 781 7.

251 834 333 895 ΤΗΙ
349 834 525 896 ΒΟΥΛΗΙ
546 833 632 894 ΚΑΙ
652 832 735 932 ml
750 834 921 894 AHMffl.

191 954 386 1042 Ἐπυθόμην
396 953 436 1022 τά
448 957 592 1042 ῥηθέντα
605 962 652 1044 τῷ
658 954 859 1043 Μελανώπῳ
871 952 954 1037 πρὸς
964 948 1058 1039 ὑμᾶς,

113 1055 167 1120 καὶ
190 1052 250 1138 τὴν
279 1054 340 1138 μὲν
367 1049 532 1138 ὑμετέραν
558 1050 768 1137 άπεδεξάμην
789 1058 1059 1138 φιλανθρωπίαν,

113 1151 313 1239 Μελανώπῳ
325 1152 361 1219 δὲ
379 1149 442 1219 οῦκ
459 1146 656 1217 ἐπανελθών
674 1149 781 1236 μόνον
793 1155 912 1235 νομίζω
924 1163 992 1228 τοῖς
1002 1155 1061 1233 βε·

111 1253 286 1335 βιωμένοις
307 1249 398 1340 αὐτῷ
417 1253 611 1334 πρέπουσαν
632 1248 820 1319 ἀποδώσειν
838 1250 952 1335 χάριν,
975 1247 1059 1317 άλλά

112 1348 213 1433 τυχὸν
225 1353 270 1416 ἔτι
282 1350 336 1416 καί
347 1352 502 1432 πατρίδος
519 1350 732 1434 ἐστερημένος
743 1345 832 1434 ὅμως
843 1346 980 1431 ἀρκέσαι
989 1373 1061 1416 πει·
1077 1350 1129 1410 676

80 1471 97 1521 2
114 1445 265 1531 ράσομαι.
296 1444 361 1531 ἐγώ
374 1443 454 1531 γάρ,
477 1437 505 1512 ώ
515 1445 720 1528 Μελάνωπε,
744 1443 828 1513 κατά
839 1446 990 1531 μέντοῦς
1001 1446 1062 1514 νό-

111 1571 194 1629 μους
217 1541 370 1635 ὁμολοχώ
390 1543 494 1632 ταῦτη
516 1551 698 1630 κεχρῆσθαι
719 1553 760 1632 τῇ
781 1550 955 1633 συμφορᾷ,
977 1547 1061 1629 φημὶ

112 1647 223 1729 μέντοι
244 1649 385 1730 βοηθοῦν
407 1649 511 1711 ταῦτα
533 1655 600 1720 τοῖς
621 1643 736 1728 νόμοις
756 1645 977 1728 πεπονθέναι,
1005 1644 1061 1710 καὶ

112 1739 193 1824 ὑπὲρ
206 1748 266 1808 τοῦ
278 1745 403 1827 μηδένα
414 1746 666 1826 στεφανοῦσθαι
677 1738 753 1826 παρ’
765 1738 887 1819 αῦτοῦς
898 1739 1059 1825 άχωυιζά-

113 1865 218 1922 μενος.
242 1840 314 1923 ἐμοὶ
324 1838 386 1923 μὲν
398 1831 462 1904 οῦν
474 1835 510 1905 τὸ
525 1843 803 1924 δεδυστυχηκέναι
815 1840 1058 1927 πολιτευομένῳ

112 1937 229 2004 κοινού
239 1939 307 2004 ἐστι
320 1937 402 2020 πρὸς
415 1941 637 2022 Θεμιστοκλέα
652 1940 706 2005 καὶ
718 1935 919 2023 Ἀριστείδην
931 1940 985 2006 καὶ
998 1937 1059 2006 άλ-

112 2045 191 2114 λους
207 2033 353 2113 πολλοῦς
374 2044 441 2103 τών
456 2032 697 2120 λαμπροτάτων
708 2035 787 2104 ποτὲ
797 2040 835 2103 έν
846 2044 886 2125 τῇ
897 2036 991 2104 πόλει
1002 2062 1060 2122 χε-

77 2147 94 2199 3
113 2136 277 2220 νομένων·
306 2135 358 2200 σοὶ
370 2131 405 2200 δὲ
422 2132 459 2201 τδ
472 2133 535 2219 μὲν
549 2133 729 2220 μέχριχθῖες
740 2136 794 2201 καί
806 2135 922 2223 πρώην
932 2144 1059 2220 θεσμο-

111 2229 366 2318 θετοῦντοςῆδη
388 2241 452 2299 σοῦ
475 2233 676 2317 προεστάναι
698 2231 761 2320 τὴν
780 2237 920 2320 μητέρα,
943 2232 1059 2316 τρδςδὲ
1076 2238 1127 2295 677

111 2336 263 2416 ἐμπεσεῖν
279 2327 340 2397 τδν
358 2333 482 2415 πατέρα
498 2349 562 2397 σου
579 2337 625 2409 είς
644 2329 681 2399 τὸ
705 2330 941 2417 δεσμωτήριον,
964 2330 1001 2399 σὲ
1024 2332 1058 2400 δὲ

111 2555 181 2612 ναι,
205 2540 272 2603 τοῖς
293 2527 368 2606 περὶ
384 2532 551 2611 Τίμαρχον
572 2530 660 2604 νέοις
679 2524 774 2592 ποινά
795 2522 883 2593 ταῦτ’
895 2524 993 2612 εἶναι,
1017 2525 1058 2594 οῦ

110 2624 264 2706 τοῖςπερὶ
279 2621 535 2709 Θεμιστοκλέαῆ
550 2623 750 2711 Ἀριστείδην
761 2622 822 2692 τὸν
833 2629 961 2693 δίκαιον
973 2623 1057 2693 ὑπο-

76 2751 94 2804 4
110 2722 279 2810 λαμβάνω.
313 2719 397 2789 άλλδ
407 2723 609 2814 Μελανώπῳ
629 2722 690 2809 μὲν
702 2714 820 2810 αὖθις,
837 2720 1059 2807 ἐάυῦμλυδο-

111 2831 170 2911 πῇ,
184 2825 372 2908 διαλέξομαι
382 2823 516 2905 παρών·
539 2821 620 2908 ὑμῖν
631 2821 666 2891 δὲ
676 2831 733 2908 τῆς
747 2820 888 2906 εὐνοίας,
897 2818 940 2908 ἣν
951 2820 1059 2891 άπόν-

111 2951 141 2989 τι
155 2948 210 3007 μοι
227 2927 450 3005 παρέσχεσθε,
472 2928 702 3007 θορυβοῦντες
719 2919 758 3007 δὴ
780 2919 890 3008 καὶμὴ
901 2923 1057 2999 θέλοντες

111 3019 347 3104 άπροάσασθαι
358 3027 426 3087 τών
437 3020 685 3107 λοιδορούντων
697 3017 796 3106 ἡμᾶς,
820 3017 949 3106 πολλὴν
958 3021 1058 3106 χάριν

112 3127 191 3204 ἔχω,
214 3120 421 3204 δικαιότερον
436 3121 549 3207 μέντοι
566 3120 621 3187 καὶ
637 3118 775 3205 άμεινον
785 3120 840 3205 ἐμὲ
850 3115 955 3187 αῦτδν
966 3121 1058 3185 ἐάσαι

113 3215 196 3301 πρὸς
208 3216 286 3297 τοῦς
296 3223 532 3304 λοιδοροῦντας
542 3220 666 3304 λέγειν,
679 3221 931 3303 ψηφισαμένους
942 3213 963 3281 οἳ
974 3223 1057 3282 πολ·

112 3315 205 3409 λάιμς
216 3323 349 3395 πολλοῖς
358 3314 423 3403 ἤδη
435 3320 644 3403 ἐψηφίσασθε
655 3314 696 3383 τά
704 3320 840 3402 μέγιστα
851 3313 1058 3402 ἁμαρτοῦσιν

81 3432 98 3483 5
116 3420 160 3491 είς
173 3410 267 3498 ὑμᾶς.
300 3419 330 3481 εί
340 3414 375 3480 δὲ
386 3413 447 3502 μὴ,
459 3415 498 3483 τό
510 3441 547 3500 με
561 3413 719 3501 δεύτερον
730 3410 773 3482 άν
784 3418 956 3502 δεηθείην,
979 3411 1058 3481 ἀνέ-
