2340 3916
427 190 724 248 ΕΠΙΣΤΟΛΑΙ.
1000 182 1063 249 215

109 350 283 440 γυναικός,
301 348 323 437 ἣ
334 350 530 429 συνεξέπεσέ
538 374 594 432 μοι
604 348 794 427 κωλύοντος
806 344 913 434 αύτήν
923 353 985 414 τού
997 370 1062 413 πα-

112 449 186 536 τρὸς
198 453 252 516 καὶ
262 453 375 534 μένειν
393 458 471 526 ίσως
488 445 743 533 ἀναγκαζόντων
760 455 829 513 τῶν
845 446 976 531 νόμων,
1001 444 1061 513 τὸν

112 550 235 636 τρόπον
248 557 306 634 τῆς
319 549 446 626 πόλεως
455 541 614 633 μᾶλλονή
625 545 703 625 τούς
715 546 840 632 νόμους
851 547 1059 632 ἐπισταμένη,

112 651 165 716 καί
181 647 261 734 μετὰ
278 656 379 734 τριῶν
396 651 525 714 παίδων
542 644 673 714 οὐδέπω
691 650 746 713 καί
768 654 833 713 νῦν
853 654 910 731 τῆς
934 646 1061 712 ἑαυτῶν

112 755 286 835 συμφοραῖς
303 749 572 833 ἐπαισθομένων,
594 744 671 814 ούδδ
690 743 809 813 ὁποίαν
827 742 939 822 αὐτοῖς
951 740 968 810 ὁ
979 740 1061 820 θεὸς

112 849 234 913 δέδωκε
266 849 452 932 γινομένοις
484 850 624 931 πατρίδα
652 842 714 931 τήν
740 842 923 930 Ἀθηναίων
951 842 1060 928 πόλιν,

63 963 96 1017 13
113 941 232 1010 ὁποίαν
250 943 281 1010 δ’
301 942 427 1022 εὐθέως
442 937 687 1031 γευομένωναύ
697 942 864 1032 όφήρηται
875 943 984 1011 πόλιν.
1008 944 1063 1011 καὶ

112 1047 217 1129 ἕτεροι
229 1047 306 1132 μὲν,
331 1045 374 1125 ῶς
392 1054 494 1135 ἔοικε,
516 1047 594 1126 τούς
611 1051 737 1117 ἑαυτῶν
749 1054 881 1133 παῖδας,
904 1042 1015 1134 τούςή
1025 1051 1061 1115 ἐν

112 1153 251 1232 Βοιωτίᾳ
264 1149 487 1231 γεννηθέντας
498 1141 519 1230 ή
528 1148 575 1212 ’ἐν
591 1150 752 1233 Αἰτωλίᾳ,
776 1147 858 1228 πρὸς
874 1142 959 1231 ύμιῖς
978 1147 1061 1230 πέμ-

112 1265 211 1311 πουσι
229 1254 286 1329 της
302 1244 423 1312 αὐτόθι
440 1249 586 1324 παιδείας
602 1249 815 1330 μεθέξοντας·
840 1239 888 1323 οἷς
904 1248 939 1312 δὲ
957 1252 1060 1311 ταῦτα

113 1344 200 1425 παρὰ
217 1353 273 1429 τῆς
296 1343 428 1430 φύσεως
445 1341 606 1430 ὑπῆρξεν,
628 1342 668 1411 ού
692 1343 915 1430 δημοποιήτου
937 1342 1059 1430 πατρὸς

110 1435 208 1508 οὖσιν
219 1441 293 1509 οὐδ’
311 1440 363 1510 ἐπ’
384 1449 499 1521 αίτιάις
511 1449 657 1528 αἰσχραῖς
669 1442 860 1528 ἑαλωκότος,
873 1442 1059 1527 φεύγουσιν

109 1545 155 1607 ἔτι
177 1540 304 1627 νήπιοι,
327 1544 382 1610 καὶ
404 1545 580 1627 τρέφονται
601 1548 734 1628 πένητες
757 1547 792 1610 ἐν
814 1546 929 1630 ἐρημίη
953 1543 1060 1608 τεκαὶ

62 1667 95 1718 14
110 1650 202 1727 φυγή
219 1642 364 1731 πατρῴα.
388 1643 533 1727 καὶπερὶ
552 1641 612 1727 μὲν
630 1650 697 1709 τῶν
714 1641 915 1724 Λυκούργου
933 1643 1060 1707 παίδων
1076 1649 1130 1707 700

109 1745 329 1826 Λημοσθένης
343 1738 423 1825 ύμῖν
441 1744 633 1826 ἐπιστέλλει,
657 1741 711 1808 καί
723 1746 824 1807 δεῖται
836 1748 944 1816 καλῶς
954 1747 1059 1807 ποιῶν

110 1845 308 1921 χαρίσασθαι
325 1835 361 1903 τὸ
377 1847 532 1924 πατρῷον
544 1836 655 1916 αὐτοῖς
667 1837 816 1922 ὄφλημα,
829 1839 881 1903 καλ
895 1834 988 1922 ύμείς
998 1835 1059 1904 ού-

110 1935 166 2002 δὲν
185 1933 256 2002 ἄλλ’
276 1932 499 2021 ήἌθηναίων
515 1942 628 2022 ἔργον,
651 1936 842 2023 ἐλεήσαντες
865 1935 987 2016 αύτούς
1004 1939 1060 2005 καὶ

110 2033 332 2119 χαριούμενοι,
351 2033 538 2121 ἐποιήσατε·
562 2038 617 2103 καί
642 2034 705 2121 γδρ
726 2033 915 2122 όργιζεσθαι
938 2039 1059 2124 ῥαδίως

60 2155 91 2207 15
112 2131 190 2219 ύμῖν
203 2141 280 2213 έθος
293 2137 359 2202 ἐστὶ
371 2138 424 2203 καὶ
436 2142 625 2220 χαρίζεσθαι
636 2136 753 2203 πόλιν·
771 2132 835 2222 ἕγῶ
850 2139 885 2203 δὲ
896 2133 980 2220 ὑπὲρ
990 2144 1059 2204 τῶν

109 2238 255 2319 ἐμαυτοῦ
272 2240 399 2302 παίδων
417 2234 477 2304 ούκ
496 2233 539 2303 δυ
556 2233 642 2323 ὑμᾶς
658 2235 801 2323 πείσαιμ’
825 2236 868 2303 δν
889 2236 1056 2323 δεόμενος,

110 2331 153 2410 ῶς
166 2334 211 2420 μή
223 2361 278 2420 μοι
289 2333 332 2420 μή
344 2335 450 2420 μόνον
462 2338 498 2402 έν
508 2332 653 2425 ὀρφανίᾳ
668 2343 850 2422 τραφῶσιν,
863 2333 933 2404 ἀλλ’
949 2334 1057 2419 ὀρφα-

109 2436 160 2500 νοί
172 2432 239 2518 ἅμα
252 2434 467 2518 καλφυγοίδες
485 2432 594 2519 ὅντες,
619 2433 695 2501 ούτε
712 2433 928 2520 ἀδικήσαντες
944 2438 1057 2510 παῖδες

109 2532 217 2616 ὅντες,
246 2530 321 2598 ἀλλ’
345 2531 423 2599 οὐδὲ
445 2531 550 2611 όῖλλως
572 2533 766 2618 ἕαλωκότες,
793 2532 833 2600 τοὶ
857 2540 968 2618 μέντοι
990 2541 1058 2599 τῶν

109 2629 302 2697 ἑαλωκότων
330 2632 437 2698 πόντα
460 2631 680 2713 πεπονθότες;
714 2631 781 2699 είτα
803 2629 1058 2715 τελευτήσαντος

108 2727 345 2814 ιλυαμνήσθητέ
365 2755 446 2814 μου,
469 2732 524 2797 καὶ
545 2736 727 2816 χαρίσασθε
749 2727 807 2808 τίς
829 2728 970 2814 δεήσεις,
994 2735 1058 2795 νῦν

108 2832 322 2915 προσέχοντες
342 2827 430 2917 ήμίν.
454 2826 536 2897 ιἰλλδ
560 2832 615 2898 καί
636 2830 794 2915 πρόξατε,
820 2827 939 2914 ἄνδρες
959 2826 1058 2914 Ἀθη-

108 2941 211 3011 ναῖοι,
236 2930 290 2996 καὶ
312 2936 485 3016 πείσθητε,
513 2928 552 2996 τδ
577 2930 711 3016 συνήθη
737 2925 848 3008 αύτοίς
869 2929 923 2995 καὶ
944 2932 1058 3014 μέτρια

60 3047 92 3103 16
107 3034 286 3106 ποιούντες.
311 3027 352 3120 ού
368 3026 431 3115 γὰρ
450 3025 492 3096 ίίν
510 3025 549 3113 δή
567 3035 634 3095 τῶν
647 3028 782 3112 τρόπων
799 3025 994 3111 όποσταιήτε
1005 3028 1059 3093 καί
1077 3040 1127 3099 701

106 3125 322 3193 καταλύοαιτε
334 3126 396 3213 τήν
406 3136 463 3214 τής
473 3128 600 3204 πόλεως
612 3131 731 3210 δόξαν,
743 3125 785 3211 ήν
797 3128 849 3194 ἐπὶ
866 3124 1059 3212 χρηστότητι

106 3230 200 3308 μείζω
225 3227 278 3291 καὶ
296 3234 535 3316 φιλανθρωπίᾳ
555 3223 607 3294 διδ
630 3224 753 3305 παντὸς
770 3231 863 3311 ἔσχεν
879 3221 901 3310 ή
919 3238 988 3302 ταῖς
999 3223 1060 3292 ἄλ-

105 3333 176 3400 λαις
197 3322 315 3400 πόσαις
336 3320 356 3410 ἡ
381 3325 483 3403 πόλις.
518 3322 590 3392 οὐδ’
615 3320 659 3392 δν
683 3324 894 3400 Μελάνωπος
916 3320 1059 3406 ἰσχύσετε

104 3428 217 3489 πλείου
235 3422 376 3490 κωλύων
398 3420 484 3510 ὑμᾶς
507 3436 679 3512 μιμεῖσθαι
696 3423 757 3510 τήν
776 3426 903 3491 ἑαυτῶν
919 3417 1060 3508 χρηστό·
