2340 3916
344 250 476 306 ΚΑΤΑ
496 248 875 308 ΚΓΗΣΙΦΩΝΤΟΣ.
1017 245 1075 308 141

128 419 177 495 εἰη
191 406 244 475 διά
255 405 318 494 τὴν
336 415 405 475 τῶν
418 404 585 492 Ἑλλήνων
596 406 803 491 παράκλησιν
813 409 1076 493 βουλεύσασθαι,
1092 421 1140 480 461

126 512 216 573 ἔσται
235 507 270 573 δὲ
289 512 385 592 κοινή
403 503 483 588 μετὰ
501 513 568 571 των
579 503 749 590 Ἑλλήνων
767 502 935 572 ἁπάντων.
960 505 1022 587 νὺξ
1040 511 1075 574 ἐν

126 610 231 692 μέσῳ,
244 605 298 670 καί
309 609 461 688 παρήμεν
471 610 512 688 τῇ
521 596 679 690 ὑστεραίᾳ
691 606 736 680 εἰς
746 600 808 687 τήν
819 607 1003 689 ἐκκλησίαν.
1021 608 1077 672 ἐν·

125 709 237 769 ταῦθα
259 700 298 788 δή
321 702 651 787 προκαταλαμβάνων
676 705 897 787 Δημοσθένης
916 703 952 769 τὸ
976 710 1075 789 βῆμα,

127 800 240 870 οὐδενὶ
257 811 325 869 τῶν
345 801 457 869 ἀλλων
477 798 674 884 παραλιπών
695 801 812 884 λόγον,
836 797 935 867 οὐδὲν
956 800 1077 885 ὄφελος

126 907 189 986 ἔφη
201 908 269 967 τῶν
280 901 359 985 χθὲς
371 904 555 986 εἰρημένων
567 898 650 966 εἶναι
661 899 787 984 λόγων,
810 905 841 966 εἰ
856 897 957 965 ταῦθ’
970 905 1004 966 οἰ
1015 907 1077 966 Φι-

127 1006 249 1065 λίππου
265 997 309 1083 μή
332 998 640 1083 συμπεισθήσονται
663 1001 831 1083 πρέσβεις,
855 995 934 1066 οὐδὲ
952 1000 1077 1082 γιγνω-

74 1113 108 1167 72
127 1118 219 1163 σκειν
243 1101 305 1181 ἐφη
327 1095 389 1181 τήν
412 1096 548 1181 εἰρήνην
570 1090 718 1179 ἀπούσης
740 1100 931 1179 συμμαχίας.
954 1094 995 1163 ού
1012 1095 1075 1181 γάρ

127 1200 189 1279 ἔφη
202 1199 287 1277 δεῖν,
311 1197 365 1261 καὶ
377 1193 442 1278 γάρ
454 1191 489 1260 τὸ
503 1197 589 1279 ῥῆμα
601 1196 766 1277 μέμνημαι
783 1190 827 1270 ὦς
839 1191 924 1275 εἰπε,
948 1191 1001 1260 διά
1015 1192 1077 1277 τήν

126 1291 244 1378 ἀηδίαν
256 1302 317 1360 του
329 1296 483 1378 λέγοντος
495 1291 561 1378 ἅμα
573 1295 700 1359 καὶτοῦ
711 1289 882 1378 ὀνόματος,
895 1290 1077 1381 ἀπορρῆξαι

125 1399 182 1476 τῆς
204 1393 336 1476 εἰρήνης
358 1390 420 1476 τήν
443 1399 647 1478 συμμαχίαν,
670 1389 748 1459 οὐδὲ
768 1388 808 1457 τά
825 1399 894 1458 τῶν
908 1389 1077 1477 Ἑλλήνων

126 1489 303 1575 ἀναμένειν
316 1491 522 1577 μελλήματα,
546 1488 620 1558 ἀλλ’
640 1487 661 1575 ή
679 1498 834 1574 πολεμεῖν
846 1489 968 1568 αὐτούς
983 1487 1078 1576 ήτήν
1093 1500 1144 1555 462

126 1589 262 1675 εἰρήνην
273 1594 340 1677 ἰδία
352 1599 531 1657 ποιεῖσθαι.
554 1591 609 1655 καί
626 1597 789 1656 τελευτῶν
800 1590 852 1654 ἐπὶ
865 1588 900 1654 τό
912 1595 1001 1674 βῆμα
1013 1613 1078 1654 πα-

127 1694 309 1771 ρακαλέσας
323 1690 538 1772 Ἀντίπατρον
549 1689 698 1775 ἐρώτημά
709 1716 740 1756 τι
756 1687 885 1774 ήράτα,
908 1687 1076 1774 προειπών

125 1789 184 1872 μὲν
196 1787 216 1854 ά
229 1787 396 1874 ἐρήσεται,
420 1789 620 1875 προδιδάξας
632 1788 667 1855 δέ
680 1785 700 1854 ἀ
712 1787 772 1874 χρή
786 1785 868 1855 κατά
879 1796 937 1872 τῆς
948 1787 1077 1865 πόλεως

125 1886 380 1967 ἀποκρίνασθαι.
402 1889 456 1953 καὶ
476 1889 567 1965 τέλος
588 1885 681 1952 ταῦτ’
706 1889 814 1970 ἐνίκα,
838 1893 883 1973 τῷ
906 1887 967 1970 μὲν
988 1886 1075 1973 λόγῳ

124 1987 393 2072 προβιασαμένου
399 1990 652 2073 Δημοσθένους,
665 1984 701 2052 τὸ
715 1987 750 2054 δέ
761 1986 915 2071 ψήφισμα
924 1985 1074 2070 γράψαν-

74 2097 108 2151 73
124 2109 179 2161 τος
196 2084 432 2174 Φιλοκράτους.
459 2081 479 2150 δ
496 2084 531 2152 δὲ
547 2077 590 2170 ήυ
601 2082 787 2151 ὑπόλοιπον
799 2081 925 2168 αὐτοῖς,
946 2089 1077 2168 Κερσο-

124 2187 267 2268 βλέπτην
285 2186 339 2252 καί
357 2181 418 2251 τὸν
435 2187 487 2251 ἐπὶ
504 2184 637 2271 Θρηίκης
654 2185 759 2251 τόπου
776 2188 913 2251 ἔκδοτον
932 2190 1075 2268 ποιήσαι,

125 2279 271 2348 καὶτοῦί
281 2286 427 2365 ἔπραξαν
442 2284 519 2370 ἕκτη
531 2293 714 2368 φθίνοντος
725 2291 786 2350 τοῦ
798 2286 1073 2367 ἐλαφηβολιῶνος,

123 2383 202 2462 πρὶν
213 2384 265 2448 ἐπὶ
276 2379 338 2466 τήν
352 2378 495 2466 ὑστέραν
506 2379 660 2465 ἀπαίρειν
675 2387 853 2467 πρεσβείαν
863 2379 924 2464 τήν
936 2381 988 2447 ἐπὶ
999 2378 1077 2458 τοὺς

123 2477 245 2561 ὅρκους
263 2484 503 2566 Δημοσθένην·
528 2479 545 2547 ὁ
564 2477 627 2563 γάρ
646 2482 901 2566 μισαλέξανδρος
915 2481 969 2546 καί.
981 2500 1073 2563 μισο-

125 2583 283 2658 φίλιππος
301 2574 381 2660 ὑμῖυ
399 2575 512 2645 οὑτοσὶ
528 2579 637 2664 ῥήτωρ
656 2581 704 2656 δίς
718 2581 937 2663 ἐπρέσβευσεν
948 2579 984 2644 ἐν
995 2583 1076 2642 Μα-

124 2670 276 2762 κεδονίᾳ,
299 2674 374 2754 ἐξόν
384 2678 465 2762 μηδὲ
476 2676 580 2760 άπαξ,
601 2676 618 2743 ὁ
633 2681 709 2746 νυνὶ
720 2677 867 2744 κελεύων
877 2683 944 2742 τῶν
956 2683 1074 2741 Μακε-
1092 2689 1143 2742 463

125 2772 236 2837 δόνων
254 2772 461 2841 καταπτύειν.
485 2781 530 2854 εἰς
542 2779 576 2842 δέ
587 2773 648 2862 τήν
660 2778 851 2860 ἐκκλησίαν,
870 2772 932 2858 τήν
944 2780 985 2861 τῇ
993 2773 1074 2857 ’ἕκτη

124 2873 224 2956 λέγω,
245 2872 465 2956 καθεζόμενος
476 2872 658 2959 βουλευτής
670 2862 718 2939 ἀν
729 2877 764 2939 ἐκ
775 2879 1001 2957 παρασκευῆς,
1018 2877 1075 2937 ἐκ·

73 2986 107 3040 74
124 2975 222 3036 δοτον
232 2973 488 3056 Κερσοβλέπτην
499 2970 579 3056 μετά
591 2970 816 3056 Φιλοκράτους
828 2973 966 3056 ἐποίησε.
993 2978 1075 3036 λαν-

122 3071 222 3135 θάνει
237 3068 302 3154 γάρ
321 3066 339 3138 ὁ
358 3071 419 3154 μέν
436 3070 642 3156 Φιλοκράτης
660 3073 697 3137 ἐν
715 3077 899 3156 ψηφίσματι
915 3066 995 3154 μετά
1006 3075 1074 3135 τών

126 3167 238 3233 ἀλλων
260 3167 465 3253 γραμμάτων
487 3168 738 3253 παρεγγράψας,
766 3166 782 3236 ὁ
808 3165 840 3235 δ’
861 3172 1070 3252 ἐπιψηφίσας,
1086 3184 1143 3240 ’464

124 3270 354 3352 Δημοσθένης,
368 3270 403 3332 ἐν
415 3257 444 3354 ᾦ
454 3268 633 3350 γέγραπται
644 3266 853 3351 ,ἀποδοῦναι
865 3266 943 3344 τοὺς
955 3265 1075 3350 ὅρκους
1092 3287 1144 3343 465

124 3378 190 3440 τοῖς
211 3367 367 3450 πρέσβεσι
388 3380 456 3443 τοῖς
473 3362 562 3446 παρά
580 3371 749 3432 Φιλίππου
765 3368 802 3432 ἐν
819 3368 897 3451 τῇδε
913 3372 953 3451 τῇ
969 3361 1075 3451 ἡμέρᾳ

123 3461 203 3538 τούς
224 3466 407 3547 συνέδρους
428 3471 496 3530 τῶν
518 3465 734 3549 συμμάχων.“
771 3463 860 3551 παρά
888 3467 923 3530 δέ
945 3471 1054 3544 Κερσο
