2340 3916
360 216 495 272 ΚΑΤΑ
522 213 749 272 TIMAPXO
759 216 791 270 Τ.
1011 210 1052 273 35

104 372 280 461 ἀνάγνωθι
296 373 358 460 τήν
377 372 630 456 Ναυσικράτους
648 378 833 458 μαρτυρίαν
850 380 911 439 τοῦ
928 370 990 457 τήν
1001 378 1051 440 οί-

103 476 390 557 κίανπριαμένου·
412 473 467 537 καὶ
479 467 897 555 τάςάλλαςάπάσιιςλαβὲ,
916 472 988 553 περὶ
1002 460 1051 535 ών
1097 462 1100 467 ’

104 569 276 657 ἐμνήσθην
288 572 323 635 ἐν
334 575 379 657 τῷ
391 565 480 655 αὐτῷ
495 568 592 657 λόγῳ.

427 672 472 732 Μ
473 672 505 731 A
510 672 666 733 ΡΤΤΡΙ
668 674 698 731 Α
704 673 732 733 Ι.

36 794 84 845 101
181 764 237 843 Ὡς
248 772 363 832 τοίνυν
375 766 524 849 ἐκέκτητο
542 761 560 830 ὁ
577 762 684 847 πατήρ
696 761 800 830 αὐτοῦ
817 761 1050 849 ἀργύριονούκ

105 862 234 948 ὀλίγον,
247 860 266 928 δ
278 853 375 940 οὗτος
385 858 544 946 ἠφάνικε,
556 859 649 928 τοῦθ’
663 858 744 946 ὑμῖν
755 863 909 941 έπιδειξω.
941 870 1049 949 φοβη-

104 963 177 1038 θείς
187 958 251 1046 γάρ
262 956 319 1037 τάς
330 965 533 1042 λειτουργίας
550 955 690 1025 ἀπέδοτο
702 954 723 1023 ά
734 951 777 1045 ήν
788 956 878 1048 αὐτῷ
891 959 1038 1045 κτήματα

105 1060 187 1126 ἀνευ
203 1064 270 1125 τών
286 1055 404 1140 ἀρτίως
421 1058 609 1143 εἰρημένων,
619 1062 741 1140 χωρίον
757 1063 961 1143 Κηφισιᾶσιν
977 1058 1044 1125 ἕτε-
1070 1080 1114 1131 θὶΙ

105 1180 183 1239 ρον,
205 1151 311 1238 ἀγρὸν
331 1150 605 1238 Ἀμφιτροπῆσιν,
628 1152 824 1238 ἐργαστήρια
846 1152 906 1222 δύο
928 1158 965 1222 έν
981 1170 1048 1233 τοῖς

105 1252 306 1339 ἀργυρείοις,
326 1254 362 1319 ἓν
372 1253 434 1337 μὲν
444 1254 481 1318 έν
492 1250 644 1336 Αὐλῶνι,
661 1253 774 1334 ἕτερον
786 1251 816 1319 δ’
831 1256 883 1320 έπλ
895 1255 1050 1339 Θρασύλ-

33 1368 87 1418 102
104 1361 161 1440 λφ.
195 1349 279 1419 ὅθεν
288 1350 324 1416 δὲ
335 1345 423 1416 ταῦτ’
444 1345 644 1434 εὐπόρησεν,
669 1348 731 1433 ἐγώ
744 1354 817 1433 έρώ.
851 1344 1049 1437 1ήσιινούτοι

103 1466 189 1535 τρεῖς
200 1448 353 1534 ἀδελφοὶ,
364 1446 557 1533 Εὐπόλεμός
568 1474 602 1514 τε
614 1445 630 1515 ὁ
644 1454 854 1537 παιδοτρίβης
864 1453 918 1519 καλ
926 1450 1049 1539 Ἀρίζη-

104 1558 160 1626 λος
171 1546 188 1616 ὁ
202 1548 323 1616 τούτου
334 1546 441 1633 πατήρ
452 1548 505 1613 καὶ
514 1542 717 1632 Ἀρίγνωτος,
725 1544 761 1626 ὃς
771 1553 819 1615 ἔτι
829 1552 883 1617 καί
894 1558 960 1617 νῦν
969 1556 1047 1633 ἔστι,

104 1647 288 1734 πρεσβύτης
312 1649 554 1730 διεφθαρμένος
575 1644 653 1722 τούς
674 1644 880 1731 ὀφθαλμούς.
920 1647 1047 1715 τούτων

105 1754 232 1827 πρώτος
244 1745 451 1830 ἐτελεύτησεν
463 1741 670 1829 Εὐπόλεμος,
683 1741 848 1829 ἀνεμήτου
864 1752 922 1829 τής
933 1744 1048 1824 οὐσίας

104 1844 223 1931 οὔσης,
242 1845 395 1926 δεύτερος
409 1842 439 1910 δ’
450 1844 613 1929 Ἀρίζηλος
630 1840 647 1910 ὁ
663 1842 830 1928 Τιμάρχου
848 1844 969 1928 πατήρ·
992 1844 1046 1911 ὅτε

106 1942 136 2010 δ’
151 1949 219 2029 ἔζη,
232 1949 343 2010 πᾶσαν
355 1942 415 2027 τήν
427 1939 545 2009 οὐσίαν
557 1947 720 2027 διεχείριζε
732 1941 785 2008 διά
795 1939 856 2028 τήν
867 1940 1046 2010 ἀσθένειαν

104 2042 159 2107 καὶ
171 2040 232 2127 τήν
245 2039 422 2126 συμφοράν
431 2040 492 2124 τήν
505 2043 577 2123 περὶ
588 2038 627 2106 τά
639 2038 766 2126 ὄμματα
777 2048 838 2108 τοῦ
845 2039 1046 2127 Ἀριγνώτου

104 2143 159 2210 καὶ
177 2139 229 2209 διά
242 2140 278 2207 τὸ
295 2143 557 2226 τετελευτηκέναι
573 2141 633 2207 τὸν
644 2139 858 2227 Εὐπόλεμον,
880 2150 937 2208 καί
951 2144 1045 2209 τεκαὶ

34 2252 87 2304 103
106 2249 152 2319 είς
169 2240 297 2327 τροφὴν
315 2239 557 2325 συνταξάμενος
572 2243 683 2307 έδίδον
698 2238 945 2329 τῷἈριγνώτφ.
979 2243 1046 2307 ἐπεὶ

107 2337 143 2405 δὲ
160 2335 246 2406 καὶὸ
266 2336 428 2421 Ἀρίζηλος
451 2337 661 2424 ἐτελεύτησεν
683 2335 700 2404 ὁ
727 2337 892 2422 Τιμάρχου
913 2342 1046 2406 τουτουὶ

105 2435 227 2524 πατὴρ,
241 2435 318 2515 τούς
328 2436 389 2522 μέν
400 2434 551 2519 πρώτους
560 2437 713 2521 χρόνους,
728 2438 787 2514 ἕως
800 2452 874 2513 παῖς
884 2430 927 2521 ἦν
938 2430 1044 2517 οὗτος,

104 2532 233 2601 ἅπαντα
249 2531 288 2601 τά
314 2537 427 2619 μέτρια
444 2537 589 2619 ἐγίγνετο
607 2531 695 2616 παρά
713 2541 781 2600 τών
796 2535 984 2614 ἐπιτρόπων
1001 2544 1045 2624 τῷ

100 2632 300 2721 Ἀριγνώτῳ·
323 2633 433 2717 ἐπειδή
446 2630 476 2698 δ’
492 2632 658 2718 ἐνεγράφη
673 2637 833 2717 Τίμαρχος
844 2626 940 2711 οὗτος
951 2639 996 2712 είς
1007 2634 1042 2699 τύ

104 2726 313 2816 ληξιαρχικὸν
324 2743 545 2812 γραμματεῖον
562 2729 617 2794 καὶ
637 2728 752 2811 κύριος
768 2730 894 2811 ἐγένετο
913 2737 970 2814 τής
986 2726 1045 2794 οὐ·
1066 2758 1113 2810 12⁴2

106 2838 191 2913 σίας,
209 2826 444 2913 παρωσάμενος
459 2826 566 2908 ἀνδρα
580 2828 770 2913 πρεσβύτην
787 2830 840 2894 καὶ
852 2825 1045 2914 ήτυχηκύτα,

104 2937 200 2995 θεῖον
220 2928 340 2993 ἑαυτοῦ
346 2977 354 3009 ,
377 2925 437 3009 τήν
453 2950 487 2991 τε
500 2923 618 2991 οὐσίαν
628 2921 773 3009 ήφάνισε
791 2926 844 2991 καὶ
855 2932 923 2991 τών
934 2929 1046 3007 ἐπιτη-

106 3031 204 3093 δείων
220 3022 319 3092 οὐδὲν
339 3027 450 3091 ε’δίδου
461 3032 506 3110 τῷ
515 3021 717 3111 Ἀριγνώτῳ,
741 3020 823 3088 ἀλλά
836 3026 998 3104 περιεῖδεν
1009 3025 1044 3089 ἐκ

103 3123 263 3208 τοσαύτης
285 3120 400 3200 οὐσίας
416 3125 452 3189 έν
474 3136 541 3199 τοῖς
564 3119 741 3197 ἀδυνάτοις
757 3128 1041 3205 μισθοφοροῦντα.
1063 3139 1114 3195 123

32 3240 88 3295 104
105 3223 160 3288 καὶ
175 3217 210 3287 τό
230 3227 432 3303 τελευταῖον,
455 3215 474 3284 δ
491 3221 544 3286 καὶ
556 3219 761 3303 δεινότατον,
785 3215 1043 3301 ἀπολειφθέντος

104 3328 164 3387 τοῦ
176 3319 364 3404 πρεσβύτου
375 3326 430 3401 τῆς
441 3321 636 3403 γιγνομένης
646 3314 897 3395 τοίςάδυνάτοις
906 3320 1043 3402 δοκιμα-

104 3425 191 3497 σιάς,
217 3421 383 3500 ίκετηριάν
395 3416 513 3492 θέντος
531 3420 574 3490 είς
591 3413 651 3499 τήν
667 3412 795 3499 βουλήν
814 3410 896 3559 ὑπὲρ
912 3421 972 3479 τού
989 3440 1043 3497 μι-

851 3504 857 3521 ⁶
878 3508 891 3537 ss
