<?xml version="1.0" encoding="UTF-8"?>
<!DOCTYPE html PUBLIC "-//W3C//DTD XHTML 1.0 Transitional//EN"
    "http://www.w3.org/TR/xhtml1/DTD/xhtml1-transitional.dtd">
<html xmlns="http://www.w3.org/1999/xhtml" xml:lang="en" lang="en">
 <head>
  <title>
</title>
<meta http-equiv="Content-Type" content="text/html;charset=utf-8" />
  <meta name='ocr-system' content='tesseract 3.04.00' />
  <meta name='ocr-capabilities' content='ocr_page ocr_carea ocr_par ocr_line ocrx_word'/>
</head>
<body>
  <div class='ocr_page' id='page_1' title='image "./orationescumali00isaegoog/orationescumali00isaegoog_0665.png"; bbox 0 0 2340 3916; ppageno 0'>
   <div class='ocr_carea' id='block_1_1' title="bbox 176 153 763 218">
    <p class='ocr_par' dir='ltr' id='par_1_1' title="bbox 176 153 763 218">
     <span class='ocr_line' id='line_1_1' title="bbox 176 153 763 218; baseline -0.012 -2"><span class='ocrx_word' id='word_1_1' title='bbox 176 153 237 218; x_wconf 82' lang='grc'><strong><em>186</em></strong></span> <span class='ocrx_word' id='word_1_2' title='bbox 508 153 763 212; x_wconf 74' lang='grc' dir='ltr'><em>ΛΙΣΧΙΝΟΥ</em></span> 
     </span>
    </p>
   </div>
   <div class='ocr_carea' id='block_1_2' title="bbox 102 309 1170 3472">
    <p class='ocr_par' dir='ltr' id='par_1_2' title="bbox 102 309 1170 3472">
     <span class='ocr_line' id='line_1_2' title="bbox 172 309 1120 402; baseline -0.002 -20"><span class='ocrx_word' id='word_1_3' title='bbox 172 314 235 400; x_wconf 82' lang='grc' dir='ltr'><strong><em>γάρ</em></strong></span> <span class='ocrx_word' id='word_1_4' title='bbox 247 314 267 402; x_wconf 84' lang='grc' dir='ltr'><strong><em>ἡ</em></strong></span> <span class='ocrx_word' id='word_1_5' title='bbox 279 314 360 382; x_wconf 77' lang='grc' dir='ltr'><strong><em>κατὰ</em></strong></span> <span class='ocrx_word' id='word_1_6' title='bbox 374 318 471 382; x_wconf 88' lang='grc' dir='ltr'><strong><em>τοῦδε</em></strong></span> <span class='ocrx_word' id='word_1_7' title='bbox 484 321 545 379; x_wconf 88' lang='grc' dir='ltr'><strong><em>τοῦ</em></strong></span> <span class='ocrx_word' id='word_1_8' title='bbox 556 317 765 397; x_wconf 75' lang='grc' dir='ltr'><strong><em>ψηφίσματος</em></strong></span> <span class='ocrx_word' id='word_1_9' title='bbox 776 310 899 398; x_wconf 77' lang='grc' dir='ltr'><strong><em>γραφη,</em></strong></span> <span class='ocrx_word' id='word_1_10' title='bbox 910 310 954 400; x_wconf 74' lang='grc' dir='ltr'><strong><em>ἣν</em></strong></span> <span class='ocrx_word' id='word_1_11' title='bbox 965 309 1024 398; x_wconf 90' lang='grc' dir='ltr'><strong><em>ούχ</em></strong></span> <span class='ocrx_word' id='word_1_12' title='bbox 1036 310 1120 396; x_wconf 75' lang='grc' dir='ltr'><strong><em>ὑπὲρ</em></strong></span> 
     </span>
     <span class='ocr_line' id='line_1_3' title="bbox 172 409 1122 500; baseline -0.001 -20"><span class='ocrx_word' id='word_1_13' title='bbox 172 423 229 500; x_wconf 80' lang='grc' dir='ltr'><strong><em>τῆς</em></strong></span> <span class='ocrx_word' id='word_1_14' title='bbox 245 414 388 497; x_wconf 84' lang='grc' dir='ltr'><strong><em>πόλεως,</em></strong></span> <span class='ocrx_word' id='word_1_15' title='bbox 411 411 483 480; x_wconf 79' lang='grc' dir='ltr'><strong><em>ἄλλ’</em></strong></span> <span class='ocrx_word' id='word_1_16' title='bbox 505 410 589 496; x_wconf 70' lang='grc' dir='ltr'><strong><em>ὑπὲρ</em></strong></span> <span class='ocrx_word' id='word_1_17' title='bbox 606 419 664 497; x_wconf 77' lang='grc' dir='ltr'><strong><em>τῆς</em></strong></span> <span class='ocrx_word' id='word_1_18' title='bbox 678 409 1122 496; x_wconf 81' lang='grc' dir='ltr'><strong><em>είςἉλέξανδρονένδείξεώς</em></strong></span> 
     </span>
     <span class='ocr_line' id='line_1_4' title="bbox 172 509 1121 599; baseline 0 -20"><span class='ocrx_word' id='word_1_19' title='bbox 172 539 212 598; x_wconf 91' lang='grc' dir='ltr'><strong><em>με</em></strong></span> <span class='ocrx_word' id='word_1_20' title='bbox 225 511 290 599; x_wconf 79' lang='grc' dir='ltr'><strong><em>φὴς</em></strong></span> <span class='ocrx_word' id='word_1_21' title='bbox 301 509 514 595; x_wconf 89' lang='grc' dir='ltr'><strong><em>άπενεγκεῖν,</em></strong></span> <span class='ocrx_word' id='word_1_22' title='bbox 537 515 584 577; x_wconf 79' lang='grc' dir='ltr'><strong><em>ἔτι</em></strong></span> <span class='ocrx_word' id='word_1_23' title='bbox 595 517 763 576; x_wconf 86' lang='grc' dir='ltr'><strong><em>Φιλίππου</em></strong></span> <span class='ocrx_word' id='word_1_24' title='bbox 779 516 915 597; x_wconf 79' lang='grc' dir='ltr'><strong><em>ζῶντος,</em></strong></span> <span class='ocrx_word' id='word_1_25' title='bbox 938 513 1017 594; x_wconf 80' lang='grc' dir='ltr'><strong><em>πρὶν</em></strong></span> <span class='ocrx_word' id='word_1_26' title='bbox 1032 511 1121 579; x_wconf 82' lang='grc' dir='ltr'><strong><em>Ἀλέ-</em></strong></span> 
     </span>
     <span class='ocr_line' id='line_1_5' title="bbox 172 606 1121 696; baseline 0.001 -21"><span class='ocrx_word' id='word_1_27' title='bbox 172 613 316 694; x_wconf 84' lang='grc' dir='ltr'><strong><em>ξανδρον</em></strong></span> <span class='ocrx_word' id='word_1_28' title='bbox 328 615 373 688; x_wconf 87' lang='grc' dir='ltr'><strong><em>είς</em></strong></span> <span class='ocrx_word' id='word_1_29' title='bbox 384 607 447 696; x_wconf 78' lang='grc' dir='ltr'><strong><em>τὴν</em></strong></span> <span class='ocrx_word' id='word_1_30' title='bbox 460 606 565 694; x_wconf 79' lang='grc' dir='ltr'><strong><em>άρχηυ</em></strong></span> <span class='ocrx_word' id='word_1_31' title='bbox 577 615 794 695; x_wconf 79' lang='grc' dir='ltr'><strong><em>καταστῆναι,</em></strong></span> <span class='ocrx_word' id='word_1_32' title='bbox 819 608 912 677; x_wconf 85' lang='grc' dir='ltr'><strong><em>ούπω</em></strong></span> <span class='ocrx_word' id='word_1_33' title='bbox 923 618 986 677; x_wconf 89' lang='grc' dir='ltr'><strong><em>σοῦ</em></strong></span> <span class='ocrx_word' id='word_1_34' title='bbox 998 609 1034 679; x_wconf 87' lang='grc' dir='ltr'>τὸ</span> <span class='ocrx_word' id='word_1_35' title='bbox 1047 615 1121 693; x_wconf 79' lang='grc' dir='ltr'><strong><em>περὶ</em></strong></span> 
     </span>
     <span class='ocr_line' id='line_1_6' title="bbox 173 706 1121 796; baseline 0.002 -22"><span class='ocrx_word' id='word_1_36' title='bbox 173 714 372 775; x_wconf 83' lang='grc' dir='ltr'><strong><em>Παυσανίαν</em></strong></span> <span class='ocrx_word' id='word_1_37' title='bbox 384 706 543 774; x_wconf 78' lang='grc' dir='ltr'><strong><em>ἐνύπνιον</em></strong></span> <span class='ocrx_word' id='word_1_38' title='bbox 559 708 743 792; x_wconf 81' lang='grc' dir='ltr'><strong><em>ἑωρακότος</em></strong></span> <span class='ocrx_word' id='word_1_39' title='bbox 761 708 838 777; x_wconf 74' lang='grc' dir='ltr'><strong><em>οὐδὲ</em></strong></span> <span class='ocrx_word' id='word_1_40' title='bbox 856 708 939 795; x_wconf 82' lang='grc' dir='ltr'><strong><em>πρὸς</em></strong></span> <span class='ocrx_word' id='word_1_41' title='bbox 949 710 1010 796; x_wconf 82' lang='grc' dir='ltr'><strong><em>την</em></strong></span> <span class='ocrx_word' id='word_1_42' title='bbox 1020 709 1121 794; x_wconf 87' lang='grc' dir='ltr'><strong><em>Ἀθη-</em></strong></span> 
     </span>
     <span class='ocr_line' id='line_1_7' title="bbox 103 801 1121 893; baseline -0.005 -16"><span class='ocrx_word' id='word_1_43' title='bbox 103 822 156 877; x_wconf 85' lang='grc'><strong><em>613</em></strong></span> <span class='ocrx_word' id='word_1_44' title='bbox 174 815 239 874; x_wconf 81' lang='grc' dir='ltr'><strong><em>νῦν</em></strong></span> <span class='ocrx_word' id='word_1_45' title='bbox 250 811 303 874; x_wconf 86' lang='grc' dir='ltr'><strong><em>καὶ</em></strong></span> <span class='ocrx_word' id='word_1_46' title='bbox 315 805 495 893; x_wconf 78' lang='grc' dir='ltr'><strong><em>τηνἭραν</em></strong></span> <span class='ocrx_word' id='word_1_47' title='bbox 512 807 644 892; x_wconf 81' lang='grc' dir='ltr'><strong><em>νύκτωρ</em></strong></span> <span class='ocrx_word' id='word_1_48' title='bbox 663 811 896 893; x_wconf 87' lang='grc' dir='ltr'><strong><em>διειλεγμένου.</em></strong></span> <span class='ocrx_word' id='word_1_49' title='bbox 918 819 987 888; x_wconf 76' lang='grc' dir='ltr'><strong><em>παῖς</em></strong></span> <span class='ocrx_word' id='word_1_50' title='bbox 1003 806 1046 876; x_wconf 84' lang='grc' dir='ltr'><strong><em>άν</em></strong></span> <span class='ocrx_word' id='word_1_51' title='bbox 1058 801 1121 876; x_wconf 82' lang='grc' dir='ltr'><strong><em>οῦν</em></strong></span> 
     </span>
     <span class='ocr_line' id='line_1_8' title="bbox 173 904 1119 996; baseline -0.005 -21"><span class='ocrx_word' id='word_1_52' title='bbox 173 907 236 992; x_wconf 83' lang='grc' dir='ltr'><strong><em>ἐγω</em></strong></span> <span class='ocrx_word' id='word_1_53' title='bbox 257 907 561 993; x_wconf 78' lang='grc' dir='ltr'><strong><em>προενεδεικνύμην</em></strong></span> <span class='ocrx_word' id='word_1_54' title='bbox 581 904 801 996; x_wconf 65' lang='grc' dir='ltr'><strong><em>Ἀλεξάνδρῳ,</em></strong></span> <span class='ocrx_word' id='word_1_55' title='bbox 835 919 867 976; x_wconf 86' lang='grc' dir='ltr'><strong><em>εί</em></strong></span> <span class='ocrx_word' id='word_1_56' title='bbox 888 935 925 993; x_wconf 93' lang='grc' dir='ltr'><strong><em>γε</em></strong></span> <span class='ocrx_word' id='word_1_57' title='bbox 951 909 994 995; x_wconf 79' lang='grc' dir='ltr'><strong><em>μὴ</em></strong></span> <span class='ocrx_word' id='word_1_58' title='bbox 1020 906 1119 975; x_wconf 81' lang='grc' dir='ltr'><strong><em>ταύτδ</em></strong></span> 
     </span>
     <span class='ocr_line' id='line_1_9' title="bbox 173 1003 1164 1095; baseline 0 -23"><span class='ocrx_word' id='word_1_59' title='bbox 173 1006 333 1073; x_wconf 81' lang='grc' dir='ltr'><strong><em>ἐνύπνιον</em></strong></span> <span class='ocrx_word' id='word_1_60' title='bbox 350 1003 414 1090; x_wconf 74' lang='grc' dir='ltr'><strong><em>ἐγὼ</em></strong></span> <span class='ocrx_word' id='word_1_61' title='bbox 432 1009 487 1073; x_wconf 81' lang='grc' dir='ltr'><strong><em>καὶ</em></strong></span> <span class='ocrx_word' id='word_1_62' title='bbox 507 1008 730 1092; x_wconf 82' lang='grc' dir='ltr'><strong><em>Λημοσθένης</em></strong></span> <span class='ocrx_word' id='word_1_63' title='bbox 747 1011 885 1092; x_wconf 85' lang='grc' dir='ltr'><strong><em>είδομεν.</em></strong></span> <span class='ocrx_word' id='word_1_64' title='bbox 917 1011 1065 1095; x_wconf 80' lang='grc' dir='ltr'><strong><em>ἐπιτιμᾷς</em></strong></span> <span class='ocrx_word' id='word_1_65' title='bbox 1086 1009 1122 1072; x_wconf 86' lang='grc' dir='ltr'><strong><em>δέ</em></strong></span> <span class='ocrx_word' id='word_1_66' title='bbox 1140 1017 1164 1066; x_wconf 75' lang='lat'><strong><em>&#39;2‘</em></strong></span> 
     </span>
     <span class='ocr_line' id='line_1_10' title="bbox 173 1103 1121 1192; baseline -0.003 -19"><span class='ocrx_word' id='word_1_67' title='bbox 173 1133 244 1190; x_wconf 89' lang='grc' dir='ltr'><strong><em>μοι,</em></strong></span> <span class='ocrx_word' id='word_1_68' title='bbox 268 1111 299 1174; x_wconf 92' lang='grc' dir='ltr'><strong><em>εί</em></strong></span> <span class='ocrx_word' id='word_1_69' title='bbox 313 1103 357 1192; x_wconf 82' lang='grc' dir='ltr'><strong><em>μὴ</em></strong></span> <span class='ocrx_word' id='word_1_70' title='bbox 377 1114 537 1191; x_wconf 71' lang='grc' dir='ltr'><strong><em>συνεχοῦς,</em></strong></span> <span class='ocrx_word' id='word_1_71' title='bbox 563 1104 646 1173; x_wconf 84' lang='grc' dir='ltr'><strong><em>άλλά</em></strong></span> <span class='ocrx_word' id='word_1_72' title='bbox 661 1109 839 1173; x_wconf 77' lang='grc' dir='ltr'><strong><em>διαλείπων</em></strong></span> <span class='ocrx_word' id='word_1_73' title='bbox 850 1109 933 1192; x_wconf 83' lang='grc' dir='ltr'><strong><em>πρὸς</em></strong></span> <span class='ocrx_word' id='word_1_74' title='bbox 945 1105 1005 1174; x_wconf 83' lang='grc' dir='ltr'><strong><em>τὸν</em></strong></span> <span class='ocrx_word' id='word_1_75' title='bbox 1017 1112 1121 1191; x_wconf 82' lang='grc' dir='ltr'><strong><em>δῆμον</em></strong></span> 
     </span>
     <span class='ocr_line' id='line_1_11' title="bbox 172 1203 1122 1292; baseline -0.001 -22"><span class='ocrx_word' id='word_1_76' title='bbox 172 1208 410 1292; x_wconf 80' lang='grc' dir='ltr'><strong><em>προσέρχομαι,</em></strong></span> <span class='ocrx_word' id='word_1_77' title='bbox 434 1207 489 1272; x_wconf 83' lang='grc' dir='ltr'><strong><em>καὶ</em></strong></span> <span class='ocrx_word' id='word_1_78' title='bbox 507 1203 568 1291; x_wconf 80' lang='grc' dir='ltr'><strong><em>την</em></strong></span> <span class='ocrx_word' id='word_1_79' title='bbox 585 1203 720 1285; x_wconf 79' lang='grc' dir='ltr'><strong><em>άξίωσιυ</em></strong></span> <span class='ocrx_word' id='word_1_80' title='bbox 730 1203 856 1290; x_wconf 86' lang='grc' dir='ltr'><strong><em>ταύτην</em></strong></span> <span class='ocrx_word' id='word_1_81' title='bbox 865 1215 926 1273; x_wconf 88' lang='grc' dir='ltr'><strong><em>οίει</em></strong></span> <span class='ocrx_word' id='word_1_82' title='bbox 939 1205 1122 1272; x_wconf 77' lang='grc' dir='ltr'><strong><em>λανθάνειν</em></strong></span> 
     </span>
     <span class='ocr_line' id='line_1_12' title="bbox 172 1301 1122 1388; baseline 0 -21"><span class='ocrx_word' id='word_1_83' title='bbox 172 1306 368 1387; x_wconf 82' lang='grc' dir='ltr'><strong><em>μεταφέρων</em></strong></span> <span class='ocrx_word' id='word_1_84' title='bbox 381 1301 444 1370; x_wconf 84' lang='grc' dir='ltr'><strong><em>οὐκ</em></strong></span> <span class='ocrx_word' id='word_1_85' title='bbox 462 1306 498 1370; x_wconf 87' lang='grc' dir='ltr'><strong><em>έκ</em></strong></span> <span class='ocrx_word' id='word_1_86' title='bbox 517 1305 754 1388; x_wconf 78' lang='grc' dir='ltr'><strong><em>δημοκρατίας,</em></strong></span> <span class='ocrx_word' id='word_1_87' title='bbox 776 1302 849 1370; x_wconf 76' lang='grc' dir='ltr'><strong><em>ἀλλ’</em></strong></span> <span class='ocrx_word' id='word_1_88' title='bbox 862 1307 894 1382; x_wconf 79' lang='grc' dir='ltr'><strong><em>ἐξ</em></strong></span> <span class='ocrx_word' id='word_1_89' title='bbox 907 1305 1016 1387; x_wconf 84' lang='grc' dir='ltr'><strong><em>ἑτέρας</em></strong></span> <span class='ocrx_word' id='word_1_90' title='bbox 1028 1311 1122 1368; x_wconf 75' lang='grc' dir='ltr'><strong><em>πολι-</em></strong></span> 
     </span>
     <span class='ocr_line' id='line_1_13' title="bbox 171 1399 1121 1488; baseline -0.002 -20"><span class='ocrx_word' id='word_1_91' title='bbox 171 1407 266 1479; x_wconf 83' lang='grc' dir='ltr'><strong><em>τείας.</em></strong></span> <span class='ocrx_word' id='word_1_92' title='bbox 290 1405 328 1469; x_wconf 83' lang='grc' dir='ltr'><strong><em>ἐν</em></strong></span> <span class='ocrx_word' id='word_1_93' title='bbox 344 1404 485 1488; x_wconf 80' lang='grc' dir='ltr'><strong><em>μὲνγὰρ</em></strong></span> <span class='ocrx_word' id='word_1_94' title='bbox 501 1415 572 1481; x_wconf 90' lang='grc' dir='ltr'><strong><em>ταῖς</em></strong></span> <span class='ocrx_word' id='word_1_95' title='bbox 590 1400 791 1487; x_wconf 75' lang='grc' dir='ltr'><strong><em>ὀλιγαρχίαις</em></strong></span> <span class='ocrx_word' id='word_1_96' title='bbox 807 1399 867 1488; x_wconf 90' lang='grc' dir='ltr'><strong><em>ούχ</em></strong></span> <span class='ocrx_word' id='word_1_97' title='bbox 878 1400 896 1470; x_wconf 91' lang='grc' dir='ltr'>ὁ</span> <span class='ocrx_word' id='word_1_98' title='bbox 908 1402 1121 1488; x_wconf 81' lang='grc' dir='ltr'><strong><em>βουλόμενος,</em></strong></span> 
     </span>
     <span class='ocr_line' id='line_1_14' title="bbox 172 1499 1123 1587; baseline -0.001 -21"><span class='ocrx_word' id='word_1_99' title='bbox 172 1499 244 1567; x_wconf 77' lang='grc' dir='ltr'><strong><em>ἀλλ’</em></strong></span> <span class='ocrx_word' id='word_1_100' title='bbox 259 1499 276 1568; x_wconf 91' lang='grc' dir='ltr'>ὁ</span> <span class='ocrx_word' id='word_1_101' title='bbox 289 1501 503 1570; x_wconf 82' lang='grc' dir='ltr'><strong><em>δυναστεύων</em></strong></span> <span class='ocrx_word' id='word_1_102' title='bbox 515 1505 703 1587; x_wconf 89' lang='grc' dir='ltr'><strong><em>δημηγορεῖ,</em></strong></span> <span class='ocrx_word' id='word_1_103' title='bbox 717 1503 755 1568; x_wconf 80' lang='grc' dir='ltr'><strong><em>ἐν</em></strong></span> <span class='ocrx_word' id='word_1_104' title='bbox 765 1501 801 1568; x_wconf 71' lang='grc' dir='ltr'><strong><em>δὲ</em></strong></span> <span class='ocrx_word' id='word_1_105' title='bbox 810 1515 880 1579; x_wconf 84' lang='grc' dir='ltr'><strong><em>ταῖς</em></strong></span> <span class='ocrx_word' id='word_1_106' title='bbox 892 1507 1123 1585; x_wconf 84' lang='grc' dir='ltr'><strong><em>δημοκρατίαις</em></strong></span> 
     </span>
     <span class='ocr_line' id='line_1_15' title="bbox 174 1595 1123 1690; baseline -0.004 -23"><span class='ocrx_word' id='word_1_107' title='bbox 174 1597 190 1666; x_wconf 90' lang='grc' dir='ltr'>ὁ</span> <span class='ocrx_word' id='word_1_108' title='bbox 203 1600 407 1686; x_wconf 79' lang='grc' dir='ltr'><strong><em>βουλόμενος</em></strong></span> <span class='ocrx_word' id='word_1_109' title='bbox 416 1602 472 1668; x_wconf 83' lang='grc' dir='ltr'><strong><em>καὶ</em></strong></span> <span class='ocrx_word' id='word_1_110' title='bbox 484 1599 566 1669; x_wconf 85' lang='grc' dir='ltr'><strong><em>ὅταν</em></strong></span> <span class='ocrx_word' id='word_1_111' title='bbox 575 1597 667 1690; x_wconf 73' lang='grc' dir='ltr'><strong><em>αύτῷ</em></strong></span> <span class='ocrx_word' id='word_1_112' title='bbox 680 1604 772 1686; x_wconf 79' lang='grc' dir='ltr'><strong><em>δοκῇ.</em></strong></span> <span class='ocrx_word' id='word_1_113' title='bbox 790 1600 844 1666; x_wconf 79' lang='grc' dir='ltr'><strong><em>καί</em></strong></span> <span class='ocrx_word' id='word_1_114' title='bbox 854 1595 891 1665; x_wconf 82' lang='grc' dir='ltr'><strong><em>τὸ</em></strong></span> <span class='ocrx_word' id='word_1_115' title='bbox 902 1598 963 1684; x_wconf 75' lang='grc' dir='ltr'><strong><em>μὲν</em></strong></span> <span class='ocrx_word' id='word_1_116' title='bbox 976 1596 1030 1665; x_wconf 87' lang='grc' dir='ltr'><strong><em>διά</em></strong></span> <span class='ocrx_word' id='word_1_117' title='bbox 1043 1597 1123 1683; x_wconf 86' lang='grc' dir='ltr'><strong><em>χρό-</em></strong></span> 
     </span>
     <span class='ocr_line' id='line_1_16' title="bbox 174 1699 1123 1787; baseline -0.004 -22"><span class='ocrx_word' id='word_1_118' title='bbox 174 1725 237 1766; x_wconf 93' lang='grc' dir='ltr'><strong><em>νου</em></strong></span> <span class='ocrx_word' id='word_1_119' title='bbox 246 1702 355 1786; x_wconf 84' lang='grc' dir='ltr'><strong><em>λέγειν</em></strong></span> <span class='ocrx_word' id='word_1_120' title='bbox 370 1699 508 1787; x_wconf 89' lang='grc' dir='ltr'><strong><em>σημεῖόν</em></strong></span> <span class='ocrx_word' id='word_1_121' title='bbox 519 1703 609 1767; x_wconf 83' lang='grc' dir='ltr'><strong><em>ἐστιν</em></strong></span> <span class='ocrx_word' id='word_1_122' title='bbox 618 1701 670 1766; x_wconf 76' lang='grc' dir='ltr'><strong><em>ἐπὶ</em></strong></span> <span class='ocrx_word' id='word_1_123' title='bbox 681 1706 749 1765; x_wconf 78' lang='grc' dir='ltr'><strong><em>τῶν</em></strong></span> <span class='ocrx_word' id='word_1_124' title='bbox 759 1705 887 1780; x_wconf 72' lang='grc' dir='ltr'><strong><em>καιρῶν</em></strong></span> <span class='ocrx_word' id='word_1_125' title='bbox 898 1700 1024 1764; x_wconf 75' lang='grc' dir='ltr'><strong><em>καὶτοῦ</em></strong></span> <span class='ocrx_word' id='word_1_126' title='bbox 1036 1720 1123 1781; x_wconf 89' lang='grc' dir='ltr'><strong><em>συμ-</em></strong></span> 
     </span>
     <span class='ocr_line' id='line_1_17' title="bbox 103 1794 1124 1886; baseline -0.011 -14"><span class='ocrx_word' id='word_1_127' title='bbox 103 1817 156 1872; x_wconf 79' lang='grc'><strong><em>614</em></strong></span> <span class='ocrx_word' id='word_1_128' title='bbox 174 1801 335 1884; x_wconf 85' lang='grc' dir='ltr'><strong><em>φέροντος</em></strong></span> <span class='ocrx_word' id='word_1_129' title='bbox 346 1794 789 1886; x_wconf 83' lang='grc' dir='ltr'><strong><em>άνδρδςπολιτευομένου,τδ</em></strong></span> <span class='ocrx_word' id='word_1_130' title='bbox 801 1797 837 1865; x_wconf 79' lang='grc' dir='ltr'><strong><em>δὲ</em></strong></span> <span class='ocrx_word' id='word_1_131' title='bbox 847 1800 1124 1883; x_wconf 85' lang='grc' dir='ltr'><strong><em>μηδεμίανπαρα-</em></strong></span> 
     </span>
     <span class='ocr_line' id='line_1_18' title="bbox 172 1891 1170 1985; baseline -0.002 -22"><span class='ocrx_word' id='word_1_132' title='bbox 172 1902 297 1966; x_wconf 90' lang='grc' dir='ltr'><strong><em>λείπειν</em></strong></span> <span class='ocrx_word' id='word_1_133' title='bbox 307 1897 435 1985; x_wconf 84' lang='grc' dir='ltr'><strong><em>ἡμέραν</em></strong></span> <span class='ocrx_word' id='word_1_134' title='bbox 446 1901 667 1985; x_wconf 79' lang='grc' dir='ltr'><strong><em>ἐργαζομένου</em></strong></span> <span class='ocrx_word' id='word_1_135' title='bbox 677 1899 732 1967; x_wconf 81' lang='grc' dir='ltr'><strong><em>καὶ</em></strong></span> <span class='ocrx_word' id='word_1_136' title='bbox 742 1902 1019 1983; x_wconf 88' lang='grc' dir='ltr'><strong><em>μισθαρνοῦντος.</em></strong></span> <span class='ocrx_word' id='word_1_137' title='bbox 1040 1891 1123 1978; x_wconf 71' lang='grc' dir='ltr'><strong><em>ὑπὲρ</em></strong></span> <span class='ocrx_word' id='word_1_138' title='bbox 1141 1911 1170 1961; x_wconf 77' lang='lat'><strong><em>2·</em></strong></span> 
     </span>
     <span class='ocr_line' id='line_1_19' title="bbox 174 1994 1124 2085; baseline -0.003 -23"><span class='ocrx_word' id='word_1_139' title='bbox 174 1995 208 2063; x_wconf 78' lang='grc' dir='ltr'><strong><em>δὲ</em></strong></span> <span class='ocrx_word' id='word_1_140' title='bbox 219 2005 280 2062; x_wconf 90' lang='grc' dir='ltr'><strong><em>τοῦ</em></strong></span> <span class='ocrx_word' id='word_1_141' title='bbox 290 1999 425 2083; x_wconf 81' lang='grc' dir='ltr'><strong><em>μηδέπω</em></strong></span> <span class='ocrx_word' id='word_1_142' title='bbox 437 2004 612 2085; x_wconf 74' lang='grc' dir='ltr'><strong><em>κεκρίσθαι</em></strong></span> <span class='ocrx_word' id='word_1_143' title='bbox 624 1994 683 2064; x_wconf 80' lang='grc' dir='ltr'><strong><em>ὑπ’</em></strong></span> <span class='ocrx_word' id='word_1_144' title='bbox 696 1999 779 2082; x_wconf 84' lang='grc' dir='ltr'><strong><em>ἐμοῦ</em></strong></span> <span class='ocrx_word' id='word_1_145' title='bbox 789 1995 870 2082; x_wconf 73' lang='grc' dir='ltr'><strong><em>μηδὲ</em></strong></span> <span class='ocrx_word' id='word_1_146' title='bbox 880 2003 949 2064; x_wconf 83' lang='grc' dir='ltr'><strong><em>τῶν</em></strong></span> <span class='ocrx_word' id='word_1_147' title='bbox 960 1994 1124 2080; x_wconf 79' lang='grc' dir='ltr'><strong><em>ἀδικημά-</em></strong></span> 
     </span>
     <span class='ocr_line' id='line_1_20' title="bbox 173 2089 1123 2180; baseline -0.003 -21"><span class='ocrx_word' id='word_1_148' title='bbox 173 2121 240 2159; x_wconf 91' lang='grc' dir='ltr'><strong><em>των</em></strong></span> <span class='ocrx_word' id='word_1_149' title='bbox 260 2099 422 2179; x_wconf 88' lang='grc' dir='ltr'><strong><em>τιμωρίαν</em></strong></span> <span class='ocrx_word' id='word_1_150' title='bbox 442 2092 615 2179; x_wconf 78' lang='grc' dir='ltr'><strong><em>ὑποσχεῖν,</em></strong></span> <span class='ocrx_word' id='word_1_151' title='bbox 639 2094 721 2163; x_wconf 85' lang='grc' dir='ltr'><strong><em>ὅταν</em></strong></span> <span class='ocrx_word' id='word_1_152' title='bbox 743 2092 954 2180; x_wconf 79' lang='grc' dir='ltr'><strong><em>καταφεύγῃς</em></strong></span> <span class='ocrx_word' id='word_1_153' title='bbox 975 2094 1028 2160; x_wconf 77' lang='grc' dir='ltr'><strong><em>ἐπὶ</em></strong></span> <span class='ocrx_word' id='word_1_154' title='bbox 1045 2089 1123 2169; x_wconf 84' lang='grc' dir='ltr'><strong><em>τοῦς</em></strong></span> 
     </span>
     <span class='ocr_line' id='line_1_21' title="bbox 172 2188 1124 2279; baseline -0.001 -22"><span class='ocrx_word' id='word_1_155' title='bbox 172 2189 344 2270; x_wconf 89' lang='grc' dir='ltr'><strong><em>τοιούτους</em></strong></span> <span class='ocrx_word' id='word_1_156' title='bbox 352 2188 603 2279; x_wconf 79' lang='grc' dir='ltr'><strong><em>λύγους,ι’χ“τούς</em></strong></span> <span class='ocrx_word' id='word_1_157' title='bbox 613 2190 798 2269; x_wconf 88' lang='grc' dir='ltr'><strong><em>άκούοντας</em></strong></span> <span class='ocrx_word' id='word_1_158' title='bbox 808 2191 1029 2276; x_wconf 83' lang='grc' dir='ltr'><strong><em>ἐπιλήσμονας</em></strong></span> <span class='ocrx_word' id='word_1_159' title='bbox 1037 2188 1124 2256; x_wconf 86' lang='grc' dir='ltr'><strong><em>ὑπο-</em></strong></span> 
     </span>
     <span class='ocr_line' id='line_1_22' title="bbox 172 2285 1124 2377; baseline -0.005 -18"><span class='ocrx_word' id='word_1_160' title='bbox 172 2289 351 2377; x_wconf 81' lang='grc' dir='ltr'><strong><em>λαμβάνεις</em></strong></span> <span class='ocrx_word' id='word_1_161' title='bbox 361 2285 384 2376; x_wconf 74' lang='grc' dir='ltr'><em>ἢ</em></span> <span class='ocrx_word' id='word_1_162' title='bbox 395 2287 520 2359; x_wconf 81' lang='grc' dir='ltr'><strong><em>σαυτὸν</em></strong></span> <span class='ocrx_word' id='word_1_163' title='bbox 531 2295 743 2376; x_wconf 78' lang='grc' dir='ltr'><strong><em>παραλογίζη.</em></strong></span> <span class='ocrx_word' id='word_1_164' title='bbox 763 2285 802 2355; x_wconf 87' lang='grc' dir='ltr'><strong><em>τά</em></strong></span> <span class='ocrx_word' id='word_1_165' title='bbox 814 2292 875 2373; x_wconf 76' lang='grc' dir='ltr'><strong><em>μὲν</em></strong></span> <span class='ocrx_word' id='word_1_166' title='bbox 884 2286 949 2375; x_wconf 85' lang='grc' dir='ltr'><strong><em>γάρ</em></strong></span> <span class='ocrx_word' id='word_1_167' title='bbox 961 2292 1035 2371; x_wconf 83' lang='grc' dir='ltr'><strong><em>περὶ</em></strong></span> <span class='ocrx_word' id='word_1_168' title='bbox 1046 2287 1124 2366; x_wconf 88' lang='grc' dir='ltr'><strong><em>τοῦς</em></strong></span> 
     </span>
     <span class='ocr_line' id='line_1_23' title="bbox 168 2383 1124 2477; baseline -0.003 -19"><span class='ocrx_word' id='word_1_169' title='bbox 168 2388 366 2477; x_wconf 87' lang='grc' dir='ltr'><strong><em>Ἀμφισσέας</em></strong></span> <span class='ocrx_word' id='word_1_170' title='bbox 382 2387 571 2477; x_wconf 81' lang='grc' dir='ltr'><strong><em>ἠσεβημένα</em></strong></span> <span class='ocrx_word' id='word_1_171' title='bbox 591 2410 644 2455; x_wconf 94' lang='grc' dir='ltr'><strong><em>σοι</em></strong></span> <span class='ocrx_word' id='word_1_172' title='bbox 666 2389 720 2456; x_wconf 82' lang='grc' dir='ltr'><strong><em>καὶ</em></strong></span> <span class='ocrx_word' id='word_1_173' title='bbox 742 2383 783 2454; x_wconf 85' lang='grc' dir='ltr'><strong><em>τά</em></strong></span> <span class='ocrx_word' id='word_1_174' title='bbox 801 2389 877 2471; x_wconf 84' lang='grc' dir='ltr'><strong><em>περὶ</em></strong></span> <span class='ocrx_word' id='word_1_175' title='bbox 893 2384 955 2472; x_wconf 74' lang='grc' dir='ltr'><strong><em>τὴν</em></strong></span> <span class='ocrx_word' id='word_1_176' title='bbox 972 2387 1124 2473; x_wconf 79' lang='grc' dir='ltr'><strong><em>Εὔβοιαν</em></strong></span> 
     </span>
     <span class='ocr_line' id='line_1_24' title="bbox 173 2484 1121 2576; baseline -0.005 -19"><span class='ocrx_word' id='word_1_177' title='bbox 173 2494 467 2576; x_wconf 79' lang='grc' dir='ltr'><strong><em>δωροδοκηθέντα,</em></strong></span> <span class='ocrx_word' id='word_1_178' title='bbox 489 2489 622 2575; x_wconf 89' lang='grc' dir='ltr'><strong><em>χρόνων</em></strong></span> <span class='ocrx_word' id='word_1_179' title='bbox 643 2491 910 2574; x_wconf 77' lang='grc' dir='ltr'><strong><em>ἐγγεγενημένων</em></strong></span> <span class='ocrx_word' id='word_1_180' title='bbox 932 2490 969 2555; x_wconf 84' lang='grc' dir='ltr'><strong><em>έν</em></strong></span> <span class='ocrx_word' id='word_1_181' title='bbox 993 2484 1041 2566; x_wconf 79' lang='grc' dir='ltr'><strong><em>οἷς</em></strong></span> <span class='ocrx_word' id='word_1_182' title='bbox 1062 2484 1121 2553; x_wconf 88' lang='grc' dir='ltr'><strong><em>ὑπ’</em></strong></span> 
     </span>
     <span class='ocr_line' id='line_1_25' title="bbox 171 2582 1124 2676; baseline -0.003 -19"><span class='ocrx_word' id='word_1_183' title='bbox 171 2593 255 2676; x_wconf 77' lang='grc' dir='ltr'><strong><em>ἐμοῦ</em></strong></span> <span class='ocrx_word' id='word_1_184' title='bbox 277 2596 430 2675; x_wconf 80' lang='grc' dir='ltr'><strong><em>φανερῶς</em></strong></span> <span class='ocrx_word' id='word_1_185' title='bbox 452 2591 643 2675; x_wconf 77' lang='grc' dir='ltr'><strong><em>ἐξηλέγχου,</em></strong></span> <span class='ocrx_word' id='word_1_186' title='bbox 678 2597 756 2666; x_wconf 87' lang='grc' dir='ltr'><strong><em>ῖσως</em></strong></span> <span class='ocrx_word' id='word_1_187' title='bbox 777 2590 913 2667; x_wconf 68' lang='grc' dir='ltr'><strong><em>ἐλπιζεις</em></strong></span> <span class='ocrx_word' id='word_1_188' title='bbox 933 2582 994 2654; x_wconf 80' lang='grc' dir='ltr'><strong><em>τὸν</em></strong></span> <span class='ocrx_word' id='word_1_189' title='bbox 1015 2592 1124 2672; x_wconf 82' lang='grc' dir='ltr'><strong><em>δῆμον</em></strong></span> 
     </span>
     <span class='ocr_line' id='line_1_26' title="bbox 171 2683 1166 2773; baseline 0 -19"><span class='ocrx_word' id='word_1_190' title='bbox 171 2685 390 2773; x_wconf 75' lang='grc' dir='ltr'><strong><em>ἀμνημονεῖν·</em></strong></span> <span class='ocrx_word' id='word_1_191' title='bbox 403 2685 442 2754; x_wconf 83' lang='grc' dir='ltr'><strong><em>τά</em></strong></span> <span class='ocrx_word' id='word_1_192' title='bbox 455 2689 491 2754; x_wconf 77' lang='grc' dir='ltr'><strong><em>δὲ</em></strong></span> <span class='ocrx_word' id='word_1_193' title='bbox 503 2689 577 2772; x_wconf 83' lang='grc' dir='ltr'><strong><em>περὶ</em></strong></span> <span class='ocrx_word' id='word_1_194' title='bbox 587 2684 646 2765; x_wconf 87' lang='grc' dir='ltr'><strong><em>τάς</em></strong></span> <span class='ocrx_word' id='word_1_195' title='bbox 656 2685 799 2772; x_wconf 84' lang='grc' dir='ltr'><strong><em>τριήρεις</em></strong></span> <span class='ocrx_word' id='word_1_196' title='bbox 809 2687 864 2754; x_wconf 82' lang='grc' dir='ltr'><strong><em>καί</em></strong></span> <span class='ocrx_word' id='word_1_197' title='bbox 874 2683 953 2764; x_wconf 84' lang='grc' dir='ltr'><strong><em>τούς</em></strong></span> <span class='ocrx_word' id='word_1_198' title='bbox 962 2686 1122 2772; x_wconf 86' lang='grc' dir='ltr'><strong><em>τριηράρ-</em></strong></span> <span class='ocrx_word' id='word_1_199' title='bbox 1140 2703 1166 2754; x_wconf 69' lang='lat'><strong><em>2·</em></strong></span> 
     </span>
     <span class='ocr_line' id='line_1_27' title="bbox 172 2781 1121 2873; baseline -0.002 -21"><span class='ocrx_word' id='word_1_200' title='bbox 172 2811 251 2871; x_wconf 90' lang='grc' dir='ltr'><strong><em>χους</em></strong></span> <span class='ocrx_word' id='word_1_201' title='bbox 263 2784 461 2873; x_wconf 80' lang='grc' dir='ltr'><strong><em>ἁρπάγματα</em></strong></span> <span class='ocrx_word' id='word_1_202' title='bbox 478 2793 526 2865; x_wconf 89' lang='grc' dir='ltr'><strong><em>τίς</em></strong></span> <span class='ocrx_word' id='word_1_203' title='bbox 537 2781 581 2853; x_wconf 83' lang='grc' dir='ltr'><strong><em>άν</em></strong></span> <span class='ocrx_word' id='word_1_204' title='bbox 592 2785 784 2871; x_wconf 76' lang='grc' dir='ltr'><strong><em>ἀποκρύψαι</em></strong></span> <span class='ocrx_word' id='word_1_205' title='bbox 794 2785 914 2871; x_wconf 88' lang='grc' dir='ltr'><strong><em>χρόνος</em></strong></span> <span class='ocrx_word' id='word_1_206' title='bbox 926 2782 1055 2852; x_wconf 87' lang='grc' dir='ltr'><strong><em>δύναιτ’</em></strong></span> <span class='ocrx_word' id='word_1_207' title='bbox 1067 2783 1121 2869; x_wconf 71' lang='grc' dir='ltr'><strong><em>ἂν,</em></strong></span> 
     </span>
     <span class='ocr_line' id='line_1_28' title="bbox 173 2881 1124 2973; baseline -0.003 -20"><span class='ocrx_word' id='word_1_208' title='bbox 173 2885 227 2953; x_wconf 82' lang='grc' dir='ltr'><strong><em>ὅτε</em></strong></span> <span class='ocrx_word' id='word_1_209' title='bbox 249 2885 480 2973; x_wconf 77' lang='grc' dir='ltr'><strong><em>νομοθετήσας</em></strong></span> <span class='ocrx_word' id='word_1_210' title='bbox 500 2888 574 2968; x_wconf 84' lang='grc' dir='ltr'><strong><em>περὶ</em></strong></span> <span class='ocrx_word' id='word_1_211' title='bbox 595 2893 663 2953; x_wconf 81' lang='grc' dir='ltr'><strong><em>τῶν</em></strong></span> <span class='ocrx_word' id='word_1_212' title='bbox 691 2890 890 2968; x_wconf 90' lang='grc' dir='ltr'><strong><em>τριακοσίων</em></strong></span> <span class='ocrx_word' id='word_1_213' title='bbox 915 2885 970 2950; x_wconf 79' lang='grc' dir='ltr'><strong><em>καὶ</em></strong></span> <span class='ocrx_word' id='word_1_214' title='bbox 997 2881 1124 2950; x_wconf 82' lang='grc' dir='ltr'><strong><em>σαυτὸν</em></strong></span> 
     </span>
     <span class='ocr_line' id='line_1_29' title="bbox 172 2981 1124 3071; baseline -0.001 -20"><span class='ocrx_word' id='word_1_215' title='bbox 172 2989 285 3061; x_wconf 85' lang='grc' dir='ltr'><strong><em>πείσας</em></strong></span> <span class='ocrx_word' id='word_1_216' title='bbox 292 2981 491 3069; x_wconf 73' lang='grc' dir='ltr'><strong><em>Ἀθηναίους</em></strong></span> <span class='ocrx_word' id='word_1_217' title='bbox 501 2984 678 3071; x_wconf 81' lang='grc' dir='ltr'><strong><em>ἐπιστάτην</em></strong></span> <span class='ocrx_word' id='word_1_218' title='bbox 687 2985 781 3064; x_wconf 85' lang='grc' dir='ltr'><strong><em>τάξαι</em></strong></span> <span class='ocrx_word' id='word_1_219' title='bbox 793 2991 855 3050; x_wconf 85' lang='grc' dir='ltr'><strong><em>τοῦ</em></strong></span> <span class='ocrx_word' id='word_1_220' title='bbox 866 2990 1035 3069; x_wconf 83' lang='grc' dir='ltr'><strong><em>ναυτικοῦ,</em></strong></span> <span class='ocrx_word' id='word_1_221' title='bbox 1048 2983 1124 3068; x_wconf 81' lang='grc' dir='ltr'><strong><em>ἑξη-</em></strong></span> 
     </span>
     <span class='ocr_line' id='line_1_30' title="bbox 172 3078 1123 3170; baseline -0.001 -21"><span class='ocrx_word' id='word_1_222' title='bbox 172 3085 313 3168; x_wconf 88' lang='grc' dir='ltr'><strong><em>λέγχθης</em></strong></span> <span class='ocrx_word' id='word_1_223' title='bbox 329 3078 388 3148; x_wconf 82' lang='grc' dir='ltr'><strong><em>ὑπ’</em></strong></span> <span class='ocrx_word' id='word_1_224' title='bbox 407 3085 488 3167; x_wconf 82' lang='grc' dir='ltr'><strong><em>ἐμοῦ</em></strong></span> <span class='ocrx_word' id='word_1_225' title='bbox 506 3083 662 3170; x_wconf 82' lang='grc' dir='ltr'><strong><em>ἑξήκοντα</em></strong></span> <span class='ocrx_word' id='word_1_226' title='bbox 679 3086 734 3152; x_wconf 81' lang='grc' dir='ltr'><strong><em>καὶ</em></strong></span> <span class='ocrx_word' id='word_1_227' title='bbox 749 3088 845 3151; x_wconf 83' lang='grc' dir='ltr'><strong><em>πέντε</em></strong></span> <span class='ocrx_word' id='word_1_228' title='bbox 857 3090 1123 3167; x_wconf 84' lang='grc' dir='ltr'><strong><em>νειῦνταχυναυ-</em></strong></span> 
     </span>
     <span class='ocr_line' id='line_1_31' title="bbox 172 3180 1123 3272; baseline 0 -23"><span class='ocrx_word' id='word_1_229' title='bbox 172 3191 304 3250; x_wconf 78' lang='grc' dir='ltr'><strong><em>τουσων</em></strong></span> <span class='ocrx_word' id='word_1_230' title='bbox 314 3183 531 3268; x_wconf 89' lang='grc' dir='ltr'><strong><em>τριηράρχους</em></strong></span> <span class='ocrx_word' id='word_1_231' title='bbox 549 3180 777 3272; x_wconf 84' lang='grc' dir='ltr'><strong><em>ῦφηρημένος,</em></strong></span> <span class='ocrx_word' id='word_1_232' title='bbox 801 3186 901 3250; x_wconf 89' lang='grc' dir='ltr'><strong><em>πλέον</em></strong></span> <span class='ocrx_word' id='word_1_233' title='bbox 920 3190 977 3269; x_wconf 80' lang='grc' dir='ltr'><strong><em>τῆς</em></strong></span> <span class='ocrx_word' id='word_1_234' title='bbox 993 3182 1123 3262; x_wconf 89' lang='grc' dir='ltr'><strong><em>πόλεως</em></strong></span> 
     </span>
     <span class='ocr_line' id='line_1_32' title="bbox 102 3278 1122 3370; baseline -0.004 -20"><span class='ocrx_word' id='word_1_235' title='bbox 102 3313 154 3367; x_wconf 80' lang='lat'><strong><em>615</em></strong></span> <span class='ocrx_word' id='word_1_236' title='bbox 173 3280 268 3368; x_wconf 75' lang='grc' dir='ltr'><strong><em>ἡμῶν</em></strong></span> <span class='ocrx_word' id='word_1_237' title='bbox 292 3280 462 3368; x_wconf 67' lang='grc' dir='ltr'><strong><em>άφανιῖων</em></strong></span> <span class='ocrx_word' id='word_1_238' title='bbox 483 3282 659 3370; x_wconf 81' lang='grc' dir='ltr'><strong><em>ναυτικὸν,</em></strong></span> <span class='ocrx_word' id='word_1_239' title='bbox 692 3278 713 3369; x_wconf 78' lang='grc' dir='ltr'><strong><em>ἢ</em></strong></span> <span class='ocrx_word' id='word_1_240' title='bbox 735 3280 790 3350; x_wconf 80' lang='grc' dir='ltr'><strong><em>ὅτε</em></strong></span> <span class='ocrx_word' id='word_1_241' title='bbox 808 3278 979 3368; x_wconf 86' lang='grc' dir='ltr'><strong><em>Ἀθηναῖοι</em></strong></span> <span class='ocrx_word' id='word_1_242' title='bbox 999 3278 1062 3367; x_wconf 79' lang='grc' dir='ltr'><strong><em>τὴν</em></strong></span> <span class='ocrx_word' id='word_1_243' title='bbox 1085 3285 1122 3347; x_wconf 89' lang='grc' dir='ltr'><strong><em>έν</em></strong></span> 
     </span>
     <span class='ocr_line' id='line_1_33' title="bbox 175 3381 1125 3472; baseline -0.001 -24"><span class='ocrx_word' id='word_1_244' title='bbox 175 3382 270 3472; x_wconf 86' lang='grc' dir='ltr'><strong><em>Νάξφ</em></strong></span> <span class='ocrx_word' id='word_1_245' title='bbox 290 3388 476 3468; x_wconf 90' lang='grc' dir='ltr'><strong><em>ναυμαχίαν</em></strong></span> <span class='ocrx_word' id='word_1_246' title='bbox 492 3387 774 3468; x_wconf 85' lang='grc' dir='ltr'><strong><em>Λακεδαιμονίους</em></strong></span> <span class='ocrx_word' id='word_1_247' title='bbox 790 3383 844 3447; x_wconf 81' lang='grc' dir='ltr'><strong><em>καὶ</em></strong></span> <span class='ocrx_word' id='word_1_248' title='bbox 862 3381 989 3447; x_wconf 88' lang='grc' dir='ltr'><strong><em>Πόλλιν</em></strong></span> <span class='ocrx_word' id='word_1_249' title='bbox 1011 3383 1125 3448; x_wconf 84' lang='grc' dir='ltr'><strong><em>ἐνίκα-</em></strong></span> 
     </span>
    </p>
   </div>
   <div class='ocr_carea' id='block_1_3' title="bbox 0 0 1174 3916">
    <p class='ocr_par' dir='ltr' id='par_1_3' title="bbox 0 0 1174 3916">
     <span class='ocr_line' id='line_1_34' title="bbox 0 0 1174 3916; baseline 0 0"><span class='ocrx_word' id='word_1_250' title='bbox 0 0 1174 3916; x_wconf 95' lang='lat' dir='ltr'><strong><em> </em></strong></span> 
     </span>
    </p>
   </div>
  </div>
 </body>
</html>
