2340 3916
261 209 352 262 ΠΕΡΙ
370 211 446 262 ΤΗΣ
464 210 567 263 ΠΡΟΣ
584 211 726 275 ΛΑΚΕΔ..
737 213 913 269 ΕΙΡΗΝΗΣ.
1017 213 1059 279 69

92 349 156 440 ήδη
174 352 215 419 δέ
229 378 331 419 τινων
350 349 479 440 ήκουσα
497 351 667 438 λεγόντων
682 351 726 434 ὥς
742 357 779 424 ἐκ
792 357 851 442 τής
863 363 1057 436 τελευταίας

92 453 227 542 εἰρήνης
251 458 310 539 τής
335 453 420 542 πρὸς
444 458 734 542 Λακεδαιμονίους
761 460 854 526 οἵτε
876 458 1057 546 τριάκοντα

91 557 298 643 κατέστησαν
329 562 452 625 πολλοί
479 582 514 624 τε
534 553 727 644 Ἀθηναίων
754 557 894 627 κάνειον
925 560 1057 639 πιόντες

91 656 286 743 άπέδανον,
318 662 354 725 οί
381 656 419 725 δέ
444 657 630 746 φεύγοντες
663 655 799 752 ᾤχοντο.
843 658 962 729 ὁπόσοι
993 652 1057 730 οὖν
1076 692 1108 741 11

91 762 199 827 ταῦτα
222 759 398 845 λέγουσιν,
423 758 486 827 οάκ
512 757 626 848 ὀρθῶς
651 761 914 847 γιγνώσκουσιν·
941 762 1058 852 εἰρήνη

92 861 158 950 γάρ
189 862 246 928 καὶ
279 861 423 929 σπονδαὶ
455 861 542 930 πολύ
575 864 775 952 διαφέρουσι
801 866 900 952 σφῶν
931 862 1056 932 αὐτῶν.

93 963 231 1051 εἰρήνην
254 961 318 1050 μὲν
341 962 406 1052 γάρ
426 964 459 1044 ἐξ
486 973 562 1033 ίσου
582 966 757 1033 ποιοῦνται
782 966 865 1056 πρὸς
890 965 1059 1053 ἀλλήλους

92 1063 359 1153 ὁμολογήσαντες
385 1065 462 1152 περὶ
487 1057 535 1134 ὦν
562 1061 606 1134 άν
633 1068 874 1156 διαφέρωνται·
907 1068 1058 1148 σπονδάς

94 1168 134 1234 δέ
140 1220 149 1254 ‚
169 1164 249 1234 ὅταν
268 1165 458 1255 κρατήσωσι
470 1168 555 1235 κατά
569 1167 630 1236 τδν
644 1168 813 1258 πόλεμον,
832 1175 868 1239 οί
882 1177 1057 1260 κρείττους

92 1283 164 1349 τοῖς
178 1266 312 1356 ήττοσιν
328 1267 360 1346 ἐξ
376 1270 611 1356 ἐπιταγμάτων
626 1273 821 1359 ποιοῦνται,
836 1269 947 1360 ὥσπερ
961 1271 1059 1360 ήμῶν

93 1371 319 1458 κρατήσαντες
329 1371 587 1459 Λακεδαιμόνιοι
599 1375 646 1463 τῷ
657 1373 793 1466 πολέμῳ
804 1374 967 1455 ἐπέταξαν
976 1371 1059 1461 ήμϊν

93 1473 150 1540 καὶ
171 1469 242 1560 (τά)
261 1478 352 1560 τείχη
371 1483 548 1562 καθαιρεῖν
571 1473 627 1542 καί
651 1474 712 1554 τάς
730 1478 816 1555 ναῦς
835 1476 1060 1564 παραδιδόναι

92 1576 150 1642 καί
174 1574 256 1654 τούς
282 1574 473 1661 φεύγοντας
497 1577 750 1663 καταδέχεσθαι.
795 1575 869 1645 τότε
899 1576 962 1664 μὲν
993 1568 1058 1645 οὖν
1078 1606 1109 1655 12

94 1677 239 1745 σπονδαὶ
264 1675 339 1743 κατ’
367 1673 520 1765 άνάγκην
553 1675 586 1755 ἐξ
618 1677 852 1765 ἐπιταγμάτων
885 1679 1058 1764 ἐγένοντο·

92 1780 161 1846 νῦν
179 1776 217 1846 δὲ
242 1778 245 1863 l
270 1778 347 1865 περὶ
365 1778 502 1899 εἰρήνης
519 1778 736 1866 βουλεύεσθε.
773 1781 946 1859 σκέψασθε
964 1778 1002 1848 δέ
1026 1781 1059 1861 ἐξ
1072 1805 1098 1846 25

94 1879 210 1947 αὐτῶν
240 1881 309 1946 τῶν
339 1879 565 1967 γραμμάτων,
597 1876 618 1946 ά
642 1907 677 1948 τε
708 1878 791 1969 ήμίν
817 1884 854 1951 ἐν
885 1884 926 1970 τή
952 1880 1059 1968 στήλη

94 1982 298 2069 γέγραπται,
335 1978 391 2067 ἐφ’
431 1975 482 2060 οἷς
513 2007 548 2050 τε
584 1983 650 2049 νῦν
687 1984 790 2064 ἔξεστι
823 1983 886 2069 τήν
922 1982 1060 2088 εἰρήνην

93 2094 271 2152 ποιεισθαι.
309 2083 380 2151 ἐκεῖ
402 2080 465 2170 μὲν
488 2083 673 2172 γέγραπται
694 2083 735 2153 τά
760 2091 851 2204 τείχη
870 2074 1060 2174 καθάιρείν,

95 2187 133 2254 εν
164 2184 202 2253 δὲ
233 2187 347 2253 τοῖσδε
380 2184 503 2264 ἔξεστιν
535 2189 743 2273 οἰκοδομεῖν
779 2190 866 2267 ναῦς
899 2191 969 2257 ἐκεί
997 2185 1060 2274 μεν

95 2286 227 2355 δώδεκα
251 2287 449 2373 κεκτῆσθαι,
473 2288 541 2355 νῦν
565 2285 597 2355 δ’
623 2284 751 2368 ὁπόσας
769 2284 814 2356 άν
838 2289 1059 2377 βουλώμεθα·

95 2392 235 2476 Λήμνου
261 2386 299 2456 δέ
321 2385 527 2477 καίἽμβρον
544 2389 602 2456 καὶ
621 2391 761 2477 Σκῦρον
785 2388 861 2458 τότε
884 2388 947 2478 μὲν
974 2396 1060 2476 ἐχειν

93 2490 174 2570 τοὺς
189 2488 239 2578 (ἐξ
254 2487 375 2578 άρχής)
391 2495 547 2577 ἔχοντας,
559 2493 633 2558 νῦν
651 2488 689 2558 δέ
706 2487 868 2580 ήμετέρας
882 2489 983 2559 εἰναι·
1003 2491 1061 2559 καί

95 2593 288 2680 φεύγοντας
305 2593 373 2659 νῦν
397 2590 459 2679 μὲν
478 2589 542 2659 οὐκ
567 2591 754 2678 ἐπάναγκες
773 2591 898 2660 οὐδένα
915 2593 1060 2661 καταδέ-

94 2705 230 2781 χεσθαι,
248 2693 322 2761 τότε
336 2691 370 2760 δ’
389 2693 595 2781 ἐπάναγκες,
615 2694 647 2773 ἐξ
663 2682 713 2761 ὧν
727 2691 744 2761 ὁ
760 2696 864 2781 δήμος
877 2693 1058 2781 κατελύθη.

94 2804 131 2865 τί
146 2799 252 2864 ταῦτα
278 2798 417 2875 ἐκείνοις
435 2792 610 2882 ὁμολογεῖς
636 2797 800 2865 τοσοῦτον
825 2787 889 2864 οὖν
909 2786 1063 2882 ἐγωγεά

92 2896 266 2985 Ἀθηναῖοι
284 2901 468 2985 διορίζομαι
486 2898 563 2986 περὶ
581 2897 734 2985 τούτων,
759 2897 821 2985 τήν
839 2896 902 2985 μὲν
920 2898 1061 2987 εἰρήνην

95 3006 265 3088 σωτηρίαν
285 2997 369 3068 εἰναι
388 3001 435 3091 τῷ
455 2994 552 3092 δήμῳ
565 3001 622 3069 καί
641 2999 808 3088 δυ’ναμιν,
825 3000 886 3069 τὸν
905 2999 943 3068 δὲ
957 2999 1060 3068 πόλε-

163 3193 268 3249 κώνιον
286 3197 369 3248 ΒΖΜ.

163 3269 203 3315 11.
223 3259 341 3343 εἰρήηην
367 3281 419 3329 μεν
446 3255 500 3330 γάρ
527 3255 596 3330 unffi]
626 3265 662 3316 cf.
685 3264 785 3316 Aesch.
810 3266 825 3327 ἕ
849 3268 897 3317 176
923 3270 951 3316 et
976 3267 1061 3317 Ιεοοτ.

93 3337 123 3397 4,
143 3336 250 3385 176.-
218 3326 303 3384 -τά
323 3331 448 3459 τείηη
422 3333 533 3387 cumR.
554 3332 621 3386 Bk..
639 3331 728 3399 τείχη,
747 3334 782 3384 ef
802 3335 842 3387 12
862 3336 903 3388 31

163 3404 203 3454 12.
223 3417 266 3453 vv.
286 3392 336 3465 ἐφ’
355 3416 369 3451 ο
467 3394 651 3468 γέγραπται
643 3416 673 3450 m
690 3417 743 3466 mg.
763 3401 825 3452 add.
844 3401 875 3452 A.
894 3428 928 3438 —-
946 3400 1062 3466 σκίρρον

93 3474 124 3521 ut
113 3469 248 3521 tvidetur
260 3483 301 3535 pr.
318 3467 368 3531 Λᾶς
388 3468 450 3534 σκίρ
453 3483 485 3520 ον
497 3468 580 3519 AdM.
595 3470 663 3519 item
681 3469 695 3529 5
714 3471 795 3525 14-
807 3463 917 3529 ἔκεινος
930 3467 966 3520 Ad
978 3418 1061 3520 ΒρΖΜ.

92 3563 128 3573 -
146 3530 240 3602 δήμου
259 3552 318 3586 cum
337 3535 448 3590 Canter.
468 3536 546 3587 Turr.
567 3535 653 3590 sehin
673 3527 778 3602 δήπου.
