2340 3916
286 205 379 257 ΠΕΡΙ
398 205 473 259 ΤΗΣ
491 204 646 258 ΕΑΤΤΟΤ
663 204 852 261 ΚΑΘΟΔΟΤ.
1007 208 1047 272 57

80 347 165 434 ἐμάς
192 347 372 435 συμφοράς
399 347 453 415 ἐπὶ
472 347 575 415 παντὶ
595 344 786 436 ὀνειδίζειν,
809 350 994 419 καὶταῦτα
1014 352 1049 420 έν

78 447 187 518 εἰδόσι
211 448 322 536 δήπου
341 447 480 517 κάλλιον
497 446 601 536 ῦμῖν,
626 446 710 519 ὥστε
727 448 835 537 μηδὲν
857 447 901 519 διν
918 450 1050 521 τοότων

77 556 218 629 δικαίως
231 548 330 637 τιμήν
344 548 462 629 αὐτοῖς
475 576 551 619 τινα
565 550 689 640 φέρειν.
717 552 791 638 ἐμοὶ
804 553 861 639 δέ,
876 543 902 620 τῦ
916 549 1050 643 ἄνδρες,

78 652 137 720 καὶ
156 653 202 742 τῷ
222 651 346 743 πρώτῳ
370 655 472 720 τοῦτο
490 651 621 721 εἰπόντι
638 650 752 741 ὀρθῶς
771 657 866 723 δοκεῖ
881 656 1050 743 εἰρῆσθαι,

80 751 132 822 ὅτι
150 751 273 832 πάντες
291 750 469 842 άυθρωποι
486 761 663 840 γίγνονται
678 756 734 824 ἐπὶ
747 755 795 846 τῷ
810 745 849 824 εὖ
868 756 925 824 καὶ
939 758 1050 838 κακῶς

79 854 259 943 πράττειν,
276 854 403 942 μεγάλη
423 854 462 923 δὲ
480 854 591 944 δήπου
609 856 666 924 καὶ
685 855 723 923 τό
746 856 945 947 ἐξαμαρτεῖν
963 863 1050 927 δυσ-

79 957 206 1045 πραξία
226 958 299 1025 ἐστι’
306 1009 315 1044 ,
333 959 391 1026 καὶ
410 956 498 1026 εἰσὶν
513 956 748 1044 εὐτυχέστατοι
764 957 828 1046 μέν
842 963 879 1027 ολ
895 958 1051 1045 ἐλάχιστα
1067 978 1084 1029 6

81 1057 387 1148 ἐξαμαρτάνοντες,
419 1060 691 1148 σωφρονέστατοι
723 1057 762 1128 δὲ
786 1067 823 1130 οῖ
846 1055 891 1129 άν
914 1059 1051 1148 τάχιστα

80 1159 387 1246 μεταγιγνώσκωσι.
415 1161 473 1229 καὶ
489 1162 598 1230 ταῦτα
616 1158 657 1229 οό
678 1163 881 1282 διακέκριται
898 1177 970 1243 τοῖς
988 1162 1051 1251 μὲν

80 1269 262 1347 γίγνεσθαι
279 1260 407 1342 τοῖςδέ
424 1261 489 1349 μή,
507 1260 583 1331 ἀλλ’
603 1267 692 1331 ἔστιν
712 1265 809 1355 ἐντῷ
828 1265 930 1356 κοινῷ
948 1267 1051 1333 πᾶσιν

80 1361 280 1452 άνθράποις
298 1365 355 1432 καὶ
376 1364 573 1454 ἐξαμαρτεῖν
590 1390 622 1431 τι
639 1363 697 1433 καὶ
710 1367 822 1445 κακός
841 1333 1028 1456 πράΪξαι
1003 1392 1052 1435 ων

81 1454 233 1552 ἕνεκα,
208 1491 234 1532 ω
239 1459 436 1589 Ἀθηνριῖοι,
450 1493 465 1534 ε
469 1463 723 1555 ἰάνθρωπίνως
734 1467 811 1555 περὶ
827 1469 909 1555 ἐμοῦ
923 1466 1052 1554 γιγνά-

81 1584 208 1653 σκοιτε,
234 1562 365 1654 εῖητε’“
346 1593 389 1635 αν
403 1564 536 1690 άνδρες
560 1564 876 1656 εὐγνωμονέστεροι.
919 1567 960 1637 οῦ
984 1571 1051 1659 γάρ

80 1668 219 1754 φθόνου
245 1662 418 1754 μάλλου’“
400 1696 419 1756 η
444 1678 561 1738 οῖκτου
581 1665 657 1750 άξιά
681 1676 743 1756 μοί
759 1671 827 1738 ἐστι
844 1669 886 1738 τά
910 1696 1051 1759 γεγενη-
1125 1686 1128 1691 “

79 1769 181 1856 μένα·
208 1765 246 1848 ὃς
270 1775 318 1849 εἰς
336 1772 501 1839 τοσοῦτον
523 1760 631 1856 ήλθον
655 1771 715 1857 τῆς
734 1772 882 1858 ἐμαυτοῦ
908 1773 1084 1840 δυσδαι-ἰ

74 1878 221 1958 μανίας,
247 1879 314 1940 εἴτε
339 1871 402 1961 χρή
420 1877 529 1941 εἰπεῖν
547 1870 685 1959 νεότητί
699 1898 734 1940 τε
758 1873 816 1940 καὶ
840 1870 962 1962 άνοίρι,
986 1882 1052 1942 εἴτε

80 1973 139 2040 καὶ
164 1972 307 2060 δυνάμει
330 1974 400 2042 τῶν
419 1973 608 2042 πεισάντων
625 1999 666 2061 με
691 1974 806 2043 ἐλθεῖν
825 1981 875 2054 είς
892 1973 1052 2063 τοιαύτην
1145 2002 1150 2009 ·

83 2073 268 2162 συμφοράν
286 2077 356 2143 τῶν
375 2078 533 2169 φρενῶν,
553 2071 634 2143 ὥστ’
653 2071 807 2163 άνάγκην
820 2102 876 2164 μοι
893 2077 1053 2162 γενέσθαι

81 2180 184 2244 δυοῖν
203 2189 323 2245 κακοῖν
341 2191 416 2245 τοῖν
433 2183 606 2265 μεγίστοιν
623 2176 771 2267 θάτερον
792 2178 944 2264 έλέσθαι,
968 2173 989 2266 ή
1006 2176 1052 2266 μή

80 2277 287 2366 βουληθέντι
300 2293 470 2348 κατειπεῖν
482 2278 564 2359 τοῦς
578 2279 686 2347 ταῦτα
700 2279 904 2366 ποιήσαντας
918 2277 959 2348 οῦ
974 2281 1053 2365 περὶ

83 2380 164 2466 ἐμοῦ
190 2378 300 2466 μόνου
319 2378 505 2469 ὀρρωδεῖν,
532 2389 567 2448 εἴ
579 2406 610 2448 τι
637 2385 702 2449 έδει
719 2392 864 2468 παθεῖν,
887 2377 975 2450 άλλὰ
993 2383 1052 2450 καὶ

82 2480 142 2549 τὸν
157 2482 285 2569 πατέρα
299 2480 404 2550 οῦδὲν
419 2478 605 2550 άδικοῦντα
620 2480 686 2549 σῦν
702 2483 837 2574 ἐμαυτῷ
856 2479 1052 2551 ἀποκτεῖναι

85 2621 129 2630 -
151 2579 232 2670 ὅπερ
251 2579 382 2670 ἀνάγκη
401 2593 527 2653 παθεῖν
545 2574 589 2670 ήν
607 2579 721 2674 αὐτῷ,
748 2589 781 2652 εἰ
798 2581 865 2669 ἐγώ
884 2582 929 2670 μή
950 2583 1052 2670 έβον-

81 2684 188 2772 λόμην
212 2686 319 2752 ταῦτα
343 2687 478 2772 ποιήσαι
496 2722 564 2772 -,
587 2679 609 2772 ή
631 2682 822 2754 κατειπόντι
844 2683 885 2752 τά
910 2709 1049 2772 γεγενη-

81 2787 168 2872 μένα
199 2784 305 2854 αὐτόν
336 2785 400 2874 μὲν
429 2785 603 2874 άφεθέντα
634 2785 679 2873 μή
706 2785 888 2874 τεθνάναι,
918 2786 980 2854 τοῦ
1013 2784 1052 2856 δὲ

152 2986 176 3034 5.
171 2977 269 3063 υμῖν
286 2984 333 3035 ΑΒ
352 2984 418 3034 Bk:
432 2976 565 3063 ήμῖν.-
531 2980 627 3034 -καλ
648 2987 713 3034 ante
730 2981 769 3034 τῦ
788 2975 888 3049 προέτω
907 2981 960 3035 del.
973 2983 1052 3065 Emp.

81 3076 114 3087 -
134 3049 219 3103 τοῦτο
237 3052 284 3102 ΑΒ
302 3052 369 3104 Bk:
388 3043 541 3118 vooehtpn-
507 3043 632 3102 -έπὶ
626 3049 664 3129 tq}
682 3050 729 3102 ΑΒ
748 3035 815 3105 Bk:
835 3042 870 3102 έπ
871 3037 937 3102 λ
906 3066 1001 3103 το.-
1020 3037 1052 3103 εὖ

82 3116 131 3169 καὶ
151 3104 512 3197 κακῶςπράττεινΑΕΙτα
532 3105 565 3170 εὖ
583 3102 793 3186 κακῦςπρΑΒ
814 3106 845 3170 εῦ
863 3134 911 3182 πρ.
925 3117 1048 3173 κακοῖν

151 3188 174 3240 6
194 3179 441 3253 μεταγινώσκουσι
459 3187 537 3236 ΔΒΖ.

151 3256 174 3305 7.
192 3254 269 3308 Fort
288 3271 349 3305 eum
367 3255 481 3308 Frohb.:
500 3239 595 3320 ήλθον
615 3251 697 3313 δυςδ.
709 3279 788 3290 --
805 3245 894 3328 άνοίρι
912 3254 947 3323 τῇ
966 3247 1052 3318 ἐμαυ-

85 3319 192 3376 τοῦ-
214 3318 398 3403 βουληθέντα
411 3323 494 3386 ΑΒΖ
500 3272 587 3400 ηηαοδ
604 3321 659 3372 def.
672 3320 727 3386 Kl,
747 3322 796 3374 sed
815 3323 850 3374 ef.
863 3306 939 3374 infra
957 3336 1053 3373 κατει-

82 3405 175 3508 θέλ
191 3358 669 3540 ελέλῖἵτ”φλλελλέέλῗολ“
637 3456 676 3528 τῷ
663 3359 906 3517 Wisslaessffl
924 3391 1052 3520 ἶῗ”ἕφέἰ

83 3519 180 3577 θέντα
198 3524 233 3575 Ad
252 3531 280 3575 οῖ
297 3541 357 3575 cum
375 3515 638 3589 Β.Β1τ.ιάφέντα.
