2340 3916
325 251 448 308 ΚΑΤΑ
470 253 850 316 ΚΤΗΣΙΦΩΝΤΟΣ.
999 260 1060 322 161

112 407 178 493 άρα
197 417 335 494 Θηβαῖοι
354 408 416 496 τήν
432 418 618 495 συμμαχίαν
635 410 715 497 ὑμῖν
732 417 929 503 ἐποιήσαντο
946 419 987 487 οὐ
1006 421 1060 488 διά

112 505 171 573 τὸν
182 507 316 592 καιρὸν,
336 505 377 574 οὐ
389 506 441 573 διά
453 505 513 574 τὸν
524 508 635 593 φόβου
644 506 704 577 τὸν
714 513 913 594 περιστάντα
925 514 1058 601 αὐτοὺς,

50 617 95 671 138
112 605 152 672 οὐ
165 605 218 673 διά
236 605 297 691 τήν
311 603 475 690 ὑμετέραν
492 604 609 690 δόξαν,
631 603 715 673 άλλά
734 605 788 675 διά
806 610 865 688 τὰς
879 616 1060 698 Δημοσθέ-

113 733 193 784 νους
209 712 418 792 δημηγορίας.
451 709 557 770 καίτοι
574 702 698 784 πολλάς
713 705 775 791 μὲν
793 706 958 791 πρότερον
978 733 1060 792 πρε·
1075 739 1125 797 ⁵31

111 811 221 891 σβείας
232 807 458 889 ἐπρέσβευσαν
469 809 515 880 είς
522 802 633 888 Θήβας
641 806 675 870 οἱ
682 804 823 888 μάλιστα
835 810 963 885 οἰκείως
973 809 1059 874 ἐκεί-

111 929 181 981 νοις
192 906 407 986 διακείμενοι,
430 909 559 985 πρωτος
569 900 630 986 μὲν
644 901 883 987 Θρασύβουλος
894 900 911 969 ὁ
924 910 1058 970 Κολλυ-

110 1000 194 1085 τεὺς,
207 998 293 1086 άνήρ
305 1003 341 1067 ἐν
348 999 473 1086 Θήβαις
484 1000 673 1077 πιστευθεὶς
685 997 730 1077 ὦς
740 998 849 1078 οὐδεὶς
859 1003 979 1087 ἕτερος,
992 1000 1057 1068 πά-

110 1112 163 1167 λιν
174 1099 318 1182 Θράσων
330 1095 515 1183 ὁἘρχιεύς,
534 1099 693 1183 πρόξενος
706 1093 754 1165 ε’ίυ
767 1105 938 1185 Θηβαίοις,
960 1106 1056 1167 Λεω-

50 1207 91 1260 ὶ39
109 1196 213 1280 δάμας
234 1192 252 1262 ὁ
268 1194 457 1280 Ἀχαρνεὺς,
486 1193 548 1281 οὐχ
567 1189 666 1282 ήττον
686 1198 928 1282 Δημοσθένους
949 1200 1056 1284 λέγειν

110 1292 310 1378 δυνάμενος,
333 1290 403 1360 ἄλλ’
414 1299 523 1378 ἔμοιγε
540 1295 595 1360 καὶ
606 1289 725 1379 ἡδίων,
747 1292 1053 1383 ἈρχίδημοςὸΠή-

108 1395 182 1476 ληξ,
197 1392 261 1458 ’καὶ
278 1392 419 1470 δυνατὸς
436 1397 540 1459 είπεῑν
552 1393 606 1458 καὶ
618 1389 722 1459 πολλά
740 1394 1006 1472 κεκινδυνευκὼς
1017 1398 1053 1461 ἐν
1072 1427 1123 1481 532

106 1502 147 1582 τῇ
169 1498 313 1579 πολιτεία
338 1488 391 1558 διὰ
412 1498 593 1578 Θηβαίους,
613 1490 817 1578 Ἀριστοφῶν
838 1491 856 1560 ὁ
879 1490 1052 1581 Ἀζηνιεὺς,

107 1599 259 1658 πλεῖστον
270 1588 392 1674 χρόνον
414 1586 475 1675 τήν
496 1596 557 1656 τοῦ
578 1591 781 1675 βοιωτιάζειν
799 1587 979 1676 ὑπομείνας
1000 1599 1052 1659 αι’-

107 1697 195 1777 τίαν,
207 1690 430 1774 Πύρρανδρος
440 1685 458 1756 ὁ
469 1686 720 1774 Ἀναφλύστιος,
734 1686 770 1766 ὃς
788 1695 835 1756 ἔτι
852 1690 906 1757 καὶ
922 1697 988 1757 νῦν
1005 1695 1051 1775 ζῇ.

106 1786 174 1856 ἀλλ’
187 1787 276 1874 ὅμως
293 1785 402 1866 οὐδεὶς
416 1786 547 1855 πάποτε
564 1784 688 1866 αὐτούς
704 1786 853 1872 ἐδυνήθη
865 1792 1053 1873 προτρέψα-

107 1898 186 1953 σθαι
199 1893 245 1965 είς
255 1884 318 1972 τήν
328 1883 492 1970 ὑμετέραν
509 1890 632 1970 φιλίοιυ.
665 1880 702 1951 τό
721 1881 754 1950 δ’
766 1894 872 1952 αίτιον
889 1884 963 1953 οἶδα
979 1886 1050 1971 μὲν,

56 1998 90 2050 40
108 1990 216 2070 λέγειν
233 1982 264 2051 δ’
277 1982 379 2052 οὐδὲν
394 1986 508 2070 δέομαι
526 1981 579 2050 διὰ
591 1981 649 2062 τάς
665 1982 799 2068 άτυχίας
814 1980 935 2050 αὐτῶν.
970 1980 1050 2068 ἀλλ’,

108 2084 213 2170 οἶμαι,
236 2080 346 2170 ἐπειδή
366 2090 529 2161 Φίλιππος
550 2079 664 2149 αὐτῶν
684 2079 890 2167 ἀφελόμενος
906 2089 1052 2149 Νίκαιαν

107 2190 280 2260 Θετταλοῖς
295 2184 482 2266 παρέδωκε,
503 2178 634 2248 καὶτὸν
650 2180 812 2266 πόλεμον,
837 2174 877 2247 ὃν
888 2180 1052 2265 πρότερον
1072 2190 1074 2194 ’

106 2280 263 2366 ἐξήλασεν
286 2281 321 2347 ἐκ
343 2287 400 2365 τῆς
416 2279 524 2365 χώρας
541 2285 599 2364 τής
615 2285 787 2363 Βοιωτῶν,
809 2284 930 2344 τοῦτον
951 2277 1051 2347 πάλιν

106 2378 166 2447 τὸν
177 2376 281 2446 αὐτὸν
299 2379 444 2462 πόλεμον
460 2377 604 2462 ἐπήγαγε
620 2374 675 2442 διά
693 2384 750 2463 τῆς
761 2377 912 2452 Φωκίδος
928 2372 975 2441 ἐπ’
987 2373 1051 2442 αὕ-

105 2477 230 2556 τάςτάς
242 2476 370 2562 Θήβας,
393 2475 447 2542 καὶ
465 2471 502 2540 τὸ
519 2482 708 2540 τελευταῖον
721 2471 888 2539 Ἐλάτειαν
905 2480 1050 2539 καταλα-

106 2575 177 2660 βὼν
189 2575 376 2658 ἐχαράκωσε
387 2573 441 2638 καὶ
453 2569 609 2655 φρουράν
620 2570 792 2656 εἰσήγαγεν
798 2600 817 2654 ,·
827 2568 962 2648 ἐνταῦθ’
974 2569 1048 2657 ήδη,

106 2674 175 2739 ἐπεὶ
189 2669 225 2737 τὸ
237 2668 349 2737 δεινὸν
360 2666 473 2737 αὐτῶν
482 2666 617 2756 ήπτετο,
637 2670 884 2754 μετεπέμψαντο
894 2666 1050 2755 Ἀθηναί·

105 2796 180 2852 ους,
201 2769 255 2836 καὶ
267 2765 358 2853 ὑμεῖς
374 2768 528 2853 ἐξήλθετε
544 2768 598 2834 καί
610 2766 746 2853 είσήειτε
765 2771 810 2844 είς
821 2762 878 2844 τάς
890 2766 1002 2852 Θήβας
1011 2770 1049 2833 ἐν

104 2883 171 2946 τοῖς
183 2865 298 2944 ὅπλοις
308 2869 593 2951 διεσκευασμένοι,
611 2866 666 2933 καὶ
679 2869 713 2932 οί
721 2868 828 2942 ἱππεῖς
839 2865 894 2932 καὶ
906 2868 939 2931 οί
948 2866 1046 2949 πεζοὶ,

104 2969 183 3048 πρὶν
202 2966 277 3048 περὶ
300 2972 483 3051 συμμαχίας
505 2971 584 3049 μίαν
604 2964 711 3052 μόνην
731 2963 902 3050 συλλαβήν
922 2964 1047 3048 γράψαι

54 3092 82 3143 ι]
102 3069 336 3151 Δημοσθένην.
358 3061 375 3131 ὁ
388 3061 419 3130 δ’
432 3063 574 3148 εἰσάγων
583 3055 627 3150 ήν
637 3061 722 3149 ὑμᾶς
733 3067 778 3141 είς
786 3057 843 3138 τάς
851 3060 963 3148 Θήβας
974 3088 1048 3127 και-
1062 3082 1114 3137 533

104 3163 161 3246 ρός
177 3164 232 3232 καὶ
249 3165 355 3250 φόβος
372 3163 427 3231 καὶ
451 3169 541 3247 χρεία
560 3169 760 3248 συμμαχίας,
782 3156 850 3228 ἀλλ’
869 3157 911 3226 οὐ
930 3169 1046 3247 Δημο-

103 3265 243 3346 σθένης,
262 3261 329 3328 ἐπεὶ
340 3266 419 3343 περί
432 3285 467 3343 γε
480 3260 600 3337 ταύτας
610 3256 669 3338 τάς
680 3258 812 3342 πράξεις
822 3263 896 3339 τρία
906 3255 946 3322 τά
959 3256 1043 3324 πάν-

102 3384 169 3423 των
180 3361 316 3443 μέγιστα
325 3359 547 3442 Δημοσθένης
558 3361 603 3434 είς
614 3353 701 3440 ὑμᾶς
711 3354 928 3439 ἐξημάρτηκε,
953 3360 1045 3439 πρῶ·

100 3482 160 3522 τον
176 3457 253 3539 μὲν,
275 3453 327 3522 ὅτι
339 3461 507 3522 Φιλίππου
523 3461 570 3541 τῷ
587 3453 647 3539 μὲν
664 3449 802 3537 ὀνόματι
822 3458 1053 3535 πολεμοῦντος

142 3552 301 3604 Amemus.
863 3538 916 3598 XX
