2340 3916
149 164 210 227 ,100
496 168 754 227 A12X1NOY

149 331 248 409 δεῦρο
263 324 364 395 έπὶτδ
382 335 488 414 βήμα,
511 330 565 394 καὶ
584 327 644 414 τήν
654 335 722 396 τάν
733 334 973 418 συμπρέσβεων
984 331 1104 419 ἀναγί·

149 446 277 510 γνωσκε
287 432 482 511 μαρτυρίαν.

350 531 593 593 MAPTYPIA.
617 532 898 596 ΠΡΟΚΛΗΣῙΣ.

230 622 355 710 Ἐπειδή
375 630 492 691 τοίνυν
508 621 549 690 ού
569 626 693 708 δέχεται
704 623 765 711 τήν
776 626 960 713 πρόκλησιν
971 626 1046 695 οὐδ’
1059 629 1102 696 ἀν
1122 651 1170 702 12.

78 745 132 802 293
149 744 251 808 φησιν
269 725 306 790 ἐν
321 722 481 810 βασάνοις
504 720 727 807 ἀνδραπόδων
749 725 923 810 γενέσθαι,
945 730 1029 815 λαβέ
1046 754 1103 813 μοι

147 819 209 907 τήν
220 819 396 909 ἐπιστολήν
413 820 552 907 ταύτην,
579 819 650 907 ήνὸ
664 829 826 902 Φίλιππος
843 829 976 909 έπεμψε.
999 829 1102 912 δῆλον

147 919 211 1006 γάρ
222 919 272 989 ὅτι
282 922 409 1007 μεγάλα
420 919 481 1006 τήν
493 919 591 987 πόλιν
602 925 869 1006 παραλογίζεται,
883 918 928 988 δι’
940 918 984 1008 ήν
996 919 1103 1008 ήγρυ-

147 1028 298 1107 πνούμεν
309 1019 506 1106 γράφοντες.

495 1124 739 1184 ΕΠΙΣΤΟΛΗ

227 1213 394 1295 Ἀκούετε,
413 1207 589 1300 ἀάνδρες,
608 1213 659 1283 ὅτι
676 1213 777 1301 ,τούς
789 1214 912 1301 ὅρκους
922 1212 1100 1282 ἀπέδωκα(ι
1121 1231 1167 1283 12·

149 1316 230 1401 φησὶ
246 1329 337 1401 ,τοῖς
353 1311 522 1400 ὑμετέροις
542 1317 734 1401 πρέσβεσι,“
756 1317 898 1383 καὶτῶν
917 1315 1101 1401 συμμάχων

78 1433 131 1490 α99
147 1421 216 1481 τῶν
233 1415 355 1481 ἑαυτοῦ
371 1411 450 1493 τούς
469 1417 759 1500 παραγενομένους
776 1411 849 1480 κατ’
861 1411 968 1498 ὄνομα
979 1415 1101 1498 γέγρα-

149 1539 208 1600 φε,
221 1515 275 1580 καὶ
286 1510 409 1592 αύτούς
419 1516 474 1581 καῖ
485 1514 544 1593 τάς
554 1513 666 1592 πόλεις
676 1511 805 1600 αὐτῶν,
823 1513 902 1592 τούς
915 1511 944 1580 δ’
960 1509 1101 1598 ὑστερή-

28 1606 33 1614 ’
148 1635 269 1692 σαντας
288 1621 357 1680 τοῖν
375 1614 558 1700 συμμάχων
580 1611 773 1680 ἀποστελεῖν
795 1635 877 1698 φησι
899 1610 983 1697 πρὸς
1003 1609 1099 1697 ὑμᾶς.

147 1710 240 1778 ταῦτ’
262 1705 326 1780 οὖν
343 1711 405 1779 ούκ
424 1710 467 1779 ἀν
485 1721 597 1781 οίεσθε
616 1711 785 1780 δύνασθαι
795 1711 920 1798 γράψαι
933 1717 1100 1777 Φίλιππον
1156 1740 1160 1747 ·

147 1808 226 1896 μεθ’
239 1809 366 1897 ἡμέραν
378 1810 459 1879 ἀνευ
470 1814 568 1897 έμοῦ;

230 1907 316 1978 Ἀλλ’
337 1917 447 1997 ἔμοιγε
466 1909 506 1997 νή
526 1909 605 1990 τούς
624 1908 728 1990 θεούς
750 1908 864 1978 ούτοσῖ
888 1914 978 1978 δοκεῖ
998 1916 1096 1975 τοῦτο
1118 1918 1164 1973 13

148 2009 254 2094 μόνον
272 2016 477 2094 λογίζεσθαι,
501 2009 592 2091 ὅπως
608 2008 730 2097 μεταξύ
749 2014 856 2096 λέγων
873 2007 1099 2094 εὐδοκιμήσει·

149 2113 178 2176 εί
189 2108 224 2177 δὲ
235 2106 357 2193 μικρὸν
367 2104 511 2194 ἐπισχών
528 2108 616 2189 δόξει
627 2108 851 2194 πονηρότατος
859 2104 1100 2194 τῶνἙλλήνων

149 2206 247 2292 εἶναι,
271 2202 350 2273 οὐδὲ
366 2203 486 2290 μικρὸν
503 2210 678 2291 φροντίζει.
699 2213 733 2272 τί
747 2204 812 2292 γάρ
829 2202 872 2271 ἀν
889 2231 937 2283 τις
959 2203 1100 2293 τοιούτῳ

148 2305 353 2373 πιστεύσειεν
365 2303 553 2396 ἀνθράπη),
572 2300 609 2384 δς
620 2307 824 2391 ἐγκεχείρηκε
834 2306 958 2389 λέγειν,
982 2301 1099 2383 άςΦί-

148 2413 268 2483 λιππος
279 2403 320 2471 ού
331 2419 398 2482 τοῖς
408 2402 514 2472 αύτοῠ
526 2405 807 2492 στρατηγήμασιν,
834 2402 917 2472 ἀλλά
929 2417 998 2482 ταῖς
1008 2406 1101 2490 έμαῖς

149 2510 362 2592 δημηγορίαις
373 2514 450 2573 είσω
462 2512 588 2572 Πυλῶν
599 2511 767 2590 παρῆλθες
789 2505 844 2571 καί
853 2504 1013 2588 λογισμόν
1025 2530 1099 2570 τινα

147 2601 279 2690 ἡμερῶν
287 2614 525 2690 συνηριθμεῖτο
537 2601 620 2690 πρὸς
631 2601 727 2688 ύμάς,
738 2606 776 2670 έν
787 2599 837 2680 αἷς
846 2602 909 2687 ἐγω
919 2603 981 2687 μὲν
991 2598 1101 2687 ἀπήγ-

145 2711 266 2788 γελλον
289 2703 351 2789 τήν
368 2711 563 2791 πρεσβείαν,
587 2707 622 2770 οῖ
637 2702 672 2770 δέ
691 2708 862 2769 Φαλαίκου
879 2708 938 2768 τοῦ
953 2704 1099 2768 Φωκέων

11 2876 16 2885 ,
76 2821 129 2879 ³00
146 2801 316 2885 τυράννου
336 2804 584 2889 δρομοκήρυκες
595 2799 759 2870 τάνθένδε
776 2805 881 2870 ἐκεῖσε
892 2801 1098 2887 διήγγελλον,

146 2901 381 2981 πιστεύσαντες
399 2907 435 2969 δὲ
457 2905 491 2969 οἱ
511 2909 637 2980 Φωκεῖς
657 2904 730 2988 ἐμοὶ
751 2912 828 2970 είσω
849 2910 975 2970 Πυλῶν
995 2900 1100 2969 αύτδν

146 3004 366 3083 παρεδέξαντο
389 3004 445 3069 καὶ
465 2999 524 3080 τάς
545 3004 656 3080 πόλεις
677 3001 737 3081 τάς
760 3000 872 3070 αὑτῶν
900 3005 1099 3088 παρέδοσαν.

144 3112 247 3172 ταῦτα
259 3105 320 3189 μὲν
332 3096 395 3172 οὖν
406 3099 423 3170 ὁ
435 3104 617 3191 κατήγορος
627 3105 860 3191 μεμηχάνηται,
874 3102 914 3171 τά
926 3101 956 3170 δ’
973 3108 1009 3172 έν
1021 3112 1099 3173 Φω-
1119 3121 1166 3174 131

147 3211 242 3270 κεύσι
253 3201 422 3288 διεφθάρη
440 3201 614 3289 πράγματα
626 3205 833 3289 πρῶτονμὲν
846 3200 898 3271 διά
911 3200 973 3289 τήν
983 3202 1098 3290 τύχην,

143 3299 166 3387 ή
181 3303 317 3368 πάντων
329 3303 395 3368 ἐστὶ
413 3309 528 3388 κυρία,
552 3309 662 3370 ἔπειτα
674 3302 728 3370 διά
739 3300 776 3370 τό
787 3311 892 3389 μήκος
903 3309 964 3371 τοῦ
973 3303 1099 3389 χρόνον

144 3401 271 3468 καὶτὸν
287 3404 424 3487 δεκαετῆ
441 3401 595 3488 πόλεμον.
619 3401 656 3469 τό
673 3398 738 3487 γάρ
756 3398 837 3468 αύτδ
855 3401 979 3487 ηύξησέ
987 3428 1021 3468 τε
1032 3410 1100 3470 τοῖν
