<?xml version="1.0" encoding="UTF-8"?>
<!DOCTYPE html PUBLIC "-//W3C//DTD XHTML 1.0 Transitional//EN"
    "http://www.w3.org/TR/xhtml1/DTD/xhtml1-transitional.dtd">
<html xmlns="http://www.w3.org/1999/xhtml" xml:lang="en" lang="en">
 <head>
  <title>
</title>
<meta http-equiv="Content-Type" content="text/html;charset=utf-8" />
  <meta name='ocr-system' content='tesseract 3.04.00' />
  <meta name='ocr-capabilities' content='ocr_page ocr_carea ocr_par ocr_line ocrx_word'/>
</head>
<body>
  <div class='ocr_page' id='page_1' title='image "./orationescumali00isaegoog/orationescumali00isaegoog_0395.png"; bbox 0 0 2340 3916; ppageno 0'>
   <div class='ocr_carea' id='block_1_1' title="bbox 149 193 743 258">
    <p class='ocr_par' dir='ltr' id='par_1_1' title="bbox 149 193 743 258">
     <span class='ocr_line' id='line_1_1' title="bbox 149 193 743 258; baseline -0.002 -13"><span class='ocrx_word' id='word_1_1' title='bbox 149 194 191 258; x_wconf 75' lang='lat'><strong><em>28</em></strong></span> <span class='ocrx_word' id='word_1_2' title='bbox 524 193 743 246; x_wconf 71' lang='grc' dir='ltr'><strong><em>Δεταεεκοε</em></strong></span> 
     </span>
    </p>
   </div>
   <div class='ocr_carea' id='block_1_2' title="bbox 150 349 1126 869">
    <p class='ocr_par' dir='ltr' id='par_1_2' title="bbox 150 349 1126 869">
     <span class='ocr_line' id='line_1_2' title="bbox 150 349 1124 442; baseline -0.003 -21"><span class='ocrx_word' id='word_1_3' title='bbox 150 359 306 442; x_wconf 89' lang='grc' dir='ltr'><strong><em>χρυσίον,</em></strong></span> <span class='ocrx_word' id='word_1_4' title='bbox 329 349 349 439; x_wconf 75' lang='grc' dir='ltr'>ἢ</span> <span class='ocrx_word' id='word_1_5' title='bbox 368 351 447 432; x_wconf 85' lang='grc' dir='ltr'><strong><em>τοὺς</em></strong></span> <span class='ocrx_word' id='word_1_6' title='bbox 470 351 531 439; x_wconf 76' lang='grc' dir='ltr'><strong><em>μέν</em></strong></span> <span class='ocrx_word' id='word_1_7' title='bbox 554 349 675 432; x_wconf 85' lang='grc' dir='ltr'><strong><em>άλλους</em></strong></span> <span class='ocrx_word' id='word_1_8' title='bbox 698 349 762 420; x_wconf 90' lang='grc' dir='ltr'><strong><em>άπὸ</em></strong></span> <span class='ocrx_word' id='word_1_9' title='bbox 782 353 849 419; x_wconf 79' lang='grc' dir='ltr'><strong><em>τῶν</em></strong></span> <span class='ocrx_word' id='word_1_10' title='bbox 874 356 971 419; x_wconf 98' lang='grc' dir='ltr'><strong><em>ἰδίων</em></strong></span> <span class='ocrx_word' id='word_1_11' title='bbox 995 351 1124 438; x_wconf 82' lang='grc' dir='ltr'><strong><em>κτημά-</em></strong></span> 
     </span>
     <span class='ocr_line' id='line_1_3' title="bbox 151 455 1126 546; baseline -0.001 -20"><span class='ocrx_word' id='word_1_12' title='bbox 151 487 218 527; x_wconf 93' lang='grc' dir='ltr'><strong><em>των</em></strong></span> <span class='ocrx_word' id='word_1_13' title='bbox 242 461 381 526; x_wconf 77' lang='grc' dir='ltr'><strong><em>ἕκαστον</em></strong></span> <span class='ocrx_word' id='word_1_14' title='bbox 405 459 573 546; x_wconf 80' lang='grc' dir='ltr'><strong><em>εἰσφέρειν</em></strong></span> <span class='ocrx_word' id='word_1_15' title='bbox 595 458 650 525; x_wconf 84' lang='grc' dir='ltr'><strong><em>καὶ</em></strong></span> <span class='ocrx_word' id='word_1_16' title='bbox 673 457 916 544; x_wconf 83' lang='grc' dir='ltr'><strong><em>καταχωνεύειν</em></strong></span> <span class='ocrx_word' id='word_1_17' title='bbox 943 455 1004 526; x_wconf 86' lang='grc' dir='ltr'><strong><em>τὸν</em></strong></span> <span class='ocrx_word' id='word_1_18' title='bbox 1029 463 1126 527; x_wconf 80' lang='grc' dir='ltr'><strong><em>ι”διον</em></strong></span> 
     </span>
     <span class='ocr_line' id='line_1_4' title="bbox 151 562 1124 652; baseline -0.002 -20"><span class='ocrx_word' id='word_1_19' title='bbox 151 565 278 652; x_wconf 84' lang='grc' dir='ltr'><strong><em>κόσμον</em></strong></span> <span class='ocrx_word' id='word_1_20' title='bbox 301 568 368 633; x_wconf 79' lang='grc' dir='ltr'><strong><em>τῶν</em></strong></span> <span class='ocrx_word' id='word_1_21' title='bbox 392 566 563 651; x_wconf 76' lang='grc' dir='ltr'><strong><em>γυναικῶν</em></strong></span> <span class='ocrx_word' id='word_1_22' title='bbox 586 564 641 631; x_wconf 86' lang='grc' dir='ltr'><strong><em>καί</em></strong></span> <span class='ocrx_word' id='word_1_23' title='bbox 669 562 709 631; x_wconf 86' lang='grc' dir='ltr'><strong><em>τά</em></strong></span> <span class='ocrx_word' id='word_1_24' title='bbox 733 563 909 650; x_wconf 81' lang='grc' dir='ltr'><strong><em>έκπιόματα</em></strong></span> <span class='ocrx_word' id='word_1_25' title='bbox 931 564 987 632; x_wconf 85' lang='grc' dir='ltr'><strong><em>καί</em></strong></span> <span class='ocrx_word' id='word_1_26' title='bbox 1010 564 1124 632; x_wconf 87' lang='grc' dir='ltr'><strong><em>πάντα</em></strong></span> 
     </span>
     <span class='ocr_line' id='line_1_5' title="bbox 151 666 1124 760; baseline 0 -22"><span class='ocrx_word' id='word_1_27' title='bbox 151 670 191 738; x_wconf 84' lang='grc' dir='ltr'><strong><em>τά</em></strong></span> <span class='ocrx_word' id='word_1_28' title='bbox 210 674 247 739; x_wconf 90' lang='grc' dir='ltr'><strong><em>έν</em></strong></span> <span class='ocrx_word' id='word_1_29' title='bbox 265 674 305 759; x_wconf 75' lang='grc' dir='ltr'><strong><em>τῇ</em></strong></span> <span class='ocrx_word' id='word_1_30' title='bbox 324 670 415 760; x_wconf 81' lang='grc' dir='ltr'><strong><em>χάρρι</em></strong></span> <span class='ocrx_word' id='word_1_31' title='bbox 434 667 635 757; x_wconf 76' lang='grc' dir='ltr'><strong><em>ἀναθήματα</em></strong></span> <span class='ocrx_word' id='word_1_32' title='bbox 654 671 722 737; x_wconf 79' lang='grc' dir='ltr'><strong><em>τῶν</em></strong></span> <span class='ocrx_word' id='word_1_33' title='bbox 739 672 842 755; x_wconf 75' lang='grc' dir='ltr'><strong><em>θεῶν,</em></strong></span> <span class='ocrx_word' id='word_1_34' title='bbox 859 666 968 757; x_wconf 83' lang='grc' dir='ltr'><strong><em>ω’σπερ</em></strong></span> <span class='ocrx_word' id='word_1_35' title='bbox 983 675 1124 757; x_wconf 79' lang='grc' dir='ltr'><strong><em>έφησδα</em></strong></span> 
     </span>
     <span class='ocr_line' id='line_1_6' title="bbox 152 774 1125 869; baseline 0 -24"><span class='ocrx_word' id='word_1_36' title='bbox 152 776 194 845; x_wconf 84' lang='grc' dir='ltr'><strong><em>σὺ</em></strong></span> <span class='ocrx_word' id='word_1_37' title='bbox 218 777 375 866; x_wconf 80' lang='grc' dir='ltr'><strong><em>γράφειν,</em></strong></span> <span class='ocrx_word' id='word_1_38' title='bbox 399 774 500 869; x_wconf 82' lang='grc' dir='ltr'><strong><em>αὐτὸς</em></strong></span> <span class='ocrx_word' id='word_1_39' title='bbox 523 774 720 861; x_wconf 74' lang='grc' dir='ltr'><strong><em>εἰσενεγκὼν</em></strong></span> <span class='ocrx_word' id='word_1_40' title='bbox 742 775 948 863; x_wconf 84' lang='grc' dir='ltr'><strong><em>πεντήκοντα</em></strong></span> <span class='ocrx_word' id='word_1_41' title='bbox 972 775 1125 864; x_wconf 84' lang='grc' dir='ltr'><strong><em>δραχμάς</em></strong></span> 
     </span>
    </p>
   </div>
   <div class='ocr_carea' id='block_1_3' title="bbox 104 985 1126 2780">
    <p class='ocr_par' dir='ltr' id='par_1_3' title="bbox 104 985 1126 2780">
     <span class='ocr_line' id='line_1_7' title="bbox 152 985 1123 1078; baseline 0.002 -22"><span class='ocrx_word' id='word_1_42' title='bbox 152 992 315 1057; x_wconf 85' lang='grc' dir='ltr'><strong><em>τοσοῦτον</em></strong></span> <span class='ocrx_word' id='word_1_43' title='bbox 339 986 403 1077; x_wconf 86' lang='grc' dir='ltr'><strong><em>γὰρ</em></strong></span> <span class='ocrx_word' id='word_1_44' title='bbox 427 985 510 1056; x_wconf 82' lang='grc' dir='ltr'><strong><em>κατὰ</em></strong></span> <span class='ocrx_word' id='word_1_45' title='bbox 533 986 594 1075; x_wconf 78' lang='grc' dir='ltr'><strong><em>τὴν</em></strong></span> <span class='ocrx_word' id='word_1_46' title='bbox 617 991 782 1078; x_wconf 91' lang='grc' dir='ltr'><strong><em>προτέραν</em></strong></span> <span class='ocrx_word' id='word_1_47' title='bbox 805 985 970 1075; x_wconf 86' lang='grc' dir='ltr'><strong><em>εἰσφοράν</em></strong></span> <span class='ocrx_word' id='word_1_48' title='bbox 993 993 1123 1076; x_wconf 82' lang='grc' dir='ltr'><strong><em>εἰσενη-</em></strong></span> 
     </span>
     <span class='ocr_line' id='line_1_8' title="bbox 104 1089 1124 1184; baseline 0.002 -22"><span class='ocrx_word' id='word_1_49' title='bbox 104 1121 136 1170; x_wconf 77' lang='grc' dir='ltr'><strong><em>το</em></strong></span> <span class='ocrx_word' id='word_1_50' title='bbox 154 1093 261 1180; x_wconf 82' lang='grc' dir='ltr'><strong><em>νοχὼς</em></strong></span> <span class='ocrx_word' id='word_1_51' title='bbox 280 1103 384 1162; x_wconf 87' lang='grc' dir='ltr'><strong><em>εἰκοσι</em></strong></span> <span class='ocrx_word' id='word_1_52' title='bbox 403 1094 546 1161; x_wconf 89' lang='grc' dir='ltr'><strong><em>τάλαντα</em></strong></span> <span class='ocrx_word' id='word_1_53' title='bbox 565 1100 656 1181; x_wconf 88' lang='grc' dir='ltr'><strong><em>έχεις.</em></strong></span> <span class='ocrx_word' id='word_1_54' title='bbox 688 1089 708 1180; x_wconf 77' lang='grc' dir='ltr'><em>ἢ</em></span> <span class='ocrx_word' id='word_1_55' title='bbox 727 1103 883 1180; x_wconf 78' lang='grc' dir='ltr'><strong><em>πολεμεῖν</em></strong></span> <span class='ocrx_word' id='word_1_56' title='bbox 901 1093 962 1181; x_wconf 79' lang='grc' dir='ltr'><strong><em>μέν</em></strong></span> <span class='ocrx_word' id='word_1_57' title='bbox 980 1089 1022 1162; x_wconf 87' lang='grc' dir='ltr'><strong><em>ού</em></strong></span> <span class='ocrx_word' id='word_1_58' title='bbox 1042 1095 1124 1184; x_wconf 87' lang='grc' dir='ltr'><strong><em>γρά-</em></strong></span> 
     </span>
     <span class='ocr_line' id='line_1_9' title="bbox 152 1194 1126 1289; baseline 0.002 -21"><span class='ocrx_word' id='word_1_59' title='bbox 152 1215 241 1286; x_wconf 80' lang='grc' dir='ltr'><strong><em>φεις,</em></strong></span> <span class='ocrx_word' id='word_1_60' title='bbox 265 1196 467 1268; x_wconf 76' lang='grc' dir='ltr'><strong><em>ἀποδιδόναι</em></strong></span> <span class='ocrx_word' id='word_1_61' title='bbox 490 1199 527 1268; x_wconf 74' lang='grc' dir='ltr'><strong><em>δὲ</em></strong></span> <span class='ocrx_word' id='word_1_62' title='bbox 550 1198 689 1268; x_wconf 80' lang='grc' dir='ltr'><strong><em>κατὰτὸ</em></strong></span> <span class='ocrx_word' id='word_1_63' title='bbox 713 1201 943 1289; x_wconf 77' lang='grc' dir='ltr'><strong><em>γεγραμμένον</em></strong></span> <span class='ocrx_word' id='word_1_64' title='bbox 966 1194 1031 1268; x_wconf 81' lang='grc' dir='ltr'><strong><em>ύπὸ</em></strong></span> <span class='ocrx_word' id='word_1_65' title='bbox 1058 1204 1126 1270; x_wconf 82' lang='grc' dir='ltr'><strong><em>σού</em></strong></span> 
     </span>
     <span class='ocr_line' id='line_1_10' title="bbox 152 1302 1122 1398; baseline 0.002 -25"><span class='ocrx_word' id='word_1_66' title='bbox 152 1306 308 1393; x_wconf 76' lang='grc' dir='ltr'><strong><em>ψήφισμα</em></strong></span> <span class='ocrx_word' id='word_1_67' title='bbox 327 1306 492 1386; x_wconf 82' lang='grc' dir='ltr'><strong><em>κελεύσεις</em></strong></span> <span class='ocrx_word' id='word_1_68' title='bbox 507 1302 711 1398; x_wconf 84' lang='grc' dir='ltr'><strong><em>Ἀλεξάνδρφ</em></strong></span> <span class='ocrx_word' id='word_1_69' title='bbox 730 1304 767 1374; x_wconf 89' lang='grc' dir='ltr'><strong><em>τὸ</em></strong></span> <span class='ocrx_word' id='word_1_70' title='bbox 783 1308 1022 1393; x_wconf 80' lang='grc' dir='ltr'><strong><em>κεκομισμένον</em></strong></span> <span class='ocrx_word' id='word_1_71' title='bbox 1041 1334 1122 1396; x_wconf 88' lang='grc' dir='ltr'><strong><em>χρυ-</em></strong></span> 
     </span>
     <span class='ocr_line' id='line_1_11' title="bbox 154 1407 1124 1500; baseline 0.003 -21"><span class='ocrx_word' id='word_1_72' title='bbox 154 1418 243 1495; x_wconf 82' lang='grc' dir='ltr'><strong><em>σίον;</em></strong></span> <span class='ocrx_word' id='word_1_73' title='bbox 268 1408 394 1481; x_wconf 83' lang='grc' dir='ltr'><strong><em>ούκούν</em></strong></span> <span class='ocrx_word' id='word_1_74' title='bbox 417 1407 502 1500; x_wconf 70' lang='grc' dir='ltr'><strong><em>ὑπὲρ</em></strong></span> <span class='ocrx_word' id='word_1_75' title='bbox 525 1415 588 1479; x_wconf 85' lang='grc' dir='ltr'><strong><em>σού</em></strong></span> <span class='ocrx_word' id='word_1_76' title='bbox 611 1409 671 1480; x_wconf 87' lang='grc' dir='ltr'><strong><em>τὸν</em></strong></span> <span class='ocrx_word' id='word_1_77' title='bbox 690 1414 798 1499; x_wconf 76' lang='grc' dir='ltr'><strong><em>δῆμον</em></strong></span> <span class='ocrx_word' id='word_1_78' title='bbox 821 1409 1021 1481; x_wconf 78' lang='grc' dir='ltr'><strong><em>ἀποδιδόναι</em></strong></span> <span class='ocrx_word' id='word_1_79' title='bbox 1045 1414 1124 1500; x_wconf 80' lang='grc' dir='ltr'><strong><em>δεή-</em></strong></span> 
     </span>
     <span class='ocr_line' id='line_1_12' title="bbox 154 1513 1123 1607; baseline 0.002 -22"><span class='ocrx_word' id='word_1_80' title='bbox 154 1539 213 1586; x_wconf 92' lang='grc' dir='ltr'><strong><em>σει.</em></strong></span> <span class='ocrx_word' id='word_1_81' title='bbox 249 1519 306 1587; x_wconf 88' lang='grc' dir='ltr'><strong><em>καὶ</em></strong></span> <span class='ocrx_word' id='word_1_82' title='bbox 324 1521 391 1586; x_wconf 83' lang='grc' dir='ltr'><strong><em>ποῦ</em></strong></span> <span class='ocrx_word' id='word_1_83' title='bbox 409 1513 501 1585; x_wconf 81' lang='grc' dir='ltr'><strong><em>τοῦτ’</em></strong></span> <span class='ocrx_word' id='word_1_84' title='bbox 522 1519 591 1584; x_wconf 81' lang='grc' dir='ltr'><strong><em>ἐστὶ</em></strong></span> <span class='ocrx_word' id='word_1_85' title='bbox 611 1522 742 1586; x_wconf 89' lang='grc' dir='ltr'><strong><em>δίκαιον</em></strong></span> <span class='ocrx_word' id='word_1_86' title='bbox 765 1513 922 1606; x_wconf 79' lang='grc' dir='ltr'><strong><em>ἢκοινὸν</em></strong></span> <span class='ocrx_word' id='word_1_87' title='bbox 944 1513 965 1605; x_wconf 78' lang='grc' dir='ltr'>ἢ</span> <span class='ocrx_word' id='word_1_88' title='bbox 985 1523 1123 1607; x_wconf 80' lang='grc' dir='ltr'><strong><em>δημοτι-</em></strong></span> 
     </span>
     <span class='ocr_line' id='line_1_13' title="bbox 154 1619 1125 1713; baseline 0.003 -22"><span class='ocrx_word' id='word_1_89' title='bbox 154 1624 225 1711; x_wconf 92' lang='grc' dir='ltr'><strong><em>κόν,</em></strong></span> <span class='ocrx_word' id='word_1_90' title='bbox 244 1622 324 1704; x_wconf 81' lang='grc' dir='ltr'><strong><em>τοὺς</em></strong></span> <span class='ocrx_word' id='word_1_91' title='bbox 338 1623 398 1711; x_wconf 80' lang='grc' dir='ltr'><strong><em>μὲν</em></strong></span> <span class='ocrx_word' id='word_1_92' title='bbox 413 1625 653 1712; x_wconf 78' lang='grc' dir='ltr'><strong><em>ἐργαζομένους</em></strong></span> <span class='ocrx_word' id='word_1_93' title='bbox 667 1625 846 1711; x_wconf 79' lang='grc' dir='ltr'><strong><em>εἰσφέρειν,</em></strong></span> <span class='ocrx_word' id='word_1_94' title='bbox 862 1623 898 1692; x_wconf 75' lang='grc' dir='ltr'><strong><em>σέ</em></strong></span> <span class='ocrx_word' id='word_1_95' title='bbox 914 1624 951 1693; x_wconf 76' lang='grc' dir='ltr'><strong><em>δὲ</em></strong></span> <span class='ocrx_word' id='word_1_96' title='bbox 965 1619 1125 1713; x_wconf 75' lang='grc' dir='ltr'><strong><em>ἁρπάζειν</em></strong></span> 
     </span>
     <span class='ocr_line' id='line_1_14' title="bbox 153 1727 1126 1820; baseline 0.002 -22"><span class='ocrx_word' id='word_1_97' title='bbox 153 1732 209 1798; x_wconf 85' lang='grc' dir='ltr'><strong><em>καὶ</em></strong></span> <span class='ocrx_word' id='word_1_98' title='bbox 232 1732 398 1811; x_wconf 70' lang='grc' dir='ltr'><strong><em>κλέπτειν,</em></strong></span> <span class='ocrx_word' id='word_1_99' title='bbox 422 1730 478 1798; x_wconf 80' lang='grc' dir='ltr'><strong><em>καὶ</em></strong></span> <span class='ocrx_word' id='word_1_100' title='bbox 500 1727 579 1810; x_wconf 82' lang='grc' dir='ltr'><strong><em>τοὺς</em></strong></span> <span class='ocrx_word' id='word_1_101' title='bbox 598 1729 658 1816; x_wconf 77' lang='grc' dir='ltr'><strong><em>μὲν</em></strong></span> <span class='ocrx_word' id='word_1_102' title='bbox 682 1727 834 1818; x_wconf 85' lang='grc' dir='ltr'><strong><em>φανεράν</em></strong></span> <span class='ocrx_word' id='word_1_103' title='bbox 856 1733 1037 1817; x_wconf 76' lang='grc' dir='ltr'><strong><em>κεκτῆσθαι</em></strong></span> <span class='ocrx_word' id='word_1_104' title='bbox 1061 1730 1126 1820; x_wconf 80' lang='grc' dir='ltr'><strong><em>τὴν</em></strong></span> 
     </span>
     <span class='ocr_line' id='line_1_15' title="bbox 155 1832 1123 1925; baseline 0 -20"><span class='ocrx_word' id='word_1_105' title='bbox 155 1834 276 1905; x_wconf 81' lang='grc' dir='ltr'><strong><em>οὐσίαν</em></strong></span> <span class='ocrx_word' id='word_1_106' title='bbox 303 1837 359 1904; x_wconf 86' lang='grc' dir='ltr'><strong><em>καὶ</em></strong></span> <span class='ocrx_word' id='word_1_107' title='bbox 388 1832 452 1904; x_wconf 85' lang='grc' dir='ltr'><strong><em>άπὸ</em></strong></span> <span class='ocrx_word' id='word_1_108' title='bbox 480 1835 603 1924; x_wconf 80' lang='grc' dir='ltr'><strong><em>ταύτης</em></strong></span> <span class='ocrx_word' id='word_1_109' title='bbox 630 1837 814 1924; x_wconf 73' lang='grc' dir='ltr'><strong><em>εἰσφέρειν,</em></strong></span> <span class='ocrx_word' id='word_1_110' title='bbox 842 1835 879 1903; x_wconf 77' lang='grc' dir='ltr'><strong><em>σέ</em></strong></span> <span class='ocrx_word' id='word_1_111' title='bbox 907 1835 944 1905; x_wconf 75' lang='grc' dir='ltr'><strong><em>δὲ</em></strong></span> <span class='ocrx_word' id='word_1_112' title='bbox 970 1843 1074 1905; x_wconf 84' lang='grc' dir='ltr'><strong><em>πλείω</em></strong></span> <span class='ocrx_word' id='word_1_113' title='bbox 1101 1833 1123 1925; x_wconf 79' lang='grc' dir='ltr'><em>ἢ</em></span> 
     </span>
     <span class='ocr_line' id='line_1_16' title="bbox 116 1931 1124 2031; baseline 0.001 -20"><span class='ocrx_word' id='word_1_114' title='bbox 116 1931 125 1962; x_wconf 76' lang='grc'><strong>’</strong></span> <span class='ocrx_word' id='word_1_115' title='bbox 153 1942 359 2028; x_wconf 81' lang='grc' dir='ltr'><strong><em>πεντήκοντα</em></strong></span> <span class='ocrx_word' id='word_1_116' title='bbox 381 1943 437 2010; x_wconf 84' lang='grc' dir='ltr'><strong><em>καί</em></strong></span> <span class='ocrx_word' id='word_1_117' title='bbox 461 1939 579 2010; x_wconf 81' lang='grc' dir='ltr'><strong><em>ἑκατὸν</em></strong></span> <span class='ocrx_word' id='word_1_118' title='bbox 602 1941 746 2011; x_wconf 91' lang='grc' dir='ltr'><strong><em>τάλαντα</em></strong></span> <span class='ocrx_word' id='word_1_119' title='bbox 768 1939 809 2009; x_wconf 84' lang='grc' dir='ltr'><strong><em>τὰ</em></strong></span> <span class='ocrx_word' id='word_1_120' title='bbox 833 1940 894 2028; x_wconf 78' lang='grc' dir='ltr'><strong><em>μὲν</em></strong></span> <span class='ocrx_word' id='word_1_121' title='bbox 916 1944 953 2011; x_wconf 85' lang='grc' dir='ltr'><strong><em>ἐκ</em></strong></span> <span class='ocrx_word' id='word_1_122' title='bbox 974 1945 1043 2011; x_wconf 78' lang='grc' dir='ltr'><strong><em>τῶν</em></strong></span> <span class='ocrx_word' id='word_1_123' title='bbox 1063 1950 1124 2031; x_wconf 82' lang='grc' dir='ltr'><strong><em>βα-</em></strong></span> 
     </span>
     <span class='ocr_line' id='line_1_17' title="bbox 155 2044 1123 2137; baseline 0.003 -23"><span class='ocrx_word' id='word_1_124' title='bbox 155 2049 293 2115; x_wconf 79' lang='grc' dir='ltr'><strong><em>σιλικῶν</em></strong></span> <span class='ocrx_word' id='word_1_125' title='bbox 316 2044 356 2114; x_wconf 85' lang='grc' dir='ltr'><strong><em>τά</em></strong></span> <span class='ocrx_word' id='word_1_126' title='bbox 375 2046 412 2115; x_wconf 70' lang='grc' dir='ltr'><strong><em>δέ</em></strong></span> <span class='ocrx_word' id='word_1_127' title='bbox 431 2049 467 2114; x_wconf 91' lang='grc' dir='ltr'><strong><em>έκ</em></strong></span> <span class='ocrx_word' id='word_1_128' title='bbox 484 2049 552 2114; x_wconf 80' lang='grc' dir='ltr'><strong><em>τῶν</em></strong></span> <span class='ocrx_word' id='word_1_129' title='bbox 568 2044 786 2136; x_wconf 84' lang='grc' dir='ltr'><strong><em>Ἀλεξάνδρου</em></strong></span> <span class='ocrx_word' id='word_1_130' title='bbox 808 2048 1012 2136; x_wconf 89' lang='grc' dir='ltr'><strong><em>πραγμάτων</em></strong></span> <span class='ocrx_word' id='word_1_131' title='bbox 1035 2055 1123 2137; x_wconf 86' lang='grc' dir='ltr'><strong><em>εἰλη-</em></strong></span> 
     </span>
     <span class='ocr_line' id='line_1_18' title="bbox 155 2151 1125 2242; baseline 0.004 -22"><span class='ocrx_word' id='word_1_132' title='bbox 155 2154 270 2239; x_wconf 84' lang='grc' dir='ltr'><strong><em>φέναι,</em></strong></span> <span class='ocrx_word' id='word_1_133' title='bbox 298 2151 403 2238; x_wconf 73' lang='grc' dir='ltr'><strong><em>μηδὲν</em></strong></span> <span class='ocrx_word' id='word_1_134' title='bbox 432 2151 469 2220; x_wconf 71' lang='grc' dir='ltr'><strong><em>δὲ</em></strong></span> <span class='ocrx_word' id='word_1_135' title='bbox 497 2151 646 2240; x_wconf 88' lang='grc' dir='ltr'><strong><em>φανερὸν</em></strong></span> <span class='ocrx_word' id='word_1_136' title='bbox 675 2155 711 2220; x_wconf 84' lang='grc' dir='ltr'><strong><em>ἐν</em></strong></span> <span class='ocrx_word' id='word_1_137' title='bbox 737 2156 778 2241; x_wconf 71' lang='grc' dir='ltr'><strong><em>τῇ</em></strong></span> <span class='ocrx_word' id='word_1_138' title='bbox 804 2154 898 2222; x_wconf 90' lang='grc' dir='ltr'><strong><em>πόλει</em></strong></span> <span class='ocrx_word' id='word_1_139' title='bbox 929 2158 1125 2242; x_wconf 75' lang='grc' dir='ltr'><strong><em>κεκτῆσθαι,</em></strong></span> 
     </span>
     <span class='ocr_line' id='line_1_19' title="bbox 155 2255 1123 2346; baseline 0.007 -22"><span class='ocrx_word' id='word_1_140' title='bbox 155 2255 238 2325; x_wconf 82' lang='grc' dir='ltr'><strong><em>άλλά</em></strong></span> <span class='ocrx_word' id='word_1_141' title='bbox 262 2256 500 2325; x_wconf 76' lang='grc' dir='ltr'><strong><em>διεσκευάσθαι</em></strong></span> <span class='ocrx_word' id='word_1_142' title='bbox 523 2255 607 2345; x_wconf 87' lang='grc' dir='ltr'><strong><em>πρὸς</em></strong></span> <span class='ocrx_word' id='word_1_143' title='bbox 628 2257 689 2326; x_wconf 88' lang='grc' dir='ltr'><strong><em>τὸν</em></strong></span> <span class='ocrx_word' id='word_1_144' title='bbox 716 2261 824 2346; x_wconf 76' lang='grc' dir='ltr'><strong><em>δῆμον</em></strong></span> <span class='ocrx_word' id='word_1_145' title='bbox 853 2255 897 2340; x_wconf 84' lang='grc' dir='ltr'><strong><em>άς</em></strong></span> <span class='ocrx_word' id='word_1_146' title='bbox 925 2257 967 2329; x_wconf 85' lang='grc' dir='ltr'><strong><em>ού</em></strong></span> <span class='ocrx_word' id='word_1_147' title='bbox 989 2262 1123 2331; x_wconf 89' lang='grc' dir='ltr'><strong><em>πιστεύ-</em></strong></span> 
     </span>
     <span class='ocr_line' id='line_1_20' title="bbox 110 2364 1123 2455; baseline 0.006 -24"><span class='ocrx_word' id='word_1_148' title='bbox 110 2394 140 2442; x_wconf 79' lang='lat'><strong><em>71</em></strong></span> <span class='ocrx_word' id='word_1_149' title='bbox 164 2391 244 2432; x_wconf 92' lang='grc' dir='ltr'><strong><em>οντα</em></strong></span> <span class='ocrx_word' id='word_1_150' title='bbox 267 2377 337 2444; x_wconf 83' lang='grc' dir='ltr'><strong><em>τοῖς</em></strong></span> <span class='ocrx_word' id='word_1_151' title='bbox 361 2364 467 2454; x_wconf 76' lang='grc' dir='ltr'><strong><em>ἑαυτῷ</em></strong></span> <span class='ocrx_word' id='word_1_152' title='bbox 485 2366 788 2452; x_wconf 74' lang='grc' dir='ltr'><strong><em>πεπολιτευμένοις,</em></strong></span> <span class='ocrx_word' id='word_1_153' title='bbox 811 2367 867 2434; x_wconf 81' lang='grc' dir='ltr'><strong><em>καὶ</em></strong></span> <span class='ocrx_word' id='word_1_154' title='bbox 889 2364 968 2447; x_wconf 79' lang='grc' dir='ltr'><strong><em>τοὺς</em></strong></span> <span class='ocrx_word' id='word_1_155' title='bbox 986 2365 1047 2455; x_wconf 77' lang='grc' dir='ltr'><strong><em>μέν</em></strong></span> <span class='ocrx_word' id='word_1_156' title='bbox 1066 2369 1123 2437; x_wconf 90' lang='grc' dir='ltr'><strong><em>νό-</em></strong></span> 
     </span>
     <span class='ocr_line' id='line_1_21' title="bbox 154 2470 1124 2565; baseline 0.004 -27"><span class='ocrx_word' id='word_1_157' title='bbox 154 2497 239 2557; x_wconf 87' lang='grc' dir='ltr'><strong><em>μους</em></strong></span> <span class='ocrx_word' id='word_1_158' title='bbox 265 2471 440 2558; x_wconf 91' lang='grc' dir='ltr'><strong><em>προλέγειν</em></strong></span> <span class='ocrx_word' id='word_1_159' title='bbox 467 2472 513 2561; x_wconf 76' lang='grc' dir='ltr'><strong><em>τςό</em></strong></span> <span class='ocrx_word' id='word_1_160' title='bbox 542 2470 658 2558; x_wconf 82' lang='grc' dir='ltr'><strong><em>ῥήτορι</em></strong></span> <span class='ocrx_word' id='word_1_161' title='bbox 685 2472 805 2563; x_wconf 77' lang='grc' dir='ltr'><strong><em>καὶτῷ</em></strong></span> <span class='ocrx_word' id='word_1_162' title='bbox 834 2475 1020 2564; x_wconf 76' lang='grc' dir='ltr'><strong><em>στρατηγῷ,</em></strong></span> <span class='ocrx_word' id='word_1_163' title='bbox 1046 2473 1124 2565; x_wconf 77' lang='grc' dir='ltr'><strong><em>(τῷ)</em></strong></span> 
     </span>
     <span class='ocr_line' id='line_1_22' title="bbox 153 2573 1124 2667; baseline 0.004 -23"><span class='ocrx_word' id='word_1_164' title='bbox 153 2577 216 2663; x_wconf 81' lang='grc' dir='ltr'><strong><em>τὴν</em></strong></span> <span class='ocrx_word' id='word_1_165' title='bbox 247 2573 338 2664; x_wconf 82' lang='grc' dir='ltr'><strong><em>παρὰ</em></strong></span> <span class='ocrx_word' id='word_1_166' title='bbox 368 2579 429 2644; x_wconf 73' lang='grc' dir='ltr'><strong><em>τοτ’</em></strong></span> <span class='ocrx_word' id='word_1_167' title='bbox 463 2576 572 2663; x_wconf 81' lang='grc' dir='ltr'><strong><em>δήμου</em></strong></span> <span class='ocrx_word' id='word_1_168' title='bbox 604 2583 717 2645; x_wconf 93' lang='grc' dir='ltr'><strong><em>πίστιν</em></strong></span> <span class='ocrx_word' id='word_1_169' title='bbox 749 2573 898 2657; x_wconf 80' lang='grc' dir='ltr'><strong><em>ἀξιοῦντι</em></strong></span> <span class='ocrx_word' id='word_1_170' title='bbox 929 2578 1124 2667; x_wconf 82' lang='grc' dir='ltr'><strong><em>λαμβάνειν,</em></strong></span> 
     </span>
     <span class='ocr_line' id='line_1_23' title="bbox 154 2672 1124 2780; baseline 0.004 -30"><span class='ocrx_word' id='word_1_171' title='bbox 154 2688 430 2751; x_wconf 81' lang='grc' dir='ltr'><strong><em>παιδοποιεῖσθαι</em></strong></span> <span class='ocrx_word' id='word_1_172' title='bbox 448 2672 536 2780; x_wconf 59' lang='grc' dir='ltr'><strong><em>ξκατδι</em></strong></span> <span class='ocrx_word' id='word_1_173' title='bbox 558 2680 638 2762; x_wconf 84' lang='grc' dir='ltr'><strong><em>τούς</em></strong></span> <span class='ocrx_word' id='word_1_174' title='bbox 664 2682 805 2769; x_wconf 92' lang='grc' dir='ltr'><strong><em>νόμους,</em></strong></span> <span class='ocrx_word' id='word_1_175' title='bbox 827 2687 892 2770; x_wconf 76' lang='grc' dir='ltr'><strong><em>γῆν</em></strong></span> <span class='ocrx_word' id='word_1_176' title='bbox 916 2682 1008 2765; x_wconf 82' lang='grc' dir='ltr'><strong><em>ἐντὸς</em></strong></span> <span class='ocrx_word' id='word_1_177' title='bbox 1032 2682 1124 2775; x_wconf 82' lang='grc' dir='ltr'><strong><em>ὅρων</em></strong></span> 
     </span>
    </p>
   </div>
   <div class='ocr_carea' id='block_1_4' title="bbox 153 2890 1124 3570">
    <p class='ocr_par' dir='ltr' id='par_1_4' title="bbox 154 2890 981 2967">
     <span class='ocr_line' id='line_1_24' title="bbox 154 2890 981 2967; baseline 0.005 -20"><span class='ocrx_word' id='word_1_178' title='bbox 154 2892 281 2962; x_wconf 83' lang='grc' dir='ltr'><strong><em>γράφειν</em></strong></span> <span class='ocrx_word' id='word_1_179' title='bbox 301 2912 361 2946; x_wconf 88' lang='lat' dir='ltr'><strong><em>cum</em></strong></span> <span class='ocrx_word' id='word_1_180' title='bbox 381 2897 476 2962; x_wconf 84' lang='lat' dir='ltr'><strong>Steph.</strong></span> <span class='ocrx_word' id='word_1_181' title='bbox 493 2897 540 2947; x_wconf 87' lang='lat' dir='ltr'><strong><em>R.:</em></strong></span> <span class='ocrx_word' id='word_1_182' title='bbox 554 2890 693 2964; x_wconf 81' lang='grc' dir='ltr'><strong><em>γράφειν.</em></strong></span> <span class='ocrx_word' id='word_1_183' title='bbox 710 2927 742 2937; x_wconf 96' lang='grc'>-</span> <span class='ocrx_word' id='word_1_184' title='bbox 762 2896 873 2959; x_wconf 82' lang='grc' dir='ltr'><strong><em>οἰκείας</em></strong></span> <span class='ocrx_word' id='word_1_185' title='bbox 890 2916 930 2967; x_wconf 85' lang='lat' dir='ltr'><strong><em>pr.</em></strong></span> <span class='ocrx_word' id='word_1_186' title='bbox 944 2903 981 2951; x_wconf 76' lang='lat' dir='ltr'><strong><em>A.</em></strong></span> 
     </span>
    </p>

    <p class='ocr_par' dir='ltr' id='par_1_5' title="bbox 153 2957 1124 3434">
     <span class='ocr_line' id='line_1_25' title="bbox 224 2957 1122 3034; baseline 0.008 -21"><span class='ocrx_word' id='word_1_187' title='bbox 224 2966 263 3015; x_wconf 78' lang='lat'><strong><em>70.</em></strong></span> <span class='ocrx_word' id='word_1_188' title='bbox 299 2957 447 3024; x_wconf 83' lang='grc' dir='ltr'><strong><em>κελεύσεις</em></strong></span> <span class='ocrx_word' id='word_1_189' title='bbox 474 2981 534 3016; x_wconf 84' lang='lat' dir='ltr'><strong><em>cum</em></strong></span> <span class='ocrx_word' id='word_1_190' title='bbox 563 2966 657 3031; x_wconf 59' lang='lat' dir='ltr'><strong>Steph.</strong></span> <span class='ocrx_word' id='word_1_191' title='bbox 683 2967 728 3017; x_wconf 87' lang='lat' dir='ltr'><strong><em>R.:</em></strong></span> <span class='ocrx_word' id='word_1_192' title='bbox 759 2965 884 3027; x_wconf 85' lang='grc' dir='ltr'><strong><em>κελεύεις</em></strong></span> <span class='ocrx_word' id='word_1_193' title='bbox 914 2968 1001 3034; x_wconf 85' lang='lat' dir='ltr'><strong>(quod</strong></span> <span class='ocrx_word' id='word_1_194' title='bbox 1029 2985 1122 3020; x_wconf 83' lang='lat' dir='ltr'><strong>revoc.</strong></span> 
     </span>
     <span class='ocr_line' id='line_1_26' title="bbox 153 3024 1122 3098; baseline 0.006 -18"><span class='ocrx_word' id='word_1_195' title='bbox 153 3029 226 3092; x_wconf 82' lang='lat' dir='ltr'><strong>Mr.).</strong></span> <span class='ocrx_word' id='word_1_196' title='bbox 245 3057 279 3067; x_wconf 96' lang='lat'>—</span> <span class='ocrx_word' id='word_1_197' title='bbox 296 3025 364 3090; x_wconf 84' lang='grc' dir='ltr'><strong><em>τούς</em></strong></span> <span class='ocrx_word' id='word_1_198' title='bbox 382 3026 435 3096; x_wconf 73' lang='grc' dir='ltr'><strong><em>μὲν</em></strong></span> <span class='ocrx_word' id='word_1_199' title='bbox 453 3070 500 3088; x_wconf 87' lang='grc'><strong><em>..,</em></strong></span> <span class='ocrx_word' id='word_1_200' title='bbox 520 3024 613 3098; x_wconf 75' lang='grc' dir='ltr'><strong><em>έργαζ,</em></strong></span> <span class='ocrx_word' id='word_1_201' title='bbox 630 3035 663 3088; x_wconf 87' lang='grc' dir='ltr'><strong><em>Α.</em></strong></span> <span class='ocrx_word' id='word_1_202' title='bbox 675 3059 708 3070; x_wconf 92' lang='grc'>-</span> <span class='ocrx_word' id='word_1_203' title='bbox 727 3033 777 3086; x_wconf 78' lang='grc' dir='ltr'><strong><em>καί</em></strong></span> <span class='ocrx_word' id='word_1_204' title='bbox 794 3032 927 3088; x_wconf 85' lang='grc' dir='ltr'><strong><em>κλέπτειν</em></strong></span> <span class='ocrx_word' id='word_1_205' title='bbox 945 3035 1008 3086; x_wconf 81' lang='grc' dir='ltr'><strong><em>εδδ.</em></strong></span> <span class='ocrx_word' id='word_1_206' title='bbox 1027 3037 1052 3087; x_wconf 84' lang='lat' dir='ltr'>N</span> <span class='ocrx_word' id='word_1_207' title='bbox 1069 3038 1122 3089; x_wconf 86' lang='lat' dir='ltr'><strong><em>Mr.</em></strong></span> 
     </span>
     <span class='ocr_line' id='line_1_27' title="bbox 154 3094 1124 3167; baseline 0.007 -19"><span class='ocrx_word' id='word_1_208' title='bbox 154 3124 186 3134; x_wconf 94' lang='lat'><em>-</em></span> <span class='ocrx_word' id='word_1_209' title='bbox 207 3115 249 3149; x_wconf 86' lang='lat' dir='ltr'><strong><em>vv.</em></strong></span> <span class='ocrx_word' id='word_1_210' title='bbox 268 3096 319 3149; x_wconf 83' lang='grc' dir='ltr'><strong><em>καί</em></strong></span> <span class='ocrx_word' id='word_1_211' title='bbox 337 3094 405 3159; x_wconf 76' lang='grc' dir='ltr'><strong><em>τοὺς</em></strong></span> <span class='ocrx_word' id='word_1_212' title='bbox 422 3125 455 3136; x_wconf 90' lang='grc'>-</span> <span class='ocrx_word' id='word_1_213' title='bbox 484 3096 627 3166; x_wconf 83' lang='grc' dir='ltr'><strong><em>εἰσφέρειν</em></strong></span> <span class='ocrx_word' id='word_1_214' title='bbox 648 3103 678 3151; x_wconf 90' lang='lat' dir='ltr'><strong><em>in</em></strong></span> <span class='ocrx_word' id='word_1_215' title='bbox 699 3117 753 3167; x_wconf 84' lang='lat' dir='ltr'><strong><em>mg.</em></strong></span> <span class='ocrx_word' id='word_1_216' title='bbox 770 3102 832 3152; x_wconf 80' lang='lat' dir='ltr'><strong>add.</strong></span> <span class='ocrx_word' id='word_1_217' title='bbox 850 3102 896 3152; x_wconf 64' lang='lat' dir='ltr'><strong><em>Ad.</em></strong></span> <span class='ocrx_word' id='word_1_218' title='bbox 914 3135 947 3144; x_wconf 91' lang='lat'>—</span> <span class='ocrx_word' id='word_1_219' title='bbox 973 3105 1077 3155; x_wconf 84' lang='grc' dir='ltr'><strong><em>πλεῖον</em></strong></span> <span class='ocrx_word' id='word_1_220' title='bbox 1098 3105 1124 3155; x_wconf 89' lang='lat' dir='ltr'>N</span> 
     </span>
     <span class='ocr_line' id='line_1_28' title="bbox 153 3163 1123 3237; baseline 0.009 -23"><span class='ocrx_word' id='word_1_221' title='bbox 153 3166 200 3215; x_wconf 83' lang='lat' dir='ltr'><strong><em>Fr.</em></strong></span> <span class='ocrx_word' id='word_1_222' title='bbox 220 3163 317 3232; x_wconf 81' lang='grc' dir='ltr'><strong><em>(πλεῖν</em></strong></span> <span class='ocrx_word' id='word_1_223' title='bbox 334 3166 454 3232; x_wconf 78' lang='lat' dir='ltr'>K1.w.).</span> <span class='ocrx_word' id='word_1_224' title='bbox 472 3163 540 3220; x_wconf 74' lang='grc' dir='ltr'><strong><em>Μεν</em></strong></span> <span class='ocrx_word' id='word_1_225' title='bbox 559 3168 623 3218; x_wconf 78' lang='lat' dir='ltr'><strong>addi</strong></span> <span class='ocrx_word' id='word_1_226' title='bbox 641 3169 743 3219; x_wconf 79' lang='lat' dir='ltr'><strong>malim.</strong></span> <span class='ocrx_word' id='word_1_227' title='bbox 756 3196 790 3205; x_wconf 92' lang='lat'><em>-</em></span> <span class='ocrx_word' id='word_1_228' title='bbox 806 3165 992 3237; x_wconf 87' lang='grc' dir='ltr'><strong><em>πραγμάτων]</em></strong></span> <span class='ocrx_word' id='word_1_229' title='bbox 1013 3167 1123 3237; x_wconf 80' lang='grc' dir='ltr'><strong><em>χρημά-</em></strong></span> 
     </span>
     <span class='ocr_line' id='line_1_29' title="bbox 153 3229 1122 3304; baseline 0.008 -22"><span class='ocrx_word' id='word_1_230' title='bbox 153 3249 210 3283; x_wconf 86' lang='grc' dir='ltr'><strong><em>των</em></strong></span> <span class='ocrx_word' id='word_1_231' title='bbox 229 3249 289 3284; x_wconf 83' lang='lat' dir='ltr'><strong><em>eum</em></strong></span> <span class='ocrx_word' id='word_1_232' title='bbox 307 3234 391 3285; x_wconf 80' lang='lat' dir='ltr'><strong>Wolf.</strong></span> <span class='ocrx_word' id='word_1_233' title='bbox 403 3235 453 3286; x_wconf 87' lang='lat' dir='ltr'><strong><em>Mr.</em></strong></span> <span class='ocrx_word' id='word_1_234' title='bbox 471 3261 505 3272; x_wconf 92' lang='lat'>-</span> <span class='ocrx_word' id='word_1_235' title='bbox 524 3229 666 3301; x_wconf 85' lang='grc' dir='ltr'><strong><em>εἰληφότα</em></strong></span> <span class='ocrx_word' id='word_1_236' title='bbox 684 3237 712 3286; x_wconf 91' lang='grc' dir='ltr'>Μ</span> <span class='ocrx_word' id='word_1_237' title='bbox 731 3241 760 3286; x_wconf 76' lang='lat' dir='ltr'><strong><em>et</em></strong></span> <span class='ocrx_word' id='word_1_238' title='bbox 776 3251 803 3287; x_wconf 85' lang='lat' dir='ltr'><strong><em>v.</em></strong></span> <span class='ocrx_word' id='word_1_239' title='bbox 822 3242 887 3288; x_wconf 81' lang='lat' dir='ltr'><strong>ante</strong></span> <span class='ocrx_word' id='word_1_240' title='bbox 906 3238 958 3290; x_wconf 84' lang='lat' dir='ltr'><strong><em>Bk.</em></strong></span> <span class='ocrx_word' id='word_1_241' title='bbox 977 3264 1007 3276; x_wconf 86' lang='lat'><strong><em>-</em></strong></span> <span class='ocrx_word' id='word_1_242' title='bbox 1027 3234 1122 3304; x_wconf 76' lang='grc' dir='ltr'><strong><em>μηδὲν</em></strong></span> 
     </span>
     <span class='ocr_line' id='line_1_30' title="bbox 154 3296 1123 3373; baseline 0.005 -22"><span class='ocrx_word' id='word_1_243' title='bbox 154 3296 187 3351; x_wconf 71' lang='grc' dir='ltr'><strong><em>δὲ</em></strong></span> <span class='ocrx_word' id='word_1_244' title='bbox 205 3301 276 3351; x_wconf 76' lang='grc' dir='ltr'><strong><em>ΝΑΒ</em></strong></span> <span class='ocrx_word' id='word_1_245' title='bbox 297 3302 364 3354; x_wconf 71' lang='lat' dir='ltr'><strong><em>Bk:</em></strong></span> <span class='ocrx_word' id='word_1_246' title='bbox 382 3298 483 3368; x_wconf 74' lang='grc' dir='ltr'><strong><em>μηδὲν.</em></strong></span> <span class='ocrx_word' id='word_1_247' title='bbox 494 3328 528 3339; x_wconf 94' lang='grc'><strong>-</strong></span> <span class='ocrx_word' id='word_1_248' title='bbox 547 3301 641 3372; x_wconf 77' lang='grc' dir='ltr'><strong><em>σαυτῷ</em></strong></span> <span class='ocrx_word' id='word_1_249' title='bbox 659 3304 703 3354; x_wconf 89' lang='lat' dir='ltr'><strong><em>Kl.</em></strong></span> <span class='ocrx_word' id='word_1_250' title='bbox 717 3329 748 3341; x_wconf 92' lang='lat'>-</span> <span class='ocrx_word' id='word_1_251' title='bbox 767 3301 1023 3373; x_wconf 80' lang='grc' dir='ltr'><strong><em>πεπολιτευμένοις</em></strong></span> <span class='ocrx_word' id='word_1_252' title='bbox 1035 3307 1059 3358; x_wconf 91' lang='lat' dir='ltr'>N</span> <span class='ocrx_word' id='word_1_253' title='bbox 1071 3306 1123 3356; x_wconf 88' lang='lat' dir='ltr'><strong><em>Mr.</em></strong></span> 
     </span>
     <span class='ocr_line' id='line_1_31' title="bbox 154 3367 601 3434; baseline 0.004 -16"><span class='ocrx_word' id='word_1_254' title='bbox 154 3371 201 3431; x_wconf 74' lang='lat' dir='ltr'><strong>(ci.</strong></span> <span class='ocrx_word' id='word_1_255' title='bbox 221 3369 337 3433; x_wconf 83' lang='lat' dir='ltr'><strong>Schm.)=</strong></span> <span class='ocrx_word' id='word_1_256' title='bbox 356 3367 601 3434; x_wconf 82' lang='grc' dir='ltr'><strong><em>πολιτευομένοις.</em></strong></span> 
     </span>
    </p>

    <p class='ocr_par' dir='ltr' id='par_1_6' title="bbox 153 3432 1124 3570">
     <span class='ocr_line' id='line_1_32' title="bbox 222 3432 1124 3506; baseline 0.009 -19"><span class='ocrx_word' id='word_1_257' title='bbox 222 3441 263 3487; x_wconf 79' lang='grc'><strong><em>71.</em></strong></span> <span class='ocrx_word' id='word_1_258' title='bbox 300 3435 339 3506; x_wconf 77' lang='grc' dir='ltr'><strong><em>τῷ</em></strong></span> <span class='ocrx_word' id='word_1_259' title='bbox 363 3443 425 3502; x_wconf 81' lang='lat' dir='ltr'><strong>post</strong></span> <span class='ocrx_word' id='word_1_260' title='bbox 452 3451 546 3502; x_wconf 87' lang='grc' dir='ltr'><strong><em>οτρατ.</em></strong></span> <span class='ocrx_word' id='word_1_261' title='bbox 569 3437 638 3488; x_wconf 81' lang='lat' dir='ltr'><strong>addi</strong></span> <span class='ocrx_word' id='word_1_262' title='bbox 664 3439 743 3490; x_wconf 82' lang='lat' dir='ltr'>iubet</span> <span class='ocrx_word' id='word_1_263' title='bbox 766 3438 798 3490; x_wconf 85' lang='lat' dir='ltr'><strong><em>R.</em></strong></span> <span class='ocrx_word' id='word_1_264' title='bbox 825 3465 857 3478; x_wconf 94' lang='lat'><strong><em>·-</em></strong></span> <span class='ocrx_word' id='word_1_265' title='bbox 887 3434 982 3506; x_wconf 80' lang='grc' dir='ltr'><strong><em>ἐντὸς]</em></strong></span> <span class='ocrx_word' id='word_1_266' title='bbox 1007 3432 1039 3492; x_wconf 84' lang='grc' dir='ltr'><strong><em>έν</em></strong></span> <span class='ocrx_word' id='word_1_267' title='bbox 1061 3445 1124 3501; x_wconf 83' lang='grc' dir='ltr'><strong><em>τοίς</em></strong></span> 
     </span>
     <span class='ocr_line' id='line_1_33' title="bbox 153 3499 764 3570; baseline 0.005 -17"><span class='ocrx_word' id='word_1_268' title='bbox 153 3504 262 3556; x_wconf 89' lang='lat' dir='ltr'><strong>BLZM.</strong></span> <span class='ocrx_word' id='word_1_269' title='bbox 282 3499 559 3570; x_wconf 81' lang='grc' dir='ltr'><strong><em>-γεγεννημένους</em></strong></span> <span class='ocrx_word' id='word_1_270' title='bbox 577 3505 601 3553; x_wconf 85' lang='grc' dir='ltr'><strong>Α</strong></span> <span class='ocrx_word' id='word_1_271' title='bbox 620 3505 709 3557; x_wconf 59' lang='grc' dir='ltr'><strong><em>οοεεδ.</em></strong></span> <span class='ocrx_word' id='word_1_272' title='bbox 729 3533 764 3545; x_wconf 92' lang='grc'><strong>-</strong></span> 
     </span>
    </p>
   </div>
   <div class='ocr_carea' id='block_1_5' title="bbox 0 0 1178 3916">
    <p class='ocr_par' dir='ltr' id='par_1_7' title="bbox 0 0 1178 3916">
     <span class='ocr_line' id='line_1_34' title="bbox 0 0 1178 3916; baseline 0 0"><span class='ocrx_word' id='word_1_273' title='bbox 0 0 1178 3916; x_wconf 95' lang='lat' dir='ltr'><strong><em> </em></strong></span> 
     </span>
    </p>
   </div>
  </div>
 </body>
</html>
