2340 3916
155 177 216 242 148
501 146 755 238 ΑιΣΧιαου

155 339 307 407 νούντων
331 339 524 424 βλεπόντων
548 342 672 429 ἔλαθον
694 335 792 422 ὑμῶν
812 335 1030 425 ὑφελόμενοι,
1054 342 1108 406 καὶ

155 436 233 517 τούς
244 441 280 506 έκ
291 445 359 505 τοῖν
371 436 503 504 πόλεων
513 435 643 503 τούτων
655 436 840 517 συνέδρους
852 435 925 521 παρ’
941 435 1036 524 ὑμῶν
1048 438 1108 524 μέν

155 537 354 623 ἀνέστησαν,
377 536 478 604 πάλιν
497 537 532 603 δὲ
549 540 594 614 είς
610 538 759 603 Χαλκίδα
777 538 832 604 καὶ
849 535 886 603 τδ
899 537 1108 625 καλούμενον

156 633 326 722 Εὐβοϊκόν
347 637 524 718 συνέδριον
545 632 744 719 συνήγαγον.
779 630 820 700 δν
847 633 882 701 δὲ
908 634 1035 719 τρόπον
1054 637 1108 703 καί

156 732 200 800 δι’
215 737 295 801 οίων
306 731 602 818 κακουργημάτων,
618 728 707 797 ταῦτ’
719 729 785 818 ήδη
796 729 893 811 άξιόν
903 735 992 800 ἐστιν
1002 731 1106 800 άκού·

158 854 222 900 σαι.
245 832 432 917 ἀφικνεῖται
453 828 517 916 γάρ
541 828 624 916 πρὸς
646 827 731 915 ὑμᾶς
756 826 866 897 οὐκέτι
884 829 928 897 δι’
947 830 1106 917 ἀγγέλων,
1124 844 1158 897 95

158 929 231 999 ἀλλ’
252 928 352 1010 αὐτὸς
369 926 386 998 ό
406 936 569 1013 Καλλίας,
592 930 646 996 καὶ
663 925 844 1013 παρελθιδν
860 935 906 1008 είς
918 928 979 1016 τήν
992 934 1108 1016 ἐκκλη-

157 1038 234 1097 σίαν
250 1028 370 1114 λόγους
387 1032 540 1114 διεξῆλθε
557 1030 880 1113 κατεσκευασμένους
901 1025 967 1096 ὑπό
992 1038 1109 1116 Δημο-

157 1130 308 1205 σθένους.
333 1125 402 1194 είπε
419 1125 500 1212 γάρ,
524 1123 568 1205 ὡς
585 1125 707 1212 ήκοιέκ
718 1127 979 1213 Πελοποννήσου
991 1132 1108 1194 νεωστί

158 1228 331 1311 σύνταγμα
352 1225 515 1304 συντάξας
543 1229 588 1302 είς
609 1224 727 1292 ἑκατόν
746 1225 918 1293 ταλάντων
941 1226 1107 1309 πρόσοδον

157 1329 209 1396 ἐπὶ
219 1333 395 1410 Φίλιππον,
408 1328 461 1393 καὶ
472 1330 675 1411 διελογίζετο,
687 1324 770 1392 ὅσον
781 1325 939 1404 ἑκάστους
947 1330 1012 1393 ἔδει
1025 1347 1107 1393 συν-

157 1433 277 1510 τελεῖν,
298 1421 447 1509 Ἀχαιοὺς
463 1423 524 1508 μὲν
541 1423 668 1502 πάντας
684 1425 740 1492 καί
756 1429 932 1510 Μεγαρέας
950 1425 1107 1511 ἑξήκοντα

156 1523 316 1609 τάλαντα,
339 1519 397 1600 τάς
419 1519 451 1589 δ’
474 1526 511 1589 έν
527 1520 656 1610 Εὐβοίᾳ
674 1521 786 1602 πόλεις
803 1520 931 1602 ἁπάσας
952 1526 1108 1610 τετταρά-

156 1648 257 1688 κοντα
268 1647 274 1658 ·
286 1623 322 1688 ἐκ
337 1620 372 1688 δὲ
384 1620 512 1688 τούτων
523 1628 590 1688 τολν
600 1620 777 1707 χρημάτων
787 1618 947 1707 ὑπάρξειν
957 1624 1011 1689 καὶ
1022 1648 1105 1688 ναυ-
1121 1635 1155 1688 96

156 1719 250 1805 τικήν
266 1722 321 1786 καί
338 1718 472 1805 πεζικήν
491 1720 652 1806 δυ’ναμιν·
675 1718 758 1788 εἶναι
772 1720 807 1789 δε
823 1721 967 1801 πολλοὺς
983 1720 1104 1799 άλλους

156 1827 223 1885 τῶν
236 1817 420 1904 Ἑλλήνων,
445 1815 504 1897 οὓς
521 1819 706 1904 βούλεσθαι
722 1836 895 1888 κοινωνεῖν
914 1829 970 1908 τής
981 1820 1105 1888 συντά-

89 1926 140 1983 487
157 1921 251 2000 ξεως,
278 1917 360 1985 ὥστε
377 1917 454 1985 οὔτε
470 1919 648 2004 χρημάτων
660 1916 738 1986 οὔτε
750 1927 959 2001 στρατιωτῶν
971 1924 1105 1988 ἔσεσθαι

158 2014 309 2097 άπορίαυ.
321 2018 375 2082 καί
386 2023 489 2083 ταῦτα
500 2017 561 2103 μὲν
572 2015 612 2083 τά
625 2016 771 2102 φανερά·
786 2023 848 2104 ἔφη
862 2018 897 2086 δὲ
909 2021 963 2084 καί
975 2019 1107 2103 πράξεις

158 2115 313 2194 πράττειν
324 2116 436 2198 ἑτέρας
445 2113 482 2182 δι’
496 2113 704 2202 άπορρήτων,
716 2119 772 2184 καί
783 2116 912 2185 τούτων
923 2115 1009 2184 είναί
1017 2144 1107 2194 τινας

157 2218 327 2302 μάρτυρας
338 2215 584 2303 τωνήμετέρων
602 2226 761 2305 πολιτῶν,
782 2221 836 2287 καὶ
854 2227 1018 2288 τελευτάν
1029 2217 1107 2288 όυο-

158 2320 255 2401 μαστί
272 2317 450 2401 παρεκάλει
467 2321 696 2404 Δημοσθένην
713 2322 768 2386 καί
787 2332 956 2387 συνειπεῖν
966 2317 1068 2406 ήξίου.
1088 2316 1105 2387 ὁ
1124 2325 1157 2381 97

156 2415 192 2483 δὲ
207 2423 334 2501 σεμνοῖς
346 2415 436 2483 πάνυ
454 2416 633 2499 παρελθόν
650 2417 711 2485 τόν
726 2444 761 2484 τε
778 2423 928 2485 Καλλίαν
939 2415 1107 2504 ὑπερεπή-

156 2541 206 2581 νει
219 2515 257 2582 τό
268 2540 303 2581 τε
314 2513 507 2601 άπόρρητον
519 2515 784 2602 προσεποιήσατο
795 2517 933 2583 είδέναι·
951 2513 1013 2602 τήν
1025 2513 1057 2582 δ’
1071 2518 1106 2583 ἐκ

154 2613 415 2700 Πελοποννήσου
432 2620 628 2701 πρεσβείαν,
648 2611 691 2700 ήν
702 2616 917 2702 ἐπρέσβευσε,
936 2615 991 2682 καὶ
1002 2615 1063 2700 τήν
1075 2616 1106 2693 ἐξ

150 2709 366 2795 Ἀκαρνανίας
373 2716 437 2796 ἔφη
445 2712 630 2798 βούλεσθαι
642 2709 721 2798 ὑμῖν
731 2710 933 2798 άπαγγείλαι.
945 2705 989 2798 ήν
1000 2711 1031 2780 δ’
1045 2711 1108 2780 αὑ-

86 2821 138 2878 488
154 2815 200 2896 τῷ
211 2810 394 2894 κεφάλαιον
405 2817 474 2876 τῶν
484 2810 594 2894 λόγων
606 2810 732 2889 πάντας
743 2811 804 2895 μέν
815 2817 1106 2897 Πελοποννησίους

154 2903 330 2993 ὑπάρχειν,
348 2907 475 2996 πάντας
493 2906 524 2972 δ’
541 2904 745 2995 Ἀκαρνᾶνας
759 2911 1043 2995 συντεταγμένους
1053 2912 1106 2977 ἐπὶ

156 3012 323 3074 Φίλιππον
340 3003 400 3091 ὑφ’
422 3008 560 3093 ἑαυτοῦ,
582 3006 667 3075 εἶναι
683 3007 719 3075 δὲ
737 3005 772 3074 τὸ
792 3008 966 3093 σύνταγμα
977 3009 1106 3094 χρημά-

154 3130 221 3170 των
236 3108 298 3190 μὲν
315 3111 360 3183 είς
378 3102 498 3173 ἑκατόν
511 3114 599 3174 νεοὸν
609 3114 891 3193 ταχυναυτουσῶν
901 3107 1105 3194 πληρώματα

153 3205 208 3269 καί
220 3208 266 3282 είς
285 3202 402 3283 πεζοὺς
418 3206 618 3292 στρατιώτας
628 3212 768 3293 μυρίους
778 3208 833 3275 καὶ
846 3206 963 3282 ίππέας
970 3215 1105 3294 χιλίους,

152 3299 313 3387 ὑπάρξειν
331 3305 366 3370 δὲ
383 3302 470 3387 πρός
481 3305 609 3384 τούτοις
619 3309 675 3374 καλ
686 3305 744 3385 τάς
754 3306 924 3387 πολιτικάς
936 3308 1105 3394 δυνάμεις,
1120 3322 1155 3379 98

152 3403 188 3466 ἐκ
201 3403 464 3488 Πελοποννήσου
479 3405 541 3489 μέν
560 3413 714 3484 πλείονας
730 3401 753 3492 ή
771 3411 947 3491 δισχιλίους
959 3404 1103 3492 ὁπλίτας,
