2340 3916
112 185 155 247 20
489 181 703 234 Δωιιιιεεον

59 364 93 415 48
189 338 273 409 Ἀλλ’
295 338 399 429 ὅμως,
418 338 539 430 ἄνδρες
559 346 726 429 δικασταί,
746 339 834 411 οῦτω
853 343 1083 430 Δημοσθένης

111 448 156 537 τῷ
176 446 365 525 ψεύδεσθαι
379 447 435 516 καὶ
449 446 554 534 μηδὲν
568 442 659 534 ῦγιές
673 450 781 534 λέγειν
797 450 934 536 ἑτοίμως
952 451 1082 539 χρῆται,

111 553 167 620 καὶ
196 550 273 622 οῦτε
302 553 463 641 αἰσχύνης
492 551 568 622 οῦτε
596 556 732 641 ἐλέγχου
761 553 838 624 οῦτε
866 553 949 644 ἀρᾶς
977 552 1083 624 οὐδὲν

112 656 203 752 αύτῷ
222 663 327 748 μέλει,
347 656 430 728 ὥστε
448 661 504 728 καὶ
522 662 597 749 περὶ
617 662 699 747 ἐμοῦ
717 660 873 749 τολμήσει
891 663 1015 746 λέγειν,
1035 658 1085 743 ῦς

113 763 243 853 ἀκούω,
267 762 312 847 ὥς
336 763 400 855 άρα
423 763 532 852 κάμοῦ
555 768 702 853 κατέγνω
726 767 889 857 πρότερον
911 763 932 854 ή
961 769 1083 855 βουλή,

112 875 168 940 καὶ
186 875 271 942 ποιῦ
290 871 426 941 πάντων
445 869 673 959 ἀτοπώτατον,
698 870 742 953 ὡς
761 865 859 954 οῦτός
876 893 975 961 φησι,
998 874 1084 962 πρό-

112 1006 211 1068 τερον
233 978 294 1066 μὶν
319 981 473 1047 ἐναντίον
495 982 535 1067 τῇ
554 983 611 1066 τής
630 983 755 1067 βονλής
778 977 946 1068 ἀποφάσει
965 975 1083 1065 άγωνα

113 1082 384 1172 ἀπολογούμενος
412 1080 495 1174 ὑπὲρ
524 1089 684 1172 ἐμαυτοῦ,
712 1087 791 1154 νυνὶ
815 1087 851 1155 δὲ
879 1090 1083 1174 συνηγορῶν

113 1187 209 1280 αῦτή,
228 1195 425 1281 κατηγοροῦν
443 1191 577 1278 τούτου,
596 1194 671 1281 περὶ
685 1196 744 1278 τῆς
758 1194 978 1280 γεγενημένης
998 1189 1082 1261 ἀπο-

61 1318 94 1368 49
113 1296 259 1384 φάσεως·
278 1300 414 1388 πρᾶγμα
428 1297 682 1380 κατασκευάζων
697 1295 739 1366 ού
753 1300 986 1385 γεγενημένον,
997 1295 1083 1368 ἀλλά

112 1402 299 1483 ψεύδεσθαι
317 1402 400 1492 πρὸς
419 1399 505 1491 ῦμάς
522 1406 662 1491 τολμῶν.
698 1401 744 1472 ἵν’
767 1395 830 1472 οῦν
854 1402 913 1472 ἐάν
932 1407 984 1472 ἐπὶ
1003 1408 1082 1473 τοῦ-

112 1536 172 1577 τον
191 1519 225 1598 ίη
247 1507 307 1578 τόν
330 1509 447 1596 λόγον,
470 1508 514 1597 μή
535 1511 724 1598 ἐπιτρέπητε
748 1507 854 1602 αύτῷ,
878 1507 948 1579 ἀλλ’
972 1514 1083 1598 είδήτε

113 1612 258 1704 ἀκριβοῦς
282 1614 333 1684 ὅτι
357 1614 433 1685 οῦτε
461 1643 501 1703 με
525 1612 696 1703 ἀπέφηνεν
718 1612 739 1704 ή
764 1615 870 1704 βουλή
896 1613 967 1685 οὔτ’
989 1619 1081 1703 ἐμέλ-

112 1730 222 1808 λησεν,
241 1718 411 1808 ἠδικήθην
431 1722 467 1790 δὲ
481 1719 542 1809 ὑφ’
565 1720 640 1802 ἑνὸς
654 1719 840 1813 ἀνθρώπου
858 1726 1010 1812 πονηροῦ
1024 1725 1081 1792 καὶ

114 1833 212 1914 δίκην
237 1828 422 1909 δεδωκότος
444 1825 523 1919 παρ’
544 1824 641 1915 ῦμϊν,
665 1825 833 1899 ἀκούσατέ
853 1858 918 1917 μου
942 1832 1080 1917 βραχέα·

113 1931 212 2002 ἔπειτ’
235 1936 287 2002 ἐπὶ
305 1938 427 2003 τοῦτον
440 1935 541 2003 πάλιν
560 1938 751 2023 βαδιοῦμαι.

61 2087 96 2137 50
190 2036 332 2127 ’Λνάγκη
356 2039 418 2127 τήν
442 2040 585 2128 βουλήν,
610 2033 791 2132 οῦάνδρες,
815 2040 877 2129 τήν
897 2044 929 2123 ἐξ
950 2039 1080 2129 Ἀρείου

113 2145 223 2233 πάγον
247 2144 330 2214 κατά
355 2146 417 2215 δύο
441 2145 586 2235 τρόπους
613 2159 783 2217 ποιεῖσθαι
810 2145 868 2228 τάς
896 2145 1082 2234 ἀποφάσεις

112 2252 228 2333 πάσας.
265 2258 359 2332 τίνας
381 2252 536 2336 τούτουςς
560 2250 635 2341 ήτοι
658 2252 766 2341 αῦτήν
788 2255 1030 2341 προελομένην,
1059 2250 1080 2340 ή

114 2359 300 2445 ζητήσασαν
336 2361 398 2427 τοῦ
431 2359 541 2447 δήμου
570 2359 816 2450 προστάξαντος
844 2354 939 2445 αύτή
980 2361 1081 2444 χωρὶς

113 2465 242 2532 τούτων
266 2461 328 2533 οῦκ
356 2470 445 2534 ἔστιν
473 2463 590 2536 ὅντινα
617 2463 742 2554 τρόπον
770 2459 936 2550 ποιήσαιτ’
962 2461 1013 2530 άν.
1051 2469 1083 2529 εί

114 2570 174 2657 μὲν
201 2577 321 2639 τοίνυν
349 2571 430 2660 φής,
455 2564 481 2641 ὦ
505 2569 626 2660 μιαρόν
654 2567 697 2637 σῦ
720 2574 861 2658 θηρίον,
884 2572 947 2638 τοῦ
970 2569 1080 2656 δήμου

113 2676 360 2764 προστάξαντος
374 2679 560 2766 ζητήσασαν
577 2673 639 2763 τήν
654 2673 782 2763 βουλήν
795 2679 871 2767 περὶ
886 2677 967 2763 ἐμοῦ
986 2677 1080 2763 ποιή-

63 2813 96 2861 51
115 2793 240 2851 σασθαι
262 2781 325 2871 τήν
348 2781 535 2871 ἀπόφασιν,
555 2784 666 2863 δεῖξον
684 2779 721 2851 τό
742 2783 900 2872 ψήφισμα
918 2784 974 2851 καὶ
992 2789 1081 2863 τίνες

116 2890 270 2974 ἐγένοντό
294 2918 360 2976 μου
384 2888 564 2977 κατήγοροι
581 2890 763 2976 γενομένης
786 2893 845 2977 τής
868 2886 1080 2975 ἀποφάσεως,

149 3096 222 3212 λλβ,
252 3092 340 3161 μέλει]
367 3089 464 3159 μέλλει
489 3108 529 3157 pr.
552 3091 589 3144 Ad
611 3094 673 3145 Ald.
696 3121 731 3132 -
759 3086 896 3160 τολμήσει
918 3094 989 3145 NAB
1014 3094 1079 3144 Bk.:

114 3177 184 3226 τομ
206 3177 263 3218 σαι.

181 3180 224 3288 ῦ9.
251 3223 321 3294 πρός
339 3218 416 3292 ῦμᾶς
432 3227 523 3282 Turn:
541 3226 612 3292 πρός
630 3247 718 3289 τινας.
743 3228 779 3279 ef.
798 3227 937 3294 τολμῆσαι
956 3230 971 3290 ἕ
989 3231 1030 3284 48,
1049 3256 1081 3264 -

115 3288 297 3362 ἐπιτρέποιτε
314 3297 346 3346 Α.
364 3320 398 3330 -
417 3286 483 3359 έμέλ
504 3311 553 3348 οεν
570 3297 641 3352 NAd.
659 3324 692 3334 —
711 3295 834 3363 βραχεῖα
852 3296 876 3344 A
895 3312 934 3362 ρο.

183 3369 223 3417 50.
248 3355 266 3430 ἢ
293 3358 389 3442 ζητήσ.
409 3361 461 3415 τοῦ
483 3313 578 3430 δήμου
595 3365 654 3417 Κ1.ι
673 3363 724 3415 καλ
743 3357 852 3430 ζητήσ,
871 3353 889 3449 ή
908 3361 959 3415 τοῦ
978 3359 1081 3430 δήμου.

115 3459 149 3469 -
166 3422 311 3498 ποιήσαιτ’
333 3448 370 3481 αν
387 3430 441 3484 Bk.
461 3433 490 3484 in
506 3432 588 3485 mida
610 3425 760 3498 ποιήσειεν
781 3426 874 3496 (ὅντιν
904 3421 942 3483 άν
959 3449 1000 3499 τρ.
1020 3447 1082 3481 ποι-

116 3491 214 3565 ήσειεν
232 3494 331 3564 Turn).
607 3514 610 3519 ·
