2340 3916
135 185 176 250 ου
513 183 716 252 [ΔΗΜιΔου]

134 344 272 415 νάνδου
292 343 418 432 σάματι
433 345 606 426 συνέθαψε
623 342 685 432 τὴν
700 343 847 432 δύναμιν
860 347 929 414 τῶν
944 351 1107 432 Θηβαίων

135 446 153 520 ὁ
177 449 302 539 καιρός.
338 447 485 538 ἤκμαζον
508 449 546 519 δὲ
567 464 638 530 τοῖς
656 449 826 538 σύμπασιν
845 455 880 520 οἱ
895 450 1107 538 Μακεδόνες,

136 550 197 636 οὓς
218 553 284 645 ἤδη
313 570 385 637 ταῖς
408 558 539 625 ἐλπίσιν
566 557 620 625 ἐπὶ
642 554 682 624 τὰ
705 559 847 645 Περσῶν
875 559 1024 646 σκῆπτρα
1048 560 1106 626 καὶ

84 666 116 715 14
134 660 215 743 τοὺς
232 660 431 752 θησαυροὺς
448 658 469 750 ἡ
488 661 570 749 τύχη
589 666 783 749 διεβίβαζεν.
811 659 958 731 4ἐνταῦθ’
981 658 1109 751 ὁμοίως

136 769 363 856 Δημοσθένης
385 766 446 855 μὲν
469 766 616 856 ἐκύρωσε
638 768 799 856 πόλεμον,
821 766 928 856 καλὴν
951 767 1012 856 μὲν
1034 784 1108 850 τοῖς

136 872 301 963 ὀνόμασιν
329 871 371 944 ού
399 873 565 961 σωτήριον
593 872 630 941 δέ
657 888 728 955 τοῖς
755 880 865 963 ἔργοις
893 881 1123 962 συμβουλίαν

137 980 395 1070 είςηγησάμενος
412 992 484 1060 τοῖς
497 984 659 1060 πολίταις·
678 974 723 1060 ὡς
742 979 780 1049 δὲ
793 987 937 1068 πλησίον
955 986 1031 1068 ἔστη
1047 984 1109 1068 τῆς

135 1085 294 1173 Ἀττικῆς,
318 1082 339 1173 ἡ
359 1084 450 1174 χώρα
474 1084 511 1154 δέ
534 1090 581 1165 είς
603 1083 665 1173 τὴν
687 1085 786 1156 πόλιν
808 1092 1025 1172 κατεκλείετο,
1049 1089 1109 1156 καὶ

135 1191 173 1261 τὸ
193 1191 419 1281 περιμάχητον
437 1191 493 1258 καὶ
505 1191 764 1280 θαυμαζόμενον
777 1187 843 1261 ὑπὸ
862 1191 1001 1262 πάντων
1020 1190 1107 1262 άστυ

137 1300 230 1385 βοῶν
247 1297 303 1364 καὶ
320 1294 498 1386 προβάτων
517 1293 628 1387 ὥσπερ
647 1303 784 1379 ἔπαυλις
802 1299 858 1366 καί
876 1301 945 1366 τῶν
964 1295 1106 1387 (ἄλλων)

137 1401 359 1490 βοσκημάτων
382 1405 580 1491 ἐπληροῦτο,
604 1410 766 1492 βοηθείας
788 1400 820 1471 θ’
843 1400 1039 1491 οὐδαμόθεν
1063 1396 1108 1492 ἦν

89 1529 120 1578 15
139 1511 244 1596 ἐλπίς,
268 1514 396 1598 ἔγραψα
413 1505 475 1597 τὴν
493 1508 640 1598 εἰρήνην.
678 1505 845 1597 ὁμολογῶ,
868 1511 924 1578 καὶ
942 1511 1029 1597 φημὶ
1047 1538 1106 1579 κα-

138 1617 203 1696 λῶς
229 1616 285 1683 καὶ
314 1613 553 1704 συμφερόντως
579 1617 782 1707 πεπραχέναι
809 1618 923 1685 τοῦτο·
955 1630 1108 1704 κρεῖττον

139 1720 202 1811 γὰρ
222 1721 442 1810 ἐπερχόμενον
460 1724 608 1791 ἐκκλῖναι
621 1720 658 1791 τὸ
674 1723 778 1809 νέφος
791 1717 813 1810 ἢ
828 1723 1004 1813 φερομένῳ
1024 1741 1107 1791 συν-

139 1830 366 1916 απενεχθῆναι
392 1830 439 1920 τῷ
467 1827 614 1917 ῥεύματι.
651 1825 731 1910 άξιῶ
756 1827 793 1897 δὲ
814 1819 842 1899 ά
860 1825 982 1917 ἄνδρες
1007 1824 1108 1916 Ἀθη-

139 1947 230 2003 ναῖοι
248 1932 311 2021 τὴν
330 1936 366 2002 ε’κ
383 1936 451 2002 τῶν
469 1933 672 2024 πραγμάτων
690 1934 801 2030 λύπην
819 1935 892 2022 ἐμοὶ
909 1931 988 2022 παρ’
1010 1929 1108 2021 ὑμῶν

140 2044 306 2127 μηδεμίαν
338 2035 564 2126 ἀπογεννῆσαι
601 2041 806 2126 ὃυςμένειαν.
860 2036 903 2109 ού
940 2038 1003 2128 γάρ
1040 2038 1108 2127 ἐγὼ

139 2147 249 2233 κρατῶ
267 2146 325 2231 τῆς
341 2143 458 2230 τύχης,
477 2140 548 2213 ἀλλ’
569 2138 590 2231 ἡ
608 2144 692 2231 τύχη
710 2148 772 2212 τοῦ
789 2151 884 2231 βίου,
908 2142 953 2214 δι’
974 2142 1018 2233 ἣν
1036 2173 1109 2214 κιν-

141 2248 285 2318 ὃννεύει.
313 2252 368 2317 δεῖ
383 2246 420 2317 δὲ
434 2246 495 2316 τὸν
509 2247 714 2336 σύμβουλον,
732 2249 884 2339 καθάπερ
898 2248 959 2318 τὸν
979 2252 1108 2339 ίατρόν,

141 2351 182 2424 ού
201 2356 259 2443 τῆς
281 2353 387 2424 νόσου
410 2380 472 2442 την
495 2358 605 2423 αἰτίαν
628 2350 715 2442 ἔχειν
739 2351 822 2424 άλλά
844 2358 903 2443 της
924 2364 1109 2442 θεραπείας

87 2478 120 2526 16
140 2460 202 2550 τὴν
233 2460 331 2550 χάριν
363 2457 620 2549 ἀπολαμβάνειν.
656 2465 940 2551 καταχωρίσαντες
972 2451 1035 2530 οὗν
1066 2462 1109 2532 τά

142 2568 317 2656 συμβάντα
335 2566 392 2639 διὰ
405 2565 463 2649 τὰς
481 2569 608 2650 ἔξωθεν
622 2572 729 2651 αίτίας
742 2570 847 2650 ψιλοῖς
857 2569 988 2639 ἐπὶτῶν
1001 2592 1109 2657 πραγ-

23 2728 27 2735 .
141 2675 255 2764 μάτων
282 2673 415 2764 γυμνὴν
441 2673 638 2764 θεωρήσατέ
653 2702 719 2764 μου
737 2672 799 2763 την
816 2680 993 2745 πολιτείαν.
1027 2700 1108 2761 μετα

141 2783 245 2850 ταῦτα
262 2786 381 2849 τοίνυν
398 2783 439 2868 τῇ
456 2779 550 2849 πόλει
563 2785 672 2868 τρίτος
686 2780 777 2870 ἐπῄει
794 2779 1108 2871 κίνδυνοςπάντων

142 2982 180 3052 τῷ
198 2976 252 3050 γάρ
267 2974 370 3048 Ἐπαμ.
388 2975 457 3049 κτὲ.]
476 2982 509 3035 cf.
529 2981 620 3049 [Lys.]
640 2985 770 3050 Epitaph.
789 2987 837 3047 603
854 2986 923 3050 Lye.
937 2987 979 3036 50.
995 3011 1029 3019 —-
1047 2988 1111 3044 τοῖς

142 3043 288 3115 σύμπασιν
305 3051 416 3116 scripsi:
439 3053 499 3110 τοῖς
516 3042 653 3115 σάμασιν.
670 3079 704 3088 -
732 3044 780 3104 ἐπὶ
799 3046 835 3103 τά
860 3048 979 3119 Περσῶν
996 3066 1039 3105 οκ.
1056 3052 1109 3104 καλ

139 3110 210 3178 τούς
227 3118 295 3183 θησ.
314 3118 424 3183 scripsi:
448 3110 496 3170 ἐπί
514 3109 551 3169 τά
570 3132 611 3170 σοι.
631 3117 681 3170 καὶ
704 3111 772 3180 τούς
791 3118 912 3187 Περσῶν
928 3113 1110 3186 θησαυροὺς,

211 3187 251 3236 14.
275 3180 352 3252 ἔστη]
372 3179 431 3236 ἐστι
449 3185 481 3236 Τ.

212 3271 252 3321 15.
276 3261 447 3336 πεπρύχθαι
466 3267 497 3320 O.
516 3297 550 3307 -
576 3261 612 3322 ού
629 3263 684 3336 γάρ
703 3263 757 3336 ἐγὼ
775 3270 869 3337 κρατῶ
887 3263 953 3338 κτλ]
975 3273 1010 3322 ef.
1028 3272 1113 3322 Dem.

143 3339 185 3403 18,
206 3338 264 3388 194.
281 3363 315 3374 -
332 3329 384 3388 τὸν
403 3341 468 3388 ante
487 3329 588 3400 ίατρὸν
605 3353 656 3388 om.
676 3337 706 3389 O.

212 3423 252 3471 16.
273 3416 528 3487 ναπαχιορήσαντες
546 3421 578 3474 Τ.
592 3447 626 3458 —-
644 3414 726 3487 ἐπῄει
745 3422 876 3475 Scheibe:
894 3415 942 3477 ἐπὶ
960 3425 998 3487 N,
1016 3439 1067 3474 om.
1085 3425 1111 3489 Ι,

144 3479 258 3554 ἐγένετο
275 3488 299 3537 Τ
317 3487 379 3551 Bk„
397 3479 519 3555 ἐπήγετο
537 3505 563 3544 v.
581 3489 660 3541 Turr.
