2340 3916
163 236 203 296 52
578 224 707 277 12A10T
1032 222 1086 275 οι.
1104 225 1131 275 ι

164 402 278 489 δεμιάς
303 394 416 477 αὐτοῖς
440 397 444 484 Ι
468 400 610 487 ταραχῆς
636 399 887 486 ἐγγιγνομένης,
917 392 958 466 οὕ
980 398 1134 485 χαλεπάς

165 503 341 581 ἐπιδειξειν
358 495 408 568 ὅτι
426 494 528 566 οὐδὲν
545 496 769 588 Νικόστρατος
788 499 934 567 διέθετο·
955 494 1013 565 ἐάν
1032 496 1071 565 δε
1086 492 1132 585 μὴ

162 598 221 669 τὸν
238 603 362 689 πατέρα
379 596 437 667 τὸν
455 593 556 667 αὐτὸν
575 597 660 666 εἶναι
677 602 781 686 φαῖσι,
800 601 861 666 τοῦ
879 598 917 666 δὲ
930 595 1056 687 κλήρου
1073 624 1133 685 μη-

165 701 223 770 δδν
241 690 339 788 ἦττον
357 695 624 788 άμφισβητῶσιν,
643 693 787 787 άκριβῶς
806 709 917 767 ἴσασιν
935 693 986 766 ὅτι
1004 704 1134 767 πλείονι

163 800 251 893 λόγῳ
270 808 376 870 εἰπεῖν
393 800 548 868 τουτουσὶ
567 795 678 885 δεήσει
696 795 740 879 ιδς
758 797 983 889 Νικόστρατος
1002 808 1134 888 Θρασυ-

129 913 146 965 6
163 900 268 990 μάχου
286 892 329 988 ἦν
346 897 366 987 ἢ
385 894 429 979 ὥς
446 894 549 967 οὐδὲν
567 901 709 968 διέθετο.
745 905 791 967 ἔτι
812 900 849 968 δὲ
866 900 922 967 καὶ
934 893 1135 987 ὁμολογοῦν-

164 1029 216 1081 τες
235 998 457 1090 Θρασυμάχου
478 999 540 1086 μὲν
565 998 650 1067 εἶναι
673 997 731 1068 τὸν
754 998 982 1089 Νικόστρατον
1006 995 1071 1068 οὐκ
1093 992 1136 1067 άν

166 1102 253 1188 εἶχον
277 1103 437 1188 ἐξελέγξαι
459 1096 580 1168 τούσδε
603 1094 647 1180 άς
670 1096 732 1168 οὐκ
751 1103 835 1169 εἰσὶν
854 1102 968 1193 ἐκείνῳ
986 1095 1135 1183 άνεψιοί·

164 1198 265 1269 ἄλλον
295 1202 333 1269 δὲ
362 1203 486 1289 πατέρα
516 1204 563 1292 τῷ
585 1205 744 1270 τεθνεῶτι
774 1198 1072 1283 κατασκευάζοντες
1095 1195 1137 1271 οὖ

165 1298 268 1388 μόνον
285 1303 359 1390 περὶ
385 1304 452 1369 τεόν
476 1304 649 1388 διαθηκῶν
671 1297 754 1370 άλλά
772 1304 827 1369 καὶ
845 1302 921 1391 περὶ
939 1304 1001 1370 τοῦ
1017 1303 1137 1389 γένους

165 1398 265 1487 λόγον
283 1399 531 1489 ἐμβεβλήκασιν.

131 1519 148 1567 7
243 1498 314 1570 Οὐκ
339 1505 374 1570 ἐκ
395 1499 523 1571 τούτων
552 1503 589 1570 δὲ
612 1499 715 1590 μόνον
737 1497 865 1588 γνοίητ’
897 1496 939 1570 άν
961 1497 1011 1570 ὅτι
1040 1498 1137 1571 ἄλλοι

166 1605 253 1682 τινές
278 1608 362 1671 είσιν
385 1607 420 1671 ολ
439 1606 544 1672 ταῦτα
568 1604 621 1670 ἐπὶ
645 1605 799 1672 τουτουσὶ
830 1598 1025 1689 ἐπάγοντες,
1055 1598 1140 1671 άλλά

166 1705 223 1771 καὶ
253 1705 288 1771 ἐκ
311 1704 378 1772 τεάν
406 1699 478 1771 κατ’
512 1699 613 1792 άρχάς
634 1706 873 1791 γεγενημένων.
918 1709 968 1782 τίς
990 1698 1056 1792 γάρ
1077 1698 1140 1772 οὐκ

166 1798 375 1893 ἀπεκείρατο,
396 1801 509 1890 ἐπειδὴ
521 1802 566 1872 τά
582 1801 642 1871 δύο
655 1801 803 1872 ταλάντω
818 1806 850 1885 ἐξ
867 1799 960 1890 Ἀκης
977 1799 1140 1890 ἤλθετονς

166 1897 188 1989 ἢ
210 1911 259 1983 τίς
283 1900 323 1973 οά
342 1902 593 1993 μέλαν’ίμάτιον
613 1902 792 1993 ἐφόρησεν,
818 1899 862 1983 άς
887 1901 942 1971 διά
959 1900 996 1972 τδ
1013 1906 1142 1984 πένθος

166 2002 423 2090 κληρονομήσειν
450 2008 508 2091 τῆς
537 2000 668 2087 οὐσίας;
699 1998 720 2090 η’
750 2002 846 2073 πόσοι
882 2018 1056 2091 συγγενεϊς
1085 2005 1142 2073 καὶ

166 2107 252 2182 υἱεῖς
276 2100 358 2171 κατά
382 2102 475 2173 δόσιν
502 2102 783 2192 προσεποιησαυτο
807 2108 874 2174 τοῖν
892 2102 1141 2194 Νικοστράτους

133 2224 150 2275 8
167 2207 387 2291 Λημοσθένης
399 2205 509 2292 μένγε
521 2200 723 2291 ἀδελφιδοῦς
735 2211 799 2292 ἔφη
812 2201 903 2297 αὐτῷ
914 2204 1012 2293 εἶναι,
1025 2202 1142 2292 ἐπειδὴ

170 2299 202 2371 δ’
227 2304 405 2391 ἐξηλέγχθη
422 2300 487 2373 ὑπὸ
504 2302 647 2391 τούτων,
671 2301 808 2392 άπέστη·
834 2304 980 2392 Τήλεφος
1000 2304 1038 2373 δὲ
1065 2308 1142 2375 δαῦ-

167 2432 224 2473 ναι
243 2399 334 2495 αὐτῷ
351 2402 581 2494 Νικόστρατον
599 2402 728 2476 άπαντα
745 2404 785 2476 τά
804 2408 934 2475 ἑαυτοῦ,
970 2406 1026 2474 καὶ
1044 2395 1143 2486 οὗτος

168 2500 209 2573 οά
226 2509 339 2597 πολλῷ
354 2501 494 2594 ὕστερον
513 2495 686 2576 ἐπαύσατο.
711 2503 917 2594 Ἀμεινιάδης
937 2506 974 2574 δὲ
989 2502 1067 2577 υίδν
1084 2502 1143 2575 αὖ·

168 2609 216 2698 τῷ
237 2603 318 2695 πρὸς
340 2603 398 2675 τὸν
424 2604 566 2695 άρχοντα
587 2596 667 2695 ἧκεν
690 2604 782 2694 άγων
811 2604 894 2676 οὐδὲ
915 2608 1027 2695 τριετῆ
1047 2634 1143 2695 γεγο-

167 2704 259 2792 νότα,
278 2709 333 2773 καλ
351 2703 444 2775 ταῦτ’
465 2704 527 2776 οὐκ
545 2706 820 2795 ἐπιδεδημηκότος
837 2709 899 2777 τοά
911 2706 1143 2797 Νικοστράτου

134 2808 288 2880 οὲνδεκα
313 2809 396 2876 ἐτοῖν
416 2803 584 2894 Ἀθήνησι
626 2805 762 2897 Πύρρος
794 2809 830 2876 δὲ
848 2803 865 2877 ὁ
883 2805 1086 2898 Λαμπτρεύς
1102 2809 1146 2897 τῇ

168 2905 231 2993 μὲν
245 2900 372 2996 ’Λθηνηῖ
390 2913 453 2994 ἔφη
471 2905 511 2975 τά
528 2904 677 2995 χρήματα
694 2903 760 2978 ὑπὸ
780 2907 1010 2997 Νικοστράτου
1028 2921 1144 2980 καθιε-

170 3008 316 3095 ρῶσθαι,
336 3002 430 3097 αὐτῷ
448 3003 479 3074 δ’
505 3002 566 3075 ὑπ’
586 3004 693 3078 αὐτοῦ
717 3012 847 3078 ἐκείνου
867 3007 1036 3078 δεδόσθαι.
1056 3018 1144 3095 Κτη-

169 3112 242 3185 σίας
280 3101 312 3174 δ’
343 3102 360 3175 ὁ
390 3105 553 3193 Βησαιεάς
587 3110 641 3177 καὶ
671 3107 824 3198 Κραναὸς
855 3107 890 3178 τδ
919 3109 981 3198 μὲν
1010 3112 1146 3199 πρῶτον

171 3211 268 3293 δίκην
286 3213 415 3294 ἔφασαν
428 3212 487 3277 τοῦ
499 3207 729 3298 Νικοστράτου
742 3209 905 3280 ταλάντου
927 3207 1145 3280 καταδεδικά-

169 3318 267 3395 σθαι,
292 3306 406 3395 ἐπειδὴ
431 3305 463 3378 δ’
487 3306 549 3378 οὐκ
568 3309 657 3398 εἶχον
674 3314 771 3380 τοῦτο
789 3308 978 3398 ἀποδείξαι,
1004 3306 1145 3381 άπελεά-

167 3419 273 3497 θερον
297 3405 400 3478 αὐτὸν
425 3412 554 3481 ίαυτοίν
572 3410 855 3500 προσεποιησαντο
874 3412 972 3481 εἶναι·
991 3413 1048 3481 καὶ
1066 3406 1144 3483 οὐδ’

118 3525 152 3577 10
168 3498 259 3578 οὗτοι
284 3506 305 3577 ά
323 3517 436 3598 ἔλεγον
453 3508 638 3594 άπίδειξαν.
680 3515 735 3581 καὶ
753 3518 787 3581 οί
801 3514 863 3602 μὲν
882 3508 987 3593 εάθάς
1005 3510 1090 3583 κατά
1106 3508 1147 3581 τά
