2340 3916
284 227 406 284 ΠΕΡΙ
423 227 854 309 ΠΑΡΑΠΡΕΣΒΕΙΑΣ.
980 224 1042 291 107

93 392 227 454 Φίλωνα
236 392 369 475 τολμᾷς,
382 389 435 453 καλ
444 391 547 453 ταῦτα
558 387 594 453 έν
604 398 671 463 τοῖς
680 385 932 465 ἐπιεικεστάτοις
940 384 1044 474 Ἀθη-

92 492 213 570 ναίων,
237 491 271 552 οἳ
285 489 384 568 δεῦρο
402 483 636 571 εἰσεληλύθασι
656 481 846 564 δικάσοντες
864 486 962 553 ἕνεκα
982 494 1044 552 τοῦ

90 592 262 673 βελτίστου
272 592 330 671 της
339 584 464 664 πόλεως
475 587 530 654 καὶ
539 592 666 672 μᾶλλον
675 586 874 670 προσέχουσι
882 598 949 663 τοῖς
959 592 1043 672 βίοις

20 695 74 752 161
92 680 219 772 ἡμῶυῆ
229 697 296 764 τοϊς
313 682 431 771 λόγοις.
455 684 580 769 πότερα
590 682 654 769 γάρ
666 678 709 750 άν
721 687 908 772 προσδοκᾷς
921 681 1044 762 αὐτοὺς

92 784 253 864 εὔξασθαι
269 790 408 869 μυρίους
425 781 560 861 ὁπλίτας
577 780 711 869 ὁμοίους
729 789 855 850 Φίλωνι
874 783 1042 868 γενέσθαι,

92 880 196 949 καὶτὰ
209 880 343 967 σώματα
356 880 444 949 οὕτω
457 885 684 968 διακειμένους
694 884 749 951 καλ
760 879 822 968 τὴν
832 881 943 968 ψυχὴν
954 878 1043 948 οὕτω

92 980 284 1066 σώφρονας,
296 976 318 1066 ἢ
330 988 542 1067 τρισμυρίους
552 987 721 1062 κιναίδους
733 987 823 1062 οἴους
834 1008 895 1068 περ
908 982 967 1063 σάς
989 984 1044 1049 καὶ

92 1079 152 1162 τὴν
177 1076 386 1162 Ἑπικράτους
415 1078 602 1166 εὐαγωγίαν
628 1091 690 1151 τοῦ
719 1090 867 1162 Φίλωνος
895 1080 1044 1167 άδελφοῠ

92 1174 264 1260 ἐπανάγεις
276 1183 321 1255 είς
336 1175 454 1263 ὀνείδη.
478 1180 532 1251 καί
549 1187 597 1258 τίς
607 1178 711 1249 αὐτὸν
723 1180 787 1249 εἶδε
799 1182 931 1249 ποίποτε
941 1178 1044 1266 άσχη-

92 1270 316 1360 μουήσανταῆ
326 1272 406 1359 μεθ’
423 1274 567 1364 ἡμέραν,
593 1275 637 1356 ως
654 1279 697 1347 σύ
715 1276 795 1365 φὴς,
818 1282 855 1347 έν
871 1285 911 1367 τη
929 1284 1043 1365 πομπῇ

91 1376 158 1436 τῶν
170 1380 373 1455 Διονυσίων,
384 1368 407 1459 η’
420 1373 572 1457 νύκτωρ;
591 1374 705 1462 οὐγὰρ
717 1372 761 1444 άυ
770 1376 871 1444 τοῦτο’
882 1375 915 1461 γ’
928 1385 1041 1462 εἴποις,

19 1484 74 1539 151
94 1467 137 1549 άς
153 1475 290 1539 ἔλαθεν·
314 1469 355 1539 οὐ
367 1471 431 1558 γάρ
443 1470 602 1559 ἠγνοεῖτο.
625 1477 696 1560 ἐμοὶ
707 1474 760 1560 δὲ,
774 1468 801 1543 ολ
809 1473 996 1561 Ἀθηναῖοι,
1009 1480 1044 1544 ἐκ

90 1575 148 1653 τῆς
169 1570 362 1657 Φιλοδήμου
384 1571 553 1657 θυγατρὸς
574 1576 629 1641 καὶ
650 1581 800 1652 Φίλωνος
823 1571 967 1659 ἀδελφῆς
988 1576 1044 1641 καί

87 1664 299 1751 Ἐπικράτους
315 1683 402 1755 τρείς
419 1675 531 1749 παῖδές
547 1676 624 1757 είσι,
647 1677 704 1757 μία
716 1671 777 1757 μὲν
787 1671 956 1758 θυγάτηρ,
981 1671 1043 1738 δύο

90 1766 125 1834 δὲ
144 1770 240 1847 υίείς·
264 1762 323 1846 οὓς
340 1765 404 1854 έγῶ
418 1773 517 1853 δεῦρο
529 1765 600 1854 ἥκω
611 1770 691 1855 μετά
703 1769 893 1837 τῶνᾶλλων
903 1776 1045 1854 κομίζων
1059 1780 1110 1841 317

90 1862 163 1943 ἕνός
175 1867 380 1952 ἐρωτήματος
398 1870 494 1935 ἕνεκα
513 1869 567 1935 καί
576 1872 754 1954 τεκμηρίου
765 1865 847 1953 πρὸς
858 1865 935 1945 τοὺς
948 1872 1042 1936 δικα-

90 1967 184 2050 στάς,
203 1957 384 2056 ᾦυῦνῆδη
396 1968 566 2054 χρήσομαι.
591 1965 793 2052 έρωτοδγάρ,
814 1957 840 2033 εδ
860 1961 1041 2053 Ἀθηναῖοι,

90 2068 120 2129 εί
130 2067 216 2130 δοκῶ
231 2059 274 2132 άυ
280 2062 359 2150 ὑμῖν
366 2064 448 2151 πρὸς
458 2074 500 2152 τῇ
511 2070 642 2148 πατρίδι
652 2066 707 2133 καὶ
718 2072 759 2152 τῇ
769 2071 836 2131 τῶν
843 2071 951 2150 φίλων
958 2085 1042 2133 σνν-

89 2167 187 2248 ηθεία
204 2163 258 2228 καὶ
276 2166 376 2244 ἱερῶν
392 2167 445 2231 καὶ
463 2167 580 2250 τάφων
597 2163 763 2250 πατρῴων
780 2172 939 2252 μετουσίᾳ
960 2163 1042 2231 τού-

91 2284 167 2336 τους
179 2259 256 2338 τους
273 2261 409 2328 πάντων
420 2260 613 2346 ἀνθρώπων
625 2263 695 2348 ἐμοὶ
708 2262 885 2347 φιλτάτους
894 2267 1043 2345 προδοῦ-

91 2384 145 2425 ναι
157 2365 320 2446 Φιλίππῳ,
333 2363 387 2427 καὶ
400 2363 473 2446 περὶ
487 2365 638 2438 πλείονος
649 2359 710 2446 την
720 2364 850 2427 ἐκείνου
861 2366 975 2445 φιλίαν
986 2367 1043 2444 τῆς

90 2457 218 2525 τούτων
236 2467 397 2544 σωτηρίας
414 2459 625 2545 ποιήσασθαι.
643 2465 721 2545 ποίᾳ
732 2460 909 2543 κρατηθεὶς
918 2454 1025 2545 ἡδονῇ
1031 2487 1041 2540 ;

91 2550 112 2638 η’
123 2562 155 2621 τί
164 2555 295 2622 πώποτε
307 2554 456 2642 άσχημον
467 2558 564 2623 ἕνεκα
576 2555 752 2641 χρημάτων
766 2557 907 2641 πράξαςς
925 2550 1041 2639 οάγδιρ

91 2650 110 2738 ἡ
128 2658 321 2721 Μακεδονία
339 2654 462 2732 κακούς
472 2650 494 2740 ἢ
505 2651 667 2740 χρηστοὺς
679 2667 781 2739 ποιεί,
803 2650 876 2720 άλλ’
892 2651 1039 2738 ἡφύσις·

92 2749 166 2819 οὐδ’
189 2753 288 2837 ἐσμὲν
309 2754 417 2838 ἕτεροί
431 2780 517 2833 τινες
532 2752 669 2840 ἥκοντες
690 2750 754 2819 άπὸ
777 2760 834 2838 τῆς
855 2757 1040 2837 πρεσβείας,

92 2849 164 2920 άλλ’
179 2857 270 2931 οἴους
281 2857 486 2940 ἐξεπέμψατε.

19 2972 73 3026 153
176 2958 435 3039 Συμπέπλεγμαι
452 2952 483 3021 δ’
496 2958 532 3023 έν
544 2965 585 3044 τῇ
597 2963 743 3044 πολιτείᾳ
755 2952 836 3023 καθ’
850 2951 1041 3039 ὑπερβολὴν

90 3051 259 3142 άνθράπφ
271 3054 366 3139 γόητι
377 3053 432 3120 καλ
443 3062 595 3142 πονηρῷ,
620 3052 656 3134 ὃς
673 3051 747 3122 οὐδ’
762 3049 804 3120 άν
815 3051 907 3119 άκων
918 3048 1042 3137 άληθές

90 3151 190 3222 οὐδὲν
203 3165 297 3222 είποι.
319 3152 443 3239 ἡγεῖται
456 3151 499 3239 δ’,
517 3154 599 3221 ὅταν
609 3181 640 3221 τι
652 3150 828 3240 ψεύδηται,
851 3160 919 3219 τῶν
930 3152 1040 3237 λόγων
1057 3165 1110 3222 318

89 3249 189 3334 ὅρκος
207 3249 290 3320 κατά
307 3258 375 3318 τῶν
393 3247 622 3336 άυαισχάυτων
638 3250 841 3337 ὀφθαλμῶν,
864 3248 974 3317 καὶτὰ
993 3247 1038 3336 μη

89 3353 292 3434 γεγενημένα
303 3346 345 3416 οὐ
356 3348 464 3435 μόνον
476 3345 519 3426 ως
532 3352 599 3416 έστι
610 3350 712 3434 λέγει,
726 3346 808 3416 ἄλλά
819 3352 875 3417 καὶ
887 3346 949 3435 τὴν
960 3345 1041 3433 ἡμέ-
1147 3386 1150 3390 ’

89 3472 167 3533 ραν,
191 3451 228 3514 ἐν
244 3438 266 3535 ᾖ
284 3466 366 3534 φησι
382 3450 555 3532 γενέσθαι·
578 3448 632 3515 καλ
643 3454 864 3533 προστίθησιν
875 3446 942 3530 ἅμα
953 3445 1042 3524 ττυός
