2340 3916
123 197 165 263 58
522 192 739 248 ιααοιειαοω

126 341 274 427 ἐμαυτοῦ
300 336 428 427 πατρὸς
451 337 496 426 μή
521 339 629 425 φονέα
652 339 819 424 γενέσθαι.
860 345 897 408 τί
918 338 949 408 δ’
978 335 1022 408 ἀν
1051 340 1098 410 ου’
1156 355 1160 362 ’

91 455 107 505 8
126 442 193 532 πρό
217 468 256 528 γε
278 439 403 509 τούτου
427 439 620 528 τολμήσειεν
647 438 831 529 ἀνθρωπος
849 446 1000 529 ποιήσαις
1026 442 1093 528 ἐγω

125 551 246 613 τοίνυν
267 545 303 612 ἐκ
320 544 390 611 τάν
405 541 585 631 παρόντων
599 542 738 630 εἱλόμην
751 545 880 630 ταῦτα,
899 539 920 612 ἀ
936 543 1010 630 ἐμοὶ
1028 543 1092 630 μὲν

125 645 238 725 λόπας
258 647 313 714 ἐπὶ
332 644 457 734 χρόνον
475 651 634 713 πλεῖστον
652 653 757 714 οἴσειν
776 649 933 732 ἔμελλεν,
950 641 1037 732 ὑμῖν
1055 645 1096 715 δέ

124 754 285 835 ταχίστην
319 751 381 815 τοῦ
418 745 586 835 παρόντος
620 744 695 815 τότε
730 748 836 815 κακοῦ
879 746 1092 834 μετάστασιυ.

125 847 363 937 ἀναμνήσθητε
387 845 426 916 δέ
450 849 487 916 ἐν
511 851 574 940 οἴῳ
598 846 750 939 κινδύνῳ
774 874 810 918 τε
836 848 893 917 καὶ
920 848 1093 939 ἀμηχανίᾳ

123 951 329 1036 καθέστατε,
348 950 406 1017 καὶ
424 945 475 1016 ότι
492 945 582 1017 οὕτω
601 949 736 1038 σφόδρα
754 952 843 1037 σφᾶς
865 948 993 1030 αὐτοάς
1014 953 1093 1020 ἐπε·

9 1100 11 1105 -
125 1052 300 1140 φόβησθε,
332 1047 411 1119 ὥστ’
439 1048 517 1119 οὐδ’
550 1057 599 1131 είς
628 1051 690 1139 τήν
721 1050 851 1141 ἀγοράν
884 1056 931 1121 ἐτι
957 1052 1094 1140 ἐξήειτε,

125 1156 265 1232 ἕκαστος
295 1150 394 1240 δμάυ
432 1152 588 1240 οίόμενος
620 1153 933 1242 συλληφθήσεσθαι.
982 1158 1093 1223 ταῦτα

56 1340 61 1349 θ
123 1261 244 1324 τοίνυν
264 1251 349 1324 ὥστε
366 1252 428 1342 μέν
447 1255 606 1341 γενέσθαι
619 1258 759 1325 τοιαῦτα
769 1307 779 1342 ,
798 1254 986 1325 πολλοστὸν
1002 1255 1045 1342 δή
1063 1283 1094 1325 τι

124 1357 190 1442 ἐγὼ
215 1357 316 1446 μέρος
339 1357 399 1443 τής
422 1361 534 1436 αίτίας
559 1355 708 1445 εδρέθην
734 1363 839 1446 ἔχων,
867 1353 952 1426 ὥστε
977 1359 1094 1444 μέντοι

89 1460 317 1546 9παυθήναι,
344 1456 409 1544 ἐγώ
436 1452 485 1538 εἷς
510 1451 559 1526 ἀν
582 1457 687 1546 μόνος
706 1468 821 1538 αίτιος.
857 1458 915 1527 καὶ
939 1455 1031 1546 ὅμως
1054 1460 1093 1527 τό

123 1586 161 1646 γε
174 1560 444 1646 δυστυχέστατος
457 1558 545 1628 εἶναι
557 1558 753 1649 ἀνθρώπων
768 1558 903 1648 οάδαμή
921 1561 1092 1647 ἐκφεύγω,

122 1659 176 1731 ὅτε
194 1660 236 1749 δή
256 1662 490 1751 προαγομένης
506 1660 571 1749 μέν
587 1664 648 1750 τῆς
666 1661 795 1741 πόλεως
811 1663 867 1732 ἐπὶ
884 1662 1012 1742 ταύτας
1030 1659 1093 1741 τάς

123 1763 303 1853 συμφοράς
322 1762 437 1843 οὐδεὶς
457 1765 540 1851 ἐμοῦ
557 1760 676 1853 ήρχετο
699 1771 880 1851 γίγνεσθαι
903 1767 1093 1851 δυσδαιμο-

121 1867 296 1955 νὲστερος,
327 1865 572 1952 μεθισταμένης
599 1864 637 1934 δὲ
665 1866 767 1935 πόλιν
794 1872 843 1946 είς
868 1864 908 1934 τό
939 1863 1091 1952 ἀσφαλὲς

122 1966 285 2035 ἀπόντων
301 1966 366 2052 ἐγὼ
380 1964 598 2047 ἀθλιώτατος.
627 1963 737 2036 όντων
750 1969 817 2056 γάρ
830 1970 945 2036 κακῶν
963 1968 1089 2037 τοσού-

122 2094 190 2136 των
214 2070 255 2155 τῇ
276 2067 371 2137 πόλει
388 2066 561 2136 ἀδόνατον
584 2058 627 2154 ήν
644 2072 752 2138 ταῦτα
772 2072 911 2156 ίαθήναι
934 2066 1045 2149 ἀλλως
1069 2065 1090 2154 ή

86 2193 111 2232 21
125 2171 172 2260 τῷ
205 2171 274 2260 ἐμῷ
307 2169 458 2260 αίσχρῷ,
482 2169 486 2255 Ι
510 2166 591 2238 ὥστ’
626 2173 663 2240 ἐν
694 2169 788 2263 αὐτῷ
821 2160 847 2261 ᾧ
880 2170 946 2256 ἐγώ
978 2172 1092 2251 κακῶς

124 2276 288 2360 ἔπραττον
308 2273 345 2340 ἐν
362 2270 474 2363 τούτῳ
491 2269 583 2359 ἀμάς
602 2272 773 2356 σώζεσθαι.
800 2272 900 2361 χάριν
914 2262 978 2341 οὖν
998 2272 1091 2351 εἰκός

121 2399 181 2459 με,
200 2370 241 2441 οά
259 2387 356 2460 μίσος
374 2375 421 2466 τῷ
441 2374 673 2463 δυστυχήματι
689 2374 801 2466 τούτῳ
821 2374 986 2463 φέρεσθαι
1004 2372 1088 2462 παρ’

121 2472 230 2563 ὑμῶν.

71 2599 104 2648 10
198 2583 320 2646 Καίτοι
339 2576 405 2663 έγά
424 2576 497 2646 τότ’
516 2576 621 2658 αάτός
634 2576 739 2664 γνοάς
753 2576 814 2658 τάς
833 2578 982 2664 ἐμαυτοῦ
999 2597 1091 2664 συμ--

123 2677 252 2766 φοράς,
280 2668 305 2768 ᾧ
324 2704 388 2746 τινι
405 2682 520 2748 κακῶν
537 2705 573 2748 τε
590 2680 647 2748 καὶ
666 2680 819 2767 αίσχρῶν
836 2677 900 2748 οὐκ
918 2675 985 2746 οἷδ’
1011 2688 1047 2747 εί
1060 2705 1092 2746 τι

122 2776 320 2865 ἀπεγένετο,
350 2778 392 2847 τά
422 2780 486 2867 μὲν
512 2786 683 2872 παρανοίᾳ
713 2783 756 2869 τή
786 2781 954 2868 ἐμαυτοῦ,
985 2779 1027 2847 τά
1053 2777 1086 2846 δ’

122 2878 256 2968 ἀνάγκη
282 2882 351 2948 τῶν
370 2881 551 2971 παρόντων
569 2881 798 2971 πραγμάτων,
824 2888 934 2968 ἐγυων
952 2877 1090 2968 ήδιστου

121 2977 207 3049 εἶναι
226 2981 384 3070 πράττειν
402 3008 438 3052 τε
454 2985 594 3052 τοιαῦτα
612 2984 670 3052 καὶ
688 2986 881 3053 διαιτᾶσθαι
895 2984 980 3069 ἐκεῖ,
1000 2979 1089 3050 ὅπου

120 3077 237 3168 ήκιστα
260 3083 412 3172 μέλλοιμι
436 3082 650 3172 ὀφθήσεσθαι
673 3081 738 3172 ἀφ’
766 3081 873 3172 ὑμῶν.
913 3084 1027 3171 ε’τιειδή
1052 3083 1091 3152 δὲ

121 3183 235 3276 χρόνῳ
253 3183 397 3275 ὕστερον
416 3186 558 3272 είσήλθέ
572 3212 646 3275 μοι,
665 3183 777 3276 ὥσπερ
796 3185 904 3273 είκός,
924 3188 1090 3273 ἐπιθυμιά

120 3287 179 3372 τής
196 3313 232 3355 τε
249 3285 328 3374 μεθ’
348 3285 448 3374 ἀμῶν
467 3295 637 3368 πολιτείας
656 3289 786 3376 ἐκείνης
804 3290 861 3357 καὶ
880 3293 1028 3376 διαίτης,
1056 3287 1089 3368 ἐξ

120 3507 133 3566 ἒ
176 3451 228 3533 Ι10.
237 3437 366 3565 Ῥὕστερον
384 3451 413 3501 in
430 3466 483 3517 mg.
504 3451 566 3502 add.
585 3451 631 3501 Ad.
651 3476 684 3488 -
701 3466 766 3502 num
788 3453 882 3504 πολιτ.
903 3447 953 3502 καὶ
972 3449 1089 3516 διαίτης

135 3531 233 3582 κεινης
268 3542 301 3552 -
