2340 3916
172 198 236 264 208
502 192 791 268 [ΑιεΧιιιον]

171 357 330 445 λαμβάνω
343 352 555 438 Καλλιρρόην
565 351 787 437 Σκάμανδρος
798 345 856 436 όν,
868 352 923 418 καὶ
935 348 1023 418 πόλλ’
1039 349 1123 436 άγα-

173 453 221 524 θά
238 452 452 540 ποιησωσοι.“
483 456 586 518 ταῦτα
605 447 673 536 άμα
690 452 796 534 λέγων
818 450 872 517 καὶ
894 444 1045 534 ἁρπάσας
1062 447 1123 541 τὴν

172 557 274 622 παῖδα
285 549 559 639 άφανὴςγίνεται.
595 545 636 615 οό
653 545 721 633 μὴν
731 550 786 615 καί
796 544 986 633 τόπράγμα
997 544 1123 633 άφανὲς
1144 561 1160 614 6

172 657 313 738 γίνεται,
337 646 420 718 άλλά
438 651 608 733 τέτταρσιν
625 644 768 729 ὕστερον
778 643 914 732 ἡμέραις
924 643 1037 732 πομπὴ
1061 648 1124 732 μὲν

172 744 216 839 ἦν
224 749 432 836 Ἀφροδίτης,
453 747 645 833 ἐπόμπευον
663 746 700 814 δὲ
716 749 754 813 αί
762 747 879 813 νεωστὶ
889 749 1122 832 γεγαμημέναι,

173 850 229 918 καὶ
239 846 330 936 ἡμεῖς
340 847 402 935 την
413 845 549 933 πομπὴν
560 844 744 932 ἐθεώμεθα.
778 841 853 933 ἡδὲ
870 844 986 932 νόμφη
1005 850 1123 912 ἰδοῦσα

103 966 158 1024 602
174 946 234 1016 τόν
244 954 383 1033 Κίμωνα
395 943 440 1026 άς
450 947 554 1032 μηδὲν
566 941 656 1036 αὑτῷ
667 942 772 1013 κακόν
782 944 957 1012 συνειδότα
974 942 1043 1031 άμα
1053 947 1123 1031 ἐμοὶ

174 1046 360 1133 θεώμενον,
372 1045 612 1132 προσεκύνησε,
625 1047 680 1113 καί
691 1042 906 1132 ἀποβλέψασα
921 1051 966 1122 είς
977 1042 1123 1130 τηντρο-

172 1144 241 1230 φὸν
252 1142 381 1233 ,,ὁρηῖς“Ι
391 1148 465 1230 ἔφη,
478 1141 675 1231 ,,τίτθη,τὸν
684 1134 952 1235 Σκάμανδρον,ᾦ
963 1140 1025 1228 τὴν
1036 1167 1118 1226 παρ-

173 1248 460 1324 θενίανέδωκα;ιι
482 1240 1047 1330 καδὴῑτίτθηάκοόσασαάνέκραγε,
1068 1245 1123 1309 καὶ

173 1340 211 1411 τό
224 1351 358 1428 πρᾶγμα
370 1346 535 1410 ἔκπυστον
546 1351 680 1428 γίνεται.
701 1342 745 1422 ὠς
758 1344 793 1412 δὲ
805 1347 918 1412 οἴκαδε
926 1345 1121 1428 εἰσέρχομαι,
1146 1349 1162 1404 λ

172 1440 417 1528 καταλαμβάνω
432 1440 492 1515 τόν
501 1449 656 1529 Κίμωνα,
681 1445 736 1511 καὶ
753 1440 806 1511 οἷα
822 1435 865 1529 ἦν
884 1440 971 1520 είκός
986 1442 1084 1527 ε’ργάζ
1104 1482 1122 1492 -

173 1568 250 1628 μαι,
272 1546 386 1607 καλοῖν
402 1536 542 1607 άνόσιον
559 1541 614 1609 καὶ
626 1538 664 1608 δι’
678 1538 784 1608 αὐτόν
795 1539 1001 1608 άπολωλέναι
1015 1544 1122 1625 λέγων

173 1635 267 1723 ἡμεῖς.
301 1635 367 1705 ὁδὲ
377 1635 478 1705 οὐδὲν
488 1635 526 1704 δι’
540 1635 621 1705 αὐτὸ
634 1642 761 1706 ἔδεισεν
766 1689 775 1724 ,
794 1635 872 1706 οὐδὲ
889 1635 1043 1725 ᾐσχύνθη
1055 1652 1123 1716 τοῖς

174 1739 432 1823 πεπραγμένοις,
455 1733 539 1804 ἄλλά
560 1737 695 1823 μύθους
716 1736 913 1824 ἐπεβάλλετο
932 1740 1040 1822 λέγειν
1056 1763 1123 1822 μα-

173 1834 291 1923 κροὺς,
315 1832 393 1914 τοδς
410 1832 619 1921 ἁπανταχόθι
640 1842 770 1921 τροχῶν
793 1835 866 1916 άξια
887 1838 1124 1922 εἰργασμένους

171 1935 489 2020 καταριθμούμενος.
521 1931 660 2019 καὶγὰρ
681 1936 718 2000 έν
730 1939 911 2022 Μαγνησίᾳ
932 1942 1031 2000 τοῦτο
1048 1935 1124 2015 περὶ
1146 1942 1163 1995 8

173 2037 374 2116 Μαίανδρον
385 2028 445 2099 τόν
456 2030 607 2118 ποταμόν
620 2038 683 2119 ἔφη
694 2038 866 2119 γεγονέναι
877 2030 944 2100 ὑπό
955 2059 1044 2111 τινος
1054 2040 1125 2100 τῶν

173 2133 352 2215 ἐκεϊνέων,
369 2127 424 2216 άφ’
438 2120 480 2197 οὗ
490 2131 545 2198 καὶ
559 2137 607 2197 ἔτι
617 2130 763 2217 σήμερον
771 2131 932 2199 ’Ἀτταλον
944 2129 1003 2199 τὸν
1015 2128 1125 2216 άθλη-

174 2224 235 2313 τὴν
246 2224 264 2294 ὁ
277 2226 401 2313 πατὴρ,
423 2233 504 2314 ἔφη,
525 2224 632 2296 αὐτοῦ
644 2226 705 2315 οόχ
716 2230 838 2296 ἑαυτοῦ
848 2226 942 2316 υἱόν,
964 2227 1048 2297 άλλά
1062 2238 1125 2295 τοῦ

173 2327 378 2414 Μαιάνδρου
391 2326 475 2397 είναι
485 2335 652 2415 πείθεται,
675 2331 730 2396 καὶ
742 2326 796 2397 διά
806 2335 904 2398 τοῦτο
917 2327 1021 2397 αὐτόν
1033 2328 1124 2396 οὕτω

174 2424 265 2495 πάνυ
283 2432 405 2512 νομίζει
422 2435 559 2511 σαρκοῖν
575 2453 610 2496 τε
624 2429 679 2496 καὶ
690 2427 802 2515 βάμης
813 2420 964 2514 εὖέχειν·
988 2425 1125 2496 ἐπειδάν

174 2531 211 2594 δὲ
227 2524 352 2605 πολλάς
368 2523 481 2614 λαβάν
497 2525 623 2614 πληγάς
639 2528 695 2598 καὶ
711 2526 936 2615 ἀπειπάμενος
953 2531 1037 2617 έξίη,
1062 2527 1124 2595 τόν

102 2637 157 2695 683
174 2623 324 2712 ποταμόν
336 2624 426 2716 αὐτῷ
435 2635 613 2713 νεμεσῆσαι
624 2631 727 2713 λέγει,
740 2627 791 2695 ότι
800 2626 936 2714 νικήσας
945 2625 987 2721 οὐ
999 2631 1124 2711 πατέρα

174 2722 503 2810 άνηγόρευεναότόυ.
531 2724 594 2794 οὐκ
605 2724 654 2810 ἄρ’
667 2724 788 2808 άπορεῑ
795 2752 832 2811 γε
841 2723 1027 2812 ἡττώμενος
1037 2749 1125 2809 προ-

174 2823 314 2907 φάσεως.
337 2823 393 2892 καὶ
404 2826 479 2909 περὶ
487 2820 686 2909 Ἐπίδαμνον
697 2818 728 2890 δ’
736 2819 866 2908 ὁμοίως,
874 2823 974 2892 πόλιν
983 2821 1049 2891 κατ’
1062 2822 1125 2892 Ἰό-
1145 2831 1162 2885 9

174 2948 263 3006 νιον,
276 2926 339 3008 ἔφη
351 2918 514 3007 μουσικόν
523 2917 578 2990 ὑπ’
589 2919 744 3008 εὐηθείας
753 2930 946 3006 πεπεῖσθαι,
964 2919 1126 3004 ότιἩρα-

174 3022 292 3098 κλέους
310 3030 359 3107 είη
376 3017 413 3088 τὸ
432 3024 468 3087 ἐκ
485 3028 605 3106 μοιχοῦ
621 3017 759 3105 γεγονός
776 3017 868 3107 αὐτῷ
883 3025 1026 3087 παιδίον.
1057 3019 1124 3104 ἐγω

175 3117 210 3185 δὲ
234 3116 296 3185 οὐκ
316 3118 639 3204 ἐπαιδοποιησάμην,
669 3123 749 3204 ἔφη,
778 3116 865 3198 άπαξ
889 3116 924 3186 δὲ
946 3121 1123 3204 διελέχθην

174 3219 266 3286 παιδὶ
277 3213 439 3306 ὑπεράριμ
451 3242 486 3284 τε
495 3216 571 3305 ἤδη,
579 3221 634 3286 καί
644 3221 829 3303 λουομένην
838 3213 944 3302 αὐτὴν
955 3217 1034 3302 μετά
1048 3224 1125 3302 μιάς

175 3313 277 3400 γραός
288 3314 378 3383 ίδοόν.
402 3317 456 3382 καὶ
467 3314 574 3394 άλλως
585 3313 615 3383 δ’
630 3316 739 3384 ἐδόκει
748 3342 820 3402 μοι,
839 3321 914 3401 ἔφη,
926 3312 969 3394 ὡς
979 3313 1023 3401 μη
1035 3340 1124 3384 παν-

103 3430 158 3488 σθλ
173 3413 295 3480 τάπασι
312 3410 351 3480 τά
372 3417 408 3480 έν
420 3413 500 3502 Ἰλίῳ
518 3415 656 3499 τραγικά
674 3416 779 3482 τεκαὶ
797 3410 925 3500 φοβερά
944 3406 967 3497 ἦ
985 3424 1120 3497 παθεῖν,
