2340 3916
154 185 193 249 18
529 184 743 237 Δυιααναον
826 179 828 184 ·

116 338 123 441 ‘j
152 353 199 427 είς
217 344 279 432 τὴν
302 341 430 433 άγορόιν
448 340 744 431 άνατεθησομένην
763 344 891 426 εἰκόνας
916 340 936 432 ἢ
961 345 998 414 τὸ
1018 350 1116 433 ποιη-

117 444 124 567 J
153 475 209 522 σαι
244 458 380 530 πολίτας
412 445 493 537 ὑμῖν
531 452 736 539 Χαιρέφιλον
777 452 832 519 καὶ
867 456 1022 520 Φείδωνα
1060 455 1117 521 καὶ

152 559 334 646 Πάμφιλον
361 557 417 624 καὶ
446 561 648 643 Φείδιππον,
675 551 695 643 ἢ
724 556 825 625 πάλιν
854 553 1028 645 Ἐπιγένην
1061 561 1118 626 καὶ

151 664 296 734 Κόνωνα
323 660 402 742 τοὺς
428 668 633 750 τραπεζίτας;
661 657 680 747 ἢ
708 660 746 730 τὸ
775 665 917 749 χαλκοῦς
945 665 981 731 ἐν
1009 661 1118 754 άγορᾷ

153 775 271 859 στῆσαι
289 767 478 857 Βιρισάδην
496 769 551 836 καί
570 766 728 855 Σάτυρον
751 770 807 838 καὶ
827 768 1020 857 Γόργιππον
1038 768 1120 850 τοὺς

116 868 123 977 λ
153 881 189 946 ἐκ
207 879 268 946 τοῦ
287 874 422 944 Πόντον
441 874 643 962 τυράννους,
666 871 744 963 παρ’
766 865 815 943 τόν
834 871 923 966 αὐτῷ
941 881 1041 962 χίλιοι
1061 879 1118 962 με’-

119 982 125 1037 3
153 989 266 1072 διμνοι
292 984 353 1049 τοῦ
371 981 527 1048 ἐνιαυτοῦ
545 982 663 1067 πυρῶν
682 975 953 1067 ἀποστέλλονται,
972 984 1018 1072 τῷ
1038 979 1116 1050 οὐδ’

102 1040 135 1193 οδ
153 1088 231 1158 ὅποι
254 1085 431 1173 καταφόγη
455 1082 573 1154 αὐτίκα
597 1085 740 1173 φήσοντι
764 1084 864 1169 είυαι;
889 1083 966 1174 ἢτὸ
990 1087 1120 1176 γράψαι

42 1210 85 1284 μ·
157 1195 397 1282 Ταυροσθένην
418 1188 599 1277 Ἀθηναῖον
619 1189 706 1259 εἶναι
721 1190 809 1282 (τὸν)
829 1191 908 1273 τοὺς
926 1192 987 1279 μὲν
1011 1189 1119 1262 αὑτοῦ

152 1307 289 1379 πολίτας
298 1296 652 1384 καταδουλωσάμενον,
662 1300 719 1384 τῆς
738 1295 766 1367 δ’
778 1295 928 1385 Εὐβοίας
944 1296 1023 1385 ὅλης
1037 1299 1120 1386 μετά

153 1409 214 1475 τοῦ
234 1401 384 1491 άδελφοῦ
402 1409 551 1471 Καλλίου
574 1402 744 1492 προδότην
764 1410 917 1496 Φιλίππῳ
942 1407 1118 1491 γεγενημέ-

153 1540 229 1593 νους
253 1507 300 1603 Ιὃν
324 1506 386 1579 οὐκ
410 1511 510 1577 ἐῶσιν
534 1512 569 1578 οί
593 1508 692 1596 νόμοι
709 1513 767 1597 τῆς
792 1507 982 1598 Ἀθηναίων
1009 1511 1120 1599 χώρας

154 1621 353 1705 ἐπιβαίνειν,
381 1621 412 1685 εί
434 1615 471 1684 δὲ
495 1614 555 1703 μή,
582 1629 652 1696 τοῖς
675 1613 790 1698 αὐτοῖς
813 1622 933 1704 ἔνοχον
956 1615 1042 1686 εἶναι
1065 1644 1118 1685 κε-

154 1726 311 1795 λεύουσιν
335 1716 450 1811 οἷσπερ
474 1719 517 1789 άυ
539 1746 588 1802 τις
614 1724 683 1789 τῶν
710 1722 908 1809 φευγόντων
935 1725 968 1804 ἐξ
989 1719 1119 1812 Ἀρείου

153 1832 264 1918 πάγου
287 1835 392 1916 κατίη.
428 1829 484 1896 καί
502 1829 622 1895 τοῦτον
646 1819 744 1910 οὗτος
767 1823 785 1898 ὁ
805 1827 981 1916 δημοτικὸς
1004 1825 1118 1916 ὑμέτε-

102 1966 136 2014 45
154 1965 216 2028 ρον
235 1943 359 2025 ἔγραψε
376 1939 517 2020 πολίτην
536 1930 631 2002 εἶναι.
667 1936 742 2024 περὶ
760 1935 889 2005 τούτων
913 1927 976 2004 οὖν
994 1935 1119 2023 μάρτυ-

154 2072 215 2133 ρας
233 2039 314 2128 ὑμῖν
333 2044 387 2108 δεῖ
403 2048 532 2125 καλεῖν,
551 2034 572 2125 ἢ
592 2040 667 2128 περὶ
685 2043 753 2109 τῶν
771 2039 882 2110 ἄλλων
901 2038 1001 2122 ὅσους
1021 2031 1120 2120 οὗτος

153 2151 300 2237 γέγραφε
318 2147 500 2234 προξένους
519 2142 606 2213 εἶναι
624 2147 680 2213 καί
696 2142 911 2233 Ἀθηναίους;
937 2139 1006 2236 (ἄρ’
1029 2138 1119 2233 οὖν),

114 2282 140 2322 96
153 2253 237 2344 πρὸς
255 2255 313 2340 τῆς
338 2251 342 2339 Ι
365 2248 519 2337 Ἀθηνᾶς,
539 2258 652 2318 οίεσθε
667 2248 771 2320 αὐτὸν
784 2249 948 2340 άργόριον
967 2252 1028 2340 μὲν
1047 2260 1119 2338 χαί-

155 2388 226 2451 ρειν
245 2356 474 2446 λαμβάνοντα,
492 2361 634 2445 χρυσίον
654 2353 685 2425 δ’
707 2366 812 2426 είκοσι
830 2357 974 2425 τάλαντα
994 2355 1056 2425 οὐκ
1076 2354 1120 2424 άν

153 2475 284 2556 λαβεῖν;
307 2461 328 2553 ἢ
351 2461 434 2534 κατὰ
457 2459 578 2551 μικρὸν
600 2461 662 2550 μὲν
685 2467 905 2552 δωροδοκεῖν,
929 2459 1059 2553 ἀθρόον
1084 2461 1116 2529 δ’

155 2573 217 2644 οὐκ
244 2569 287 2642 άν
314 2571 563 2661 προσδέξασθαι
589 2571 754 2638 τοσοῦτον
781 2573 904 2658 λῆμμα;
937 2564 958 2658 ἢ
990 2566 1052 2656 τὴν
1085 2571 1118 2649 ἐξ

154 2775 817 2917 ακοντισαιαισιιιῖυ·τι
835 2786 958 2920 των
970 2780 1118 2904 πίονι

153 2942 208 2978 που
222 2900 293 2989 Βςλό.
304 2922 356 2988 Ep.
367 2920 402 2971 ad
412 2919 507 2970 Schill.
518 2935 543 2984 p.
556 2921 604 2980 155
614 2922 678 2973 coll.
688 2873 801 2974 Athffx
814 2938 840 2988 p.
849 2924 900 2973 407
910 2923 946 2971 E:
966 2920 1118 2974 Φίλιππον.

155 3021 186 3030 -
204 2982 223 3058 ἢ
240 2985 330 3043 πάλιν
342 2992 398 3042 Nm:
417 2985 467 3039 καὶ
478 2983 620 3039 πάλαι-
632 2983 798 3056 Βηρισάδην
806 2989 884 3052 Δλδ.;
903 3003 969 3040 vera
979 2990 1119 3068 scriptura

154 3066 198 3113 est
224 3053 372 3126 Παιρισάδ
393 3072 416 3116 ς,
436 3056 472 3107 ολ.
488 3055 611 3108 Boeckh.
627 3056 656 3108 0.
666 3057 693 3110 J.
707 3059 760 3122 Ip.
772 3059 813 3108 92.
830 3081 865 3093 -
882 3047 915 3107 ἐκ
932 3051 984 3107 τον
1002 3056 1119 3107 Ποντου

154 3129 228 3179 Bait.
251 3128 343 3182 Turn:
372 3073 404 3179 ίιι
426 3117 536 3178 τούτων
564 3122 658 3190 codd„
687 3118 848 3199 ἐχθίστους,
862 3122 924 3175 ΑῙδ.
945 3123 998 3173 Bk.
1017 3123 1068 3172 Mr.
1085 3147 1119 3157 -

154 3193 291 3262 μέδιμνοι
309 3194 427 3246 Gibbon.
445 3208 492 3258 ap.
509 3189 594 3241 Dobr.
612 3190 682 3242 Wm.
702 3192 793 3247 Turn:
811 3189 910 3256 μοδιοι
929 3190 993 3255 (δεῖ.
1005 3189 1119 3253 Mn).—

155 3258 222 3319 ὅποι
244 3265 269 3316 Ν
286 3264 378 3314 Turn:
397 3249 463 3329 ὅπῃ.
486 3257 522 3310 τί.
541 3257 639 3312 Aesch.
658 3263 687 3324 3,
704 3261 762 3311 209.
781 3286 816 3295 -
834 3253 946 3311 εἰδέναι
966 3259 1000 3308 ci.
1018 3257 1072 3311 Bk.

221 3351 262 3400 44.
289 3339 403 3414 γράψαι
421 3343 475 3395 del.
495 3356 557 3395 cum
583 3341 616 3395 R.
634 3342 713 3395 Turr.
741 3368 776 3379 -
805 3335 880 3409 (τόν)
902 3336 970 3402 τοὺς
988 3342 1064 3395 Bait.
1086 3367 1119 3378 -

154 3410 244 3472 αὑτοῦ
261 3416 286 3466 Α
298 3415 363 3465 Bk.:
384 3402 474 3464 αὐτοῦ
491 3411 524 3475 Ν,
545 3407 624 3477 αότῷ
641 3427 712 3462 v.-
729 3411 825 3463 κατίοι
835 3411 966 3462 ABLZM.

218 3503 261 3553 45.
286 3493 438 3565 τοσοῦτον]
455 3495 559 3551 τοῦτον
576 3500 602 3550 Ν
620 3504 649 3548 et
665 3513 705 3563 pr.
723 3495 746 3546 A
765 3495 856 3550 σου).
