2340 3916
126 162 186 226 166
476 162 728 220 ΑΙΣΧΙΝΟΥ

124 322 243 408 ἀνδρες
254 321 377 410 ἀγαθοὶ
388 321 571 408 γενόμενοι,
579 322 672 407 μέχρι
682 319 854 410 μὲνήβηςὸ
868 327 970 411 δῆμος
985 330 1076 412 ἔτρε-

124 448 184 508 φε,
208 425 284 491 νυνὶ
307 425 342 492 δὲ
362 428 569 500 καθοπλίσας
587 424 666 509 τῇδε
688 428 729 509 τῇ
747 429 914 511 πανοπλίᾳ
938 422 1075 510 ἀφίησιν

124 520 239 609 ἀγαθή
256 523 339 612 τύχη
356 527 537 607 τρέπεσθαι
553 522 605 588 ἐπὶ
621 517 661 587 τά
680 520 808 589 ἑαυτῶν
814 572 824 606 ,
851 523 905 589 καὶ
922 531 1016 590 καλεῖ
1031 530 1076 602 είς

124 626 313 706 προεδρίαν.
344 622 418 690 τότε
436 620 497 706 μὲν
514 617 603 686 ταῦτ’
622 618 818 705 ἐκήρυττεν,
841 617 909 688 ἀλλ’
932 618 974 687 ού
998 629 1074 704 νῦν,
1094 634 1143 685 155

125 715 209 786 ἀλλά
232 719 527 807 παραστησάμενος
548 716 608 784 τὸν
625 725 682 803 τῆς
700 715 863 804 ὀρφανίας
879 733 947 798 τοῖς
961 721 1075 788 παισίν

56 835 108 889 543
123 826 230 884 αίτιον
242 825 277 886 τί
292 815 360 886 ποτ’
375 811 525 902 ἀνερείή
541 824 575 884 τί
584 819 777 902 φθέγξεται;
799 820 853 886 καὶ
864 817 927 903 γάρ
940 816 997 884 ἐάν
1012 817 1075 885 αύ-

123 916 162 982 τά
175 921 276 1006 διεξίη
287 916 326 985 τά
341 921 376 986 ἐκ
386 925 446 984 τοῦ
457 923 667 1002 ψηφίσματος
678 917 931 1003 προστάγματα,
950 916 1017 984 ἀλλ’
1032 917 1074 984 ού

122 1015 161 1081 τό
184 1013 211 1100 γ’
231 1019 265 1082 ἐκ
288 1023 344 1101 τῆς
366 1014 526 1101 ἀληθείας
548 1013 685 1099 αἰσχρόν
702 1016 965 1103 σιωπηθήσεται,
989 1013 1073 1084 άλλά

122 1109 280 1182 τάναντία
291 1113 377 1194 δόξει
388 1123 430 1202 τῇ
439 1121 500 1181 τοῦ
513 1114 657 1199 κήρυκος
668 1121 766 1202 φωνή
778 1119 1004 1202 φθέγγεσθαι,
1022 1115 1074 1184 ότι

123 1210 221 1277 τόνδε
238 1209 299 1278 τόν
317 1209 439 1296 ἀνδρα,
467 1217 497 1279 εί
513 1210 552 1298 δή
571 1215 625 1279 καί
644 1204 742 1292 ούτος
757 1210 859 1301 ἀνήρ,
885 1213 1072 1302 στεφανοϊὸ

123 1314 226 1395 δῆμος
241 1319 309 1377 τῶν
323 1309 511 1396 Ἀθηναίων
529 1307 647 1397 ἀρετῆς
664 1313 761 1379 ἕνεκα
779 1310 839 1380 τὸν
848 1314 1006 1381 κάκιστον
1018 1317 1071 1381 καὶ

122 1407 387 1531 ἀνδραγαθίας
367 1435 463 1477 ενεκα
482 1407 543 1478 τόν
560 1408 730 1493 άνανδρον
747 1411 801 1477 καὶ
818 1412 991 1479 λελοιπότα
1010 1411 1071 1531 τήν

53 1523 106 1577 544
119 1508 221 1588 τάξιν
244 1508 288 1595 μή
302 1506 384 1592 πρός
394 1506 543 1586 τοῦΔιός
554 1509 608 1576 καὶ
620 1516 689 1576 τῶν
699 1507 811 1577 ἀλλων
822 1515 950 1595 θεῶν,
936 1511 1072 1577 ικετεύω
1091 1533 1141 1587 155

121 1605 223 1735 ὑμᾶς,
238 1636 263 1676 υ
252 1602 413 1695 Ἀθηναί
413 1635 459 1692 οι,
482 1606 525 1695 μὴ
539 1608 698 1693 τρόπαιον
709 1612 818 1676 ἵστατε
831 1605 885 1693 ἀφ’
900 1606 996 1694 ὑμῶν
1008 1607 1071 1676 αύ-

120 1717 189 1776 τῶν
202 1711 238 1776 ἐν
249 1717 360 1796 τήνου
345 1708 545 1775 Διονύσου
557 1705 732 1827 όρχήστρηι,
745 1705 823 1793 μηδ’
833 1711 952 1793 αἱρεῖτε
964 1732 1071 1790 παρα-

122 1815 214 1886 νοιάς
232 1812 384 1876 ἐναντίον
398 1814 466 1875 τῶν
491 1804 659 1891 Ελλήνων
674 1805 735 1873 τόν
754 1811 861 1891 δήμου
885 1815 954 1873 τῶν
970 1804 1071 1892 Ἀθη-

121 1913 236 1992 ναίυν,
253 1907 330 1994 μηδ’
344 1905 609 1993 ὑπομιμνήσκετε
623 1914 691 1972 τῶν
703 1903 849 1973 ἀνιάτων
870 1908 925 1974 καί
947 1904 1070 1992 ἀνηκέ-

122 2031 211 2076 στων
222 2015 337 2076 κακῶν
348 2006 427 2087 τούς
440 2006 670 2090 ταλαιπώρους
681 2012 857 2093 Θηβαίους,
871 2002 928 2083 οὓς
940 2005 1070 2090 φυγόν-

120 2133 178 2184 τας
189 2104 243 2173 διά
255 2113 376 2172 τούτου
387 2101 589 2190 ὑποδέδεχθε
600 2111 639 2192 τῇ
650 2104 756 2191 πόλει,
764 2095 813 2171 ῶν
823 2104 895 2186 ίερά
907 2107 960 2171 καὶ
971 2106 1070 2172 τέκνα

122 2207 177 2272 καὶ
194 2205 323 2289 τάφους
340 2201 511 2270 άπῶλεσεν
526 2201 802 2289 ήΔημοσθένους
819 2208 1004 2289 δωροδοκία
1015 2207 1070 2271 καὶ

122 2303 159 2373 τό
178 2301 351 2391 βασιλικόν
366 2308 521 2389 χρυσίον·
555 2300 625 2369 ἀλλ’
643 2301 755 2389 ἐπειδή
775 2319 841 2382 τοῖς
861 2304 1010 2390 σάμασιν
1027 2299 1068 2370 ού
1087 2330 1134 2385 157

122 2403 363 2489 παρεγένεσθε,
386 2398 470 2469 ἀλλά
488 2413 557 2479 ταῖς
575 2427 613 2486 γε
625 2404 784 2480 διανοίαις
795 2398 992 2488 ἀποβλέψατ’
1006 2399 1069 2468 αύ-

120 2510 188 2571 τῶν
199 2509 245 2581 είς
255 2500 313 2581 τάς
324 2499 513 2588 συμφοράς,
526 2503 580 2568 καὶ
591 2497 743 2587 νομίσαθ’
757 2498 839 2588 ὁρῶν
850 2498 1069 2586 ἁλισκομένην

120 2601 183 2688 τήν
204 2602 318 2685 πόλιν,
347 2609 464 2686 τειχῶν
484 2599 714 2687 κατασκαφάς,
745 2600 919 2687 ἐμπρήσεις
943 2605 1067 2682 οίκιῶν,
1107 2626 1113 2631 ·

120 2699 283 2786 ἀγομένας
299 2713 458 2785 γυναῖκας
469 2702 524 2768 καί
540 2704 658 2778 παῖδας
669 2707 714 2779 είς
728 2703 898 2784 δουλείαν,
921 2700 1066 2785 πρεσβύ-

120 2827 176 2876 τας
188 2797 401 2883 άνθρῶπους,
415 2799 635 2884 πρεσβύτιδας
645 2813 814 2885 γυναῖκας,
828 2797 890 2880 ὀψέ
900 2824 1067 2884 μεταμαν-

118 2898 286 2975 θάνοντας
314 2896 374 2982 τήν
401 2901 612 2982 ἐλευθερίαν,
640 2905 829 2984 κλαίοντας,
858 2898 1066 2975 ἱκετεύοντας

117 2993 219 3081 ὑμᾶς,
233 2991 463 3082 ὀργιζομένους
476 2994 516 3063 ού
527 3011 595 3077 τοῖς
604 3001 879 3085 τιμωρουμένοις,
902 2994 986 3064 ἀλλά
998 3011 1065 3075 τοῖς

116 3094 245 3163 τούτων
258 3101 387 3180 αἰτίοις,
411 3096 671 3182 ἐπισκήπτοντας
686 3098 802 3185 μηδενὶ
813 3096 925 3186 τρόπμ
937 3093 998 3162 τόν
1009 3104 1066 3181 της

111 3193 266 3272 Ἑλλάδος
277 3191 447 3280 ἀλιτήριον
459 3205 665 3282 στεφανοῦν,
689 3194 772 3263 ἀλλὰ
789 3196 843 3262 καὶ
854 3192 914 3262 τόν
925 3199 1065 3279 δαίμονα

116 3296 170 3361 καλ
182 3291 244 3379 τήν
255 3294 359 3379 τύχην
373 3292 434 3379 τήν
452 3303 847 3381 συμπαρακολουθοῦσαν
862 3301 908 3384 τῶ
926 3293 1064 3380 ἀνθρά-

47 3402 97 3456 545
115 3399 166 3482 πρῶ
190 3394 411 3475 φυλάξασθαι.
444 3391 521 3461 οὔτε
544 3396 639 3474 πόλις
655 3392 724 3480 ’γάρ
743 3392 809 3462 οὔτ’
829 3395 960 3480 ίδιῶτης
980 3393 1065 3480 ἀνήρ
1084 3421 1133 3474 153
