2340 3916
165 186 205 249 52
499 186 682 242 ΑΙΣΧΙΝ
690 185 754 241 01⁷

165 345 225 412 τὸν
236 347 330 425 ξένου
342 345 424 429 πρὸς
436 345 494 411 τὸν
507 341 649 428 ἄρχοντα
662 338 846 427 ἀπήγαγεν,
868 333 896 429 ᾦ
908 343 1122 427 παρήδρευεν

164 440 1122 530 ἈριστοφῶνὸἈζηνιεύς,ἐπαιτιασάμενοςτέτταραςδραχ-

166 542 229 630 μὰς
250 541 355 612 αὑτὸν
372 541 455 626 ὑπὲρ
473 549 530 627 τής
547 541 695 625 πράξεως
716 540 838 626 ταύτης
849 538 1120 626 ἀπεστερηκέναι,

165 646 220 711 καὶ
231 641 309 722 τούς
321 643 446 728 νόμους
457 643 579 723 λέγων,
598 638 814 706 οἳκελεύουσι
826 635 885 705 τὸν
896 636 1041 723 ἄρχοντα
1053 646 1122 705 τῶν

165 739 326 826 ὀρφανῶν
349 745 591 827 ἐπιμελεῖσθαι,
616 735 694 816 τούς
713 735 796 821 ὑπὲρ
818 746 875 823 τής
897 738 1122 823 σωφροσύνης

165 845 337 925 κειμένους
347 837 446 917 αύτός
457 834 707 924 ύπερβεβηκύςς
729 831 751 921 ή
762 842 810 913 τίς
820 844 887 902 των
899 844 1046 904 πολιτῶν
1057 834 1121 903 οὐκ

101 959 149 1012 160
163 943 373 1026 ἐδυσχέραινε
390 937 636 1023 Κηφισόδωρον
651 932 712 1001 τὸν
730 960 791 1001 του
779 935 977 1013 Μόλωνος
994 935 1121 1001 καλού-

167 1065 269 1124 μενον
308 1043 486 1120 καλλίστην
504 1032 596 1153 ύρριν
614 1033 721 1113 ὅψεως
738 1030 936 1099 α’κλεέστατα
954 1036 1121 1118 διεφθαρ-

167 1136 263 1216 κύτα;
281 1131 313 1223 ή
297 1134 525 1259 λληησίθεον
528 1130 659 1200 τὸντού
670 1139 830 1217 μαγείρου
848 1130 1075 1217 καλούμενονς
1100 1128 1121 1216 ή

167 1235 343 1313 πολλούς
327 1237 475 1318 ετέρους,
498 1258 546 1299 ων
566 1230 653 1300 ἐκων
675 1233 957 1316 ἐπιλανθανομαις
990 1228 1033 1297 ού
1054 1257 1119 1315 χαρ
1139 1254 1169 1304 15

167 1337 354 1412 ἐπεξελθεῖν
372 1330 521 1399 αύτῶν”
501 1351 642 1398 εκαστον
653 1329 722 1397 κατ’
734 1330 841 1417 ὄνομα
859 1338 985 1413 πικροῖς
995 1330 1121 1418 βούλο-

166 1458 240 1516 μαι,
253 1429 336 1498 ἄλλα
350 1438 477 1516 μᾶλλον
487 1436 555 1496 τῶν
566 1429 728 1497 τοιούτων
739 1434 847 1514 έρχων
858 1427 996 1515 ἀπορεῖν
1008 1425 1053 1497 ἄν
1063 1427 1121 1497 εύ-

166 1534 284 1614 ξαίμην
298 1532 335 1596 ἐν
349 1536 397 1617 τῷ
414 1528 502 1615 λόχῳ
525 1525 578 1594 διὰ
596 1526 658 1613 τήν
676 1525 760 1613 πρὸς
776 1525 838 1613 τήν
856 1529 954 1617 πόλιν
972 1527 1118 1596 εὔνοιαν.

165 1625 275 1712 ἐπειδή
298 1627 333 1694 δέ
351 1629 515 1710 ἑκατέρων
536 1626 758 1712 προελόμενοί
774 1653 866 1706 τινας
883 1629 1122 1714 διεξεληλύθα-

166 1752 242 1811 μεν,
255 1725 352 1810 χωρὶς
363 1722 513 1809 μὲντοὺς
525 1725 578 1791 διὰ
592 1724 817 1811 σωφροσύνην
829 1729 1032 1814 ἐρωμένους,
1052 1755 1120 1814 χω-

166 1828 215 1909 ρὶς
233 1826 268 1892 δὲ
289 1823 367 1902 τούς
384 1829 430 1902 είς
453 1821 592 1902 ἑαυτούς
615 1824 916 1908 ἐξαμαρτάνοντας,
938 1822 1033 1910 ὑμεῖς
1053 1825 1118 1913 ήδη

166 1921 250 1990 τοῦτ’
265 1926 485 2008 ἐρωτηθέντες
496 1922 725 2008 ἀποκρίνασθε
737 1925 822 2008 πρὸς
841 1925 912 2011 ἐμὲ,
936 1932 982 2003 είς
1000 1922 1119 1993 ὁποτέ-

167 2049 230 2105 ραν
241 2023 333 2101 τύξιν
348 2029 515 2109 Τίμαρχον
528 2024 741 2108 κατανέμετε,
753 2021 876 2107 πότερα
888 2028 934 2102 είς
943 2021 1022 2102 τούς
1033 2026 1119 2109 ἐρω-

166 2123 286 2205 μένους
296 2115 318 2205 ή
329 2126 375 2197 είς
387 2117 465 2197 τούς
477 2123 776 2205 πεπορνευμένους.
809 2120 937 2191 οὐκοῦν
953 2122 997 2209 μή
1016 2150 1120 2190 κατα-

166 2218 271 2284 λιπων
287 2215 330 2301 ήν
348 2221 439 2284 εἵλου
456 2224 644 2303 συμμορίαν
661 2217 889 2308 αύτομολήσης
912 2227 957 2299 είς
974 2220 1032 2301 τὰς
1050 2231 1120 2289 των

164 2319 354 2401 ἐλευθέρων
366 2319 542 2402 διατριβάς.

246 2414 322 2483 Ἐὰν
332 2412 363 2483 δ’
378 2419 564 2502 ἐπιχειρῶσι
575 2418 699 2502 λέγειν,
713 2413 758 2496 ύς
769 2414 829 2503 οὐχ
839 2414 1019 2505 ἡταίρηκεν
1030 2417 1120 2498 ὅστις
1138 2446 1170 2497 ις

164 2517 208 2602 μή
224 2513 305 2582 κατὰ
323 2512 521 2601 συγγραφὰς
538 2514 729 2602 ἐμισθώθη,
752 2516 806 2583 καὶ
823 2532 1047 2605 γραμματεῖον
1064 2520 1119 2586 καὶ

164 2614 334 2699 μάρτυρας
359 2612 477 2693 α’ξιῶσί
495 2640 535 2700 με
563 2612 694 2681 τούτων
713 2621 960 2705 παρασχέσθαι,
985 2627 1120 2703 πρῶτον

165 2712 225 2796 μὲν
236 2711 314 2790 τούς
325 2716 399 2796 περὶ
410 2721 468 2798 τής
480 2713 676 2798 ἑταιρήσεως
686 2713 812 2800 νόμους
822 2717 1009 2802 μέμνησθε,
1022 2719 1060 2783 ἐν
1071 2711 1121 2794 οἷς

164 2809 317 2895 οὐδαμοῦ
333 2818 450 2897 μνείαν
468 2809 485 2878 ὁ
498 2814 684 2897 νομοθέτης
696 2815 770 2897 περὶ
782 2821 966 2899 συνθηκῶν
978 2822 1119 2900 πεποίη-

163 2934 224 2974 ται.
247 2906 289 2974 ού
299 2908 376 2993 γὰρ,
389 2915 421 2975 εί
429 2909 512 2976 κατα
524 2910 749 2997 γραμματείόν
760 2937 808 2990 τις
819 2909 939 2981 ἑαυτὸν
950 2913 1119 3002 κατήσχυ-

163 3031 210 3088 νε,
224 3004 311 3073 τοῦτ’
326 3007 499 3093 ἐξήτασεν,
511 3006 595 3077 ύλλᾶ
607 3018 793 3094 παντελῶς,
813 3007 904 3089 ὅπως
914 3005 957 3078 α’ίν
968 3007 989 3097 ή
1001 3017 1118 3096 πρᾶξις

98 3117 144 3171 161
163 3108 313 3190 γένηται,
336 3103 396 3174 τὸν
412 3106 584 3193 πράξαντα
603 3107 731 3175 κελεύει
747 3108 792 3193 μή
809 3109 955 3194 μετέχειν
971 3118 1040 3177 των
1060 3119 1119 3196 τῆς

163 3202 291 3284 πόλεως
310 3212 443 3273 κοινῶν.
477 3207 627 3295 εἰκότως·
652 3204 742 3284 ὅστις
758 3205 822 3290 γὰρ
838 3209 913 3286 νέος
931 3201 980 3274 dv
991 3203 1117 3294 ἀπέστη

163 3301 200 3368 δι’
215 3301 350 3388 αίσχρύς
360 3299 485 3388 ἡδονὰς
496 3311 553 3388 τής
564 3308 609 3382 είς
621 3300 661 3370 τύ
672 3302 756 3370 καλοὶ
769 3308 971 3390 φιλοτιμίας,
992 3315 1117 3374 τοῦτον

99 3424 102 3431 ·
163 3396 223 3466 ούκ
235 3397 330 3487 φ’ήθη
344 3403 414 3466 δεῖν
425 3400 655 3486 πρεσβύτερον
670 3400 883 3486 γενόμενονὸ
897 3403 977 3484 τούς
987 3405 1117 3493 νόμους
