2340 3916
124 211 166 275 92
492 206 734 278 [λαλοιιωοτ]

126 354 213 441 πρὸς
232 355 334 422 τοῦτο
348 351 451 432 οὐδὲν
465 350 731 441 ἀποβλέψαντες,
750 346 787 431 ὃς
801 349 869 419 ἀπὸ
883 352 952 418 τάν
968 351 1093 420 ἑαυτοῦ

74 477 107 524 33
126 455 243 524 πόνων
262 457 397 543 ἐτίμησε
414 454 476 541 τὴν
494 454 602 523 πόλιν.
631 452 869 542 ἀναμνήσθητε
882 450 920 522 δὲ
937 453 994 520 καλ
1011 452 1093 533 τούς

125 557 339 646 προγόνους,
365 555 411 636 άς
429 555 556 644 ἀγαθοὶ
574 557 632 624 καλ
651 554 825 645 σώφρονες
842 546 947 642 ἦσαν,
972 559 1094 634 οἵτινες

125 658 373 748 ἐξωστράκισαν
409 665 552 746 Κίμωνα
588 656 643 725 διὰ
679 664 921 748 παρανομίαν,
962 652 1013 723 ὅτι
1050 658 1093 745 τῇ

123 761 255 849 ἀδελφῇ
281 762 322 849 τῇ
344 761 469 830 ἑαυτοῦ
487 758 673 850 συνῴκησε.
710 767 820 829 καίτοι
837 756 878 827 οὐ
900 757 1008 847 μόνον
1026 755 1094 827 αό-

123 862 182 942 τδς
201 860 444 950 ὀλυμπιονίκης
461 853 517 950 ἦν,
535 860 622 930 ἀλλά
641 860 730 930 καὶὸ
750 859 860 950 πατὴρ
873 858 983 929 αὐτοῦ
1001 867 1094 928 Μιλ-

123 964 246 1052 τιάδης.
287 961 362 1031 ἀλλ’
389 961 480 1051 ὅμως
508 961 614 1032 οὐδὲν
637 962 877 1050 όπελογιζοντο
900 960 961 1041 τάς
978 968 1093 1041 νίκας·

123 1064 165 1134 οό
185 1066 250 1153 γάρ
270 1068 393 1133 ἐκτῶν
414 1064 559 1152 ἀγόνων
577 1063 651 1134 ἀλλ’
676 1067 799 1134 ἐκτῶν
819 1063 1093 1153 ἐπιτηδευμάτων

124 1172 257 1256 ἔκρινον
275 1164 393 1234 αὐτόν.

72 1288 106 1337 34
195 1266 294 1337 Ἀλλά
312 1267 379 1356 μὴν
398 1277 430 1338 εί
455 1273 509 1338 δεῖ
525 1267 610 1336 κατά
634 1270 733 1355 γένος
751 1282 909 1355 σκοπεῖν,
935 1267 1009 1356 ἐμοὶ
1027 1265 1092 1355 μὲν

125 1367 320 1456 οὐδαμόθεν
344 1370 504 1458 προσήκει
528 1371 653 1439 τοότου
676 1374 738 1438 τοῦ
764 1369 978 1460 πράγματος,
1010 1366 1093 1437 οὐδὲ

125 1476 215 1539 ἔστιν
234 1470 348 1551 οὐδεὶς
373 1469 462 1552 ὅστις
480 1468 524 1540 ἀν
541 1472 726 1553 ἀποδείξειε
749 1473 818 1540 τῶν
840 1469 1011 1560 ἡμετέρων
1029 1468 1093 1538 οό-

123 1573 206 1640 δέκα
224 1577 267 1662 τῇ
287 1575 448 1665 συμφορᾷ
466 1573 576 1663 ταότη
595 1573 827 1663 χρησάμενον,
841 1571 1033 1662 Ἀλκιβιάδη
1053 1571 1092 1639 δὲ

122 1675 266 1761 μάλιστα
291 1676 430 1744 πάντων
444 1675 646 1763 Ἀθηναίων.
682 1676 740 1744 καὶ
762 1674 865 1764 γάρὸ
890 1676 948 1762 της
965 1671 1091 1762 μητρὸς

125 1775 234 1864 πατὴρ
246 1782 428 1864 Μεγακλῆς
442 1778 500 1846 καλ
515 1775 533 1845 ὁ
548 1775 899 1864 πάπποςἈλκιβιάδης
910 1773 994 1864 (δὶς)
1009 1775 1091 1855 ἔξω·

123 1885 378 1965 στρακίσθησαν
409 1878 612 1968 ἀμφότεροι,
643 1876 722 1947 ὥστ’
756 1876 859 1947 οόδδν
890 1876 1092 1964 θαυμαστὸν

124 1977 201 2047 οὐδ’
235 1977 362 2048 άτοπον
393 1986 541 2049 πείσεται
571 1985 640 2048 τῶν
671 1977 788 2048 αὐτῶν
814 1994 886 2060 τοῖς
911 1976 1091 2067 προγόνοις

124 2077 330 2167 ἀξιούμενος.
372 2083 429 2148 καὶ
454 2081 521 2168 μὴν
545 2079 620 2149 οὐδ’
648 2077 691 2149 ἀν
722 2079 825 2162 αάτδς
858 2080 1093 2170 ἐπιχειρήσειεν

124 2178 296 2250 ἀντειπεῖν
315 2179 361 2260 τός
379 2179 420 2250 οά
442 2184 511 2250 τῶν
529 2180 644 2252 ἀλλων
669 2185 790 2252 ἐκεῖνοι
814 2182 1094 2273 παρανομώτατοι

124 2280 218 2363 ὄντες
242 2282 367 2351 τούτου
394 2284 662 2375 σωφρονέστεροι
684 2286 741 2354 καλ
766 2284 964 2375 δικαιότεροι
993 2274 1092 2373 ἦσαν,

124 2385 196 2453 ἐπεὶ
217 2387 288 2453 τῶν
304 2412 344 2471 γε
360 2385 471 2478 τούτῳ
496 2387 743 2477 πεπραγμένων
762 2385 839 2456 οὐδ’
860 2381 902 2454 άν
921 2380 969 2465 εἷς
988 2384 1091 2468 ἀξίως

122 2489 348 2577 κατηγορῆσαι
365 2488 514 2558 δυ’ναιτο.

71 2604 106 2656 35
200 2597 339 2677 Νομίζω
357 2589 395 2658 δὲ
413 2592 470 2659 καλ
488 2589 548 2659 τόν
561 2591 667 2658 θέντα
684 2590 745 2659 τόν
763 2589 870 2678 νόμον
882 2588 1012 2677 ταύτην
1029 2596 1091 2675 την

24 2710 27 2715 ·
122 2690 275 2758 διάνοιαν
291 2697 391 2778 ἔχειν·
411 2690 652 2780 ἀποβλέψαντα
665 2697 734 2760 τῶν
748 2693 895 2762 πολιτῶν
908 2689 994 2779 πρὸς
1006 2688 1090 2768 τούς

122 2799 296 2877 κρείττους
325 2794 395 2860 τῶν
421 2791 596 2881 ἀρχόντων
620 2794 677 2862 καὶ
710 2796 781 2862 τάν
810 2792 945 2881 νόμων,
976 2789 1090 2876 ἐπειδὴ

122 2892 213 2981 παρά
222 2892 466 2961 τῶντοιούτων
476 2892 538 2961 οὐκ
552 2898 641 2963 ἔστιν
653 2899 726 2987 ίδίηι
736 2900 836 2983 δίκην
845 2896 1089 2982 λαβεῖν,δημο-

123 2998 201 3062 σίαν
225 3003 389 3081 τιμωρίαν
417 2992 506 3085 ὑπὲρ
530 2997 598 3064 τῶν
622 2994 856 3085 ἀδικουμένων
878 2992 1089 3064 κατασκευά-

122 3114 186 3163 σαι.
225 3094 292 3180 ίγω
311 3092 405 3184 (μὲν)
422 3104 543 3165 τοίνυν
562 3103 599 3165 ἔν
620 3125 656 3166 τε
673 3103 720 3191 τῷ
744 3103 847 3191 κοινῷ
865 3098 1017 3186 κέκριμαι
1034 3121 1089 3164 τε·

187 3315 219 3385 ὃς
238 3326 261 3376 Α
279 3326 369 3378 Tum:
388 3317 434 3386 άς.

187 3396 229 3444 33.
246 3386 369 3445 Κόνωνα
388 3394 440 3445 ΖΜ
456 3394 519 3445 Δλδ.

187 3463 230 3512 34.
243 3450 413 3530 Ἀλκιβιάδη
436 3477 497 3512 eum
520 3463 627 3516 Valok.
653 3468 681 3515 et
699 3465 735 3533 ΙΒ,
759 3464 825 3516 Bk:
847 3457 1037 3532 Ἀλκιβιάδης.
1056 3490 1091 3500 -

121 3525 168 3589 δλς
187 3543 247 3579 eum
266 3526 366 3579 Markl.
389 3529 451 3581 add.
471 3531 551 3583 Turr.
574 3530 635 3585 coll.
654 3531 720 3598 Lyn.
741 3534 786 3595 14,
806 3535 847 3586 39.
1052 3522 1061 3539 ⁸
