2340 3916
119 178 140 238 6
470 172 729 230 ΑΙΣΧΙΝΟΤ

122 367 172 404 και
162 340 300 446 έξής,
274 363 298 400 ει
313 330 394 420 παρά
410 329 477 409 τοὺς
494 329 602 416 νόμους
613 336 782 439 δημηγορεῖ
792 336 933 434 Τίμαρχος
950 327 1076 435 ἡταιρη-

124 429 196 502 κως,
208 425 240 485 ἑν
252 449 285 509 φ,
261 416 324 483 εἰ
335 423 477 501 ἔνοχος
442 444 478 502 τη
488 424 598 522 γραφή
609 417 776 520 ἐταιρήσας·
794 419 821 479 εἰ
834 440 916 499 παρα
904 411 1077 518 Μισγόλα

122 487 278 652 66666666g
270 511 381 608 μισθοῦ
391 504 457 586 περὶ
468 527 504 564 τα
515 525 634 564 τοιαυτα
646 496 708 564 όντι
720 504 822 609 δεινφ·
845 503 872 562 εἰ
880 493 984 602 παρὰ
978 492 1076 563 Ἀντι-

123 597 200 654 κλεί·
213 591 278 695 Ηέεἰ
279 617 296 652 ν
312 615 352 652 τω
340 588 540 672 κυβευτηρί
529 611 552 647 ω
572 587 730 681 διατρίβων
747 610 798 647 και
788 580 950 683 κυβεάων
967 577 1077 664 άνελή·

124 682 171 754 φθ
208 668 265 738 δπδ
284 655 488 748 Πιτταλάκου,
513 650 653 771 δημοσίου
673 665 834 731 δουλου
797 694 849 749 της
859 665 993 768 πόλεως,
1024 668 1078 730 καί

123 783 203 861 παρ
203 751 282 839 αάτφ
270 755 473 842 διέτριψεν
459 777 595 854 εταιρων
619 755 644 814 εἰ
659 745 740 835 παρά
751 746 991 841 Ηγησανδρω
960 777 1003 815 τω
1025 760 1077 814 Τι-

124 839 257 924 μομάχου
273 845 362 927 ταμία
380 840 509 920 διέτριψε
520 832 626 918 χρόνον
637 837 768 917 έταιρῶι.

515 987 676 1044 ΑΛΛΩΣ.

212 1102 322 1159 Τοῦτον
332 1090 383 1197 τόν
397 1091 512 1198 λόγον
499 1122 515 1159 ο
530 1099 672 1198 Αἰσχίνης
688 1097 816 1240 γέγραφε
832 1097 1009 1195 δοκιμασίαν
1021 1120 1078 1156 κα-

126 1207 160 1244 τα
149 1174 327 1283 Τιμάρχου
350 1179 389 1260 ήν
400 1174 454 1242 δέ
442 1206 458 1243 ο
468 1183 610 1261 Τίμαρχος
620 1186 679 1242 τῶν
691 1181 737 1241 ἐπί
748 1205 779 1243 το
769 1174 871 1284 βῆμα
881 1173 1078 1261 προσιόντων,

126 1255 225 1326 καί’
188 1260 279 1327 αυτὸν
290 1258 341 1326 τὸν
352 1264 497 1344 Αἰσχίνην
509 1259 779 1372 σεσυκοφαντηκιός
801 1263 954 1345 νόμοιε
898 1264 931 1326 δέ
941 1266 998 1325 εἰσι
1009 1263 1080 1344 περὶ

76 1360 111 1413 ⁸20
130 1373 187 1410 των
197 1349 329 1449 ρητορων
345 1349 484 1426 κείμενοι,
506 1342 642 1420 οὕστινας
660 1347 714 1429 χρὴ
733 1349 884 1453 εἰργεσθαι
900 1352 953 1410 τοῦ
951 1347 1078 1448 λέγειν

125 1428 188 1495 οἷον
199 1425 266 1506 τοὺς
278 1424 313 1493 τά
331 1452 453 1513 πατρωα
470 1426 715 1531 κατεδηδοκότας,
732 1428 800 1504 τοὺς
810 1426 1028 1535 ήταιρηκότας·
1053 1432 1082 1491 εί

126 1517 158 1580 δέ
169 1508 434 1615 μήπείθοιντο,ἐξ
436 1522 511 1576 εἶναι
527 1507 579 1576 τδν
590 1510 817 1620 βουλήμενον’
781 1523 881 1589 αυτοῖς
900 1518 1080 1614 δοκιμασίαν

126 1602 303 1682 ἐπαγγεῖλαι,
312 1593 383 1660 ὥστε
384 1594 613 1697 δοκιμάζεσθαι,
627 1601 652 1660 εἰ
662 1595 819 1698 ἐπιτήδειοί
828 1603 883 1662 εἰσι
895 1600 999 1706 λέγειν.
1022 1595 1080 1695 δάρ

127 1685 159 1746 δέ
171 1684 302 1765 ἐγκαλῶν
316 1676 452 1783 Τιμάρχῳ
464 1684 618 1789 Αἰσχίνης,
637 1683 686 1744 καί
703 1678 747 1745 ότι
755 1679 904 1790 ήταίρηκε
921 1681 970 1745 καί
981 1677 1029 1747 ότι
1039 1675 1078 1745 τδι

126 1771 248 1871 6669636
262 1747 453 1875 κατεδήδοκε,
478 1767 545 1847 περί
561 1762 732 1868 ἕταιρησεως
749 1764 940 1850 ἐπιγράφεται
952 1792 968 1831 ο
955 1761 1077 1850 λόγος,

126 1847 170 1915 ότι
186 1829 218 1914 τό
235 1853 324 1914 πλέον
319 1856 391 1952 τής
408 1852 582 1953 κατηγρρίας
600 1844 650 1911 διδι
665 1847 774 1930 ταύτην
789 1853 855 1913 ἐστί.
891 1853 1026 1930 φαίνεται
1045 1851 1080 1914 δέ

10 1931 287 2036 ...κνενικηκώς
298 1927 350 2031 τόν
361 1928 478 2035 ρίγῶνα,
497 1929 536 2007 ὥς
546 1954 640 2033 φασιν
651 1957 678 1995 οι
672 1937 816 1997 παλαιοί.
850 1939 971 1998 δοκοῦσι
983 1936 1017 1998 δέ
1027 1961 1079 2016 μοι

127 2023 157 2083 σί
127 2015 247 2100 ολόγοι
258 2012 327 2098 μετὰ
339 2011 391 2091 τάς
403 2020 486 2091 δίκας
497 2014 675 2098 γράφεσθαι.

77 2317 111 2372 27
212 2293 343 2363 Οὐδένα
355 2297 565 2365 πάποτετοίν
577 2306 737 2383 πολιτῶν,
757 2291 980 2384 τέἈθηναλοι,
999 2296 1079 2364 οὔτε

126 2389 263 2479 γραφήν
273 2393 564 2479 γραψάμενοςοίίί
573 2400 609 2463 έν
620 2395 947 2482 εὐθάναιςλυπήσας,
957 2391 1079 2474 ἀλλ’ὡς

127 2498 229 2577 ἔγωγε
241 2497 377 2577 νομίζω,
396 2494 529 2577 μέτριον
550 2492 694 2577 ἐμαυτὸν
711 2493 794 2577 πρὸς
809 2495 929 2562 ἕκαστα
946 2494 1078 2561 τούτων

128 2590 357 2677 παρεσχηκώς,
376 2592 467 2675 ὀροῖν
478 2592 513 2660 δέ
525 2591 588 2678 τήν
599 2593 700 2661 πόλιν
709 2593 834 2679 μεγάλα
845 2596 1079 2679 βλαπτομένην

128 2687 193 2756 διεδ
210 2690 380 2774 Τιμάρχου
397 2693 531 2758 τουτουὶ
545 2697 814 2779 δημηγοροῦντος
825 2690 913 2779 παρά
925 2690 1005 2770 τούς
1017 2691 1078 2758 νό-

127 2813 210 2873 μους
227 2791 280 2855 καὶ
295 2787 395 2866 αὐτὸς
411 2794 477 2878 ίδίμ
490 2792 805 2877 συκοφαντούμενος
818 2788 874 2878 (δν
891 2790 1076 2875 δὲτρόπον,

128 2890 275 2966 ἐπιδείξω
296 2886 472 2971 προϊόντος
493 2897 554 2956 τοῦ
575 2889 692 2975 λόγου)
708 2893 746 2958 ἐν
767 2917 798 2957 τι
819 2898 887 2957 τῶν
899 2895 1076 2974 αἰσχίστων
1096 2913 1114 2964 2

135 2983 144 3005 ι
226 2985 234 3006 ι
441 2987 448 3008 ι

128 3083 241 3170 νόμοις
259 3087 313 3153 καὶ
332 3084 413 3172 ὑμῖν
428 3089 483 3156 καί
501 3092 646 3178 ἐμαυτῷ·
676 3087 771 3166 εἰδώς
788 3087 820 3155 δ’
840 3086 944 3155 αὐτὸν
961 3093 1080 3173 ἔνοχον

131 3182 212 3252 ὅντα
225 3178 273 3262 οἷς
290 3183 389 3274 ὀλίγῳ
408 3189 571 3271 πρότερον
588 3184 751 3272 ήκοάσατε
768 3184 1081 3272 ἀναγιγνώσκοντος

80 3295 115 3349 λδ
128 3290 189 3350 τοῦ
200 3286 421 3368 γραμματέως,
430 3284 604 3370 ἐπήγγειλα
616 3283 707 3373 αὐτῷ
717 3284 779 3371 τήν
790 3290 985 3371 δοκιμασίαν
996 3312 1080 3352 ταυ-

127 3388 210 3467 τηνί.
244 3384 297 3451 καὶ
311 3381 357 3462 ὡς
375 3390 499 3469 ἔοικεν,
522 3377 744 3470 οἰἈθηναῖοι,
767 3388 801 3451 οί
817 3385 971 3463 εἰωθότες
984 3385 1081 3469 λόγοι
