2340 3916
282 209 401 266 ΙΙΕΡΙ
421 209 837 270 ΠΑΡΑΠΡΕΣΒΕΙΑΣ.
984 205 1027 269 63

77 394 159 446 ιιονς
176 369 355 450 τρέπεσθαι
372 365 539 453 κελεύετε,
555 371 611 434 ἴνα
623 364 699 454 μήτ’
712 371 831 436 ἐκεῖνοι
842 375 898 454 τῆς
908 393 1028 451 προαι-

78 471 198 549 ρέσεως
208 462 454 547 ἀποστερῶνται
465 463 548 551 μήθ’
564 461 656 550 ὑμεῖς
665 465 867 553 βλάπτησθε.

24 575 61 630 96
164 561 212 631 Τά
224 561 285 649 μέν
296 557 360 631 οὑν
377 561 456 647 παρ’
475 567 559 649 ἐμοῦ
570 568 679 632 δίκαια
690 565 798 632 πάντα
809 562 1026 650 ἀπειλήφατε·

76 665 206 742 ἐδίδαξα
223 663 302 740 τοὺς
318 662 459 747 νόμους,
482 663 620 749 ἐξήτασα
637 662 696 730 τὸν
713 668 788 749 βίον
799 671 861 730 τοι]
872 666 1027 748 κρινομέ-

78 787 151 828 νου.
174 767 240 828 νῦυ
257 760 319 846 μὲν
334 754 400 828 οὑν
417 758 509 848 ὑμεῖς
525 767 598 830 έστε
609 770 676 829 τοῖν
688 764 778 847 ἐμῶν
787 762 898 848 λόγων
909 764 1026 847 κριταὶ,

79 857 196 927 αὐτίκα
208 858 240 925 δ’
252 857 409 945 ὑμέτερος
421 861 484 946 ἐγώ
497 861 635 948 θεατής·
655 864 692 928 ἐν
701 859 766 948 γάρ
777 877 845 940 ταῖς
856 859 1027 946 ὑμετέραις

78 953 253 1043 γνώμαιςή
264 962 379 1042 πρᾶξις
389 966 624 1026 καταλείπεται.

361 1213 365 1218 ,
406 1206 709 1218 ——1—————--——-

536 1386 565 1448 λ.

266 1516 399 1594 ’ΠΕΡΙ
418 1528 824 1597 ΠΑΡΑΠΡΕΣΒΕΙΑΣ.
1048 1548 1098 1602 185

480 1684 629 1695 ———

421 1771 684 1830 ΥΠΟΘΕΣΙΣ.

125 1899 317 2021 Ἀθηναῖοι
336 1922 407 1982 Φιλί
405 1942 473 2005 ππφ
485 1914 733 2001 πολεμήσαντες”
713 1936 834 1999 υστερον
851 1916 1029 1996 ἐπείσθησαν

77 1997 137 2066 ὑπὸ
151 1997 362 2107 Ἀριστοδήμου
380 2005 431 2065 καί
448 1981 653 2084 Νεοπτολέμου
668 2004 719 2067 καλ
730 2007 939 2105 Κτησιφῶντος
950 1997 1028 2082 εἰρή-

77 2112 135 2191 νην
154 2081 228 2168 πρὸς
245 2079 338 2151 αὑτὸν
352 2083 552 2168 ποιήσασθαι,
575 2113 626 2151 ται
617 2089 780 2189 ’ἔπεμψαν
795 2084 850 2149 δάο
865 2088 1027 2188 πρεσβείας,

77 2167 133 2251 τῆν
143 2170 197 2251 μὲν
209 2171 354 2273 προτέραν
369 2172 437 2252 περὶ
446 2177 498 2252 τῆς
510 2166 692 2277 εἰρήνης,
661 2197 716 2254 την
728 2171 866 2273 δευτέραν
877 2170 909 2232 δὲ
918 2163 1028 2249 ἀπολη-

78 2255 214 2334 ψομένην
230 2248 299 2330 τοὺς
316 2251 438 2337 όριιους,
460 2256 492 2317 ἐν
510 2254 557 2330 αἰς
575 2253 753 2362 ἀμφοτέραις
768 2243 1030 2356 ήσανπρεσβευταί

78 2338 275 2419 Δημοσθένης
292 2340 343 2402 καλ
356 2336 546 2418 Αἰσχίνης.
527 2365 566 2413 ως
576 2332 631 2402 οὑν
642 2340 791 2441 ἐπανῆκον
803 2339 883 2400 ἐπ’
846 2363 898 2418 της
908 2331 1030 2419 ὑστέρας

76 2423 231 2606 ’λίἰζίῆί
241 2419 1070 2607 532³0555322⁹1ssffi’42}7232⁴'“33Jffl‘rsssslff

77 2612 131 2669 γον
145 2583 202 2670 πρδ
219 2596 271 2651 τοῦ
258 2532 343 2694 1,ὑῆς
352 2594 550 2694 παραπρεσβεί
550 2616 585 2665 ας
538 2508 715 2672 ίίάήῶνος
724 2584 915 2691 γραψάμενος
926 2589 1028 2667 Αἰσχί-

78 2698 132 2752 νης
144 2668 465 2778 ἕταιρήσεωςήτίμωσε,
484 2672 558 2759 πρὸς
576 2674 608 2737 δε
622 2673 821 2776 Δημοσθένην
833 2665 1027 2772 ἀπολογεῖται.

78 2757 200 2819 ἔνιοι
168 2783 222 2838 μεν
240 2747 294 2820 οὑν
305 2779 379 2836 φασι
389 2758 609 2844 γεγραφέναι
578 2783 631 2868 μεν
641 2752 709 2832 τοὺς
721 2752 824 2840 λόγους
834 2751 1026 2837 ἀμφοτέρους,
1046 2770 1097 2828 186

78 2864 115 2903 ου
104 2835 223 2920 ’μέντοι
234 2865 268 2922 γε
278 2844 429 2944 εἰρησθαι
454 2847 485 2907 οἰ
471 2844 529 2907 ἰδὲ
542 2868 593 2906 ιιαι
583 2844 741 2943 εἰρησθα
750 2859 838 2943 φασι,
860 2841 910 2902 παλ
928 2864 1025 2903 κεκιν-

79 2921 296 3025 δυνευκέγαι
268 2950 320 2988 τον
336 2929 481 3031 Αἰσχίνην
496 2923 654 3028 τριάιωντα
670 2923 785 3008 ψήφοις
801 2919 966 3004 ὑλῶναι,”
949 2949 1027 3005 ομως

78 3001 211 3086 μέντοι’
194 3018 361 3114 αποφυγεῑν
378 3003 535 3113 Εὑβοὺλου
552 3002 632 3094 αὑτφ
643 3034 694 3074 του
682 3015 882 3092 δημαγωγοῦ
893 3028 1026 3112 συναγω·

78 3093 254 3172 νισαμένου,
277 3117 312 3158 ον
302 3091 429 3197 ’μέντοι
445 3089 527 3177 παρά
543 3073 636 3158 πᾶσίν
646 3093 880 3176 ἀπογνωσθῆναι
892 3087 983 3156 αὑτοῦ
994 3088 1025 3154 τὸ

78 3174 314 3255 φιλιππίζειν,’
296 3205 335 3252 ως
351 3172 438 3253 αὑτὸς
456 3180 488 3241 έν
504 3204 545 3263 τῳ
532 3181 705 3279 προοιμίῳ
721 3182 891 3287 παραδηλοι
902 3203 953 3241 παι
943 3179 1026 3277 Δη-

78 3261 227 3340 μοσθένης
245 3263 277 3324 ἐν
296 3288 337 3367 τῳ
324 3264 421 3366 περὶ
437 3269 490 3327 τοῦ
508 3242 663 3342 στεφάνου.
685 3239 767 3325 ἰν
735 3287 788 3340 μεν
803 3257 859 3328 ουν
868 3288 909 3325 τω
920 3256 1026 3361 πρώτην

76 3347 222 3448 προοιμίῳ
238 3341 306 3408 κατ’
325 3339 420 3449 ἀρχήν
436 3349 477 3422 εἰς
493 3344 612 3411 εὑνυιαν
624 3351 791 3448 παραπαίει
800 3339 868 3419 τοὺς
879 3327 1026 3422 διααστάς,

77 3421 130 3488 τδν
148 3407 299 3494 ἀντίδικον
313 3433 363 3493 καὶ
380 3427 434 3510 τήν
446 3434 623 3513 κατηγορίαν
635 3426 815 3507 διαβάλλων,
839 3430 951 3492 καὶτοῦ
962 3453 1027 3488 πιν-
