2340 3916
33 217 66 279 3s
461 207 592 260 12A10T
759 240 761 247 J
849 248 851 259 .
910 208 996 261 On.)

32 382 162 454 τούτων
182 376 333 466 ἀξιοῦσιν
355 376 440 470 ἡμεῖς
465 381 520 450 καί
543 383 611 449 ταῖν
634 374 924 471 ὁμολογουμένων,
950 373 1003 454 τόν

34 482 237 573 Κλειόννμος
255 485 447 570 κατέλιπεν,
472 477 584 562 αύτοῖς
605 479 755 570 [τούτων]
776 486 999 604 ἰσομοιρησαι

34 575 126 709 ούτοι
151 585 188 654 δὲ
213 590 258 665 είς
280 588 377 656 τούτο
399 579 539 672 ἥκουσιν
561 578 811 672 ἀναισχυντίας,
836 581 919 654 ὥστε
943 589 1001 656 καί

34 684 75 755 τά
92 687 230 808 πατρῷα
247 686 519 776 προσαφελὲσθαι
537 679 720 771 ζητούσιν“
701 687 803 773 ημᾶς,
822 682 885 755 ούκ
901 682 1002 775 ἀγνο-

35 792 167 877 οῦντες,
188 816 213 855 ω
201 775 369 908 ἀνδρες,
388 813 425 855 το
414 782 591 872 δίκαιον,
616 781 699 853 ἀλλά
715 783 842 874 πολλὴν
860 790 1002 877 ἐρημίαν

0 915 10 955 ι
33 884 129 979 ἡμων
151 885 379 975 καταγνόντες.
421 888 593 968 σκέψασθε
615 883 679 976 γὰρ
702 882 793 966 εἷς’
777 885 924 978 εκάτεροι
947 917 1002 958 πι-

34 988 206 1069 στεύοντες
225 983 268 1068 ἀς
286 983 372 1077 ὑμᾶς
391 984 669 1108 εἰσεληλύθαμεν
692 977 783 1057 ούτοι
801 990 862 1077 μὲν
881 990 1002 1079 διαθη-

34 1118 106 1172 καις
125 1087 365 1178 ἰσχυριζόμενοι
382 1085 565 1176 τοιαύταις,
588 1082 627 1168 ἀς
646 1091 770 1168 ἐκεῖνος
789 1093 921 1161 διέθετο
927 1093 1004 1180 μὲν

34 1187 95 1281 ούχ
118 1185 199 1281 ἡμῖν
223 1193 373 1278 ἐγκαλεῖν
396 1185 470 1258 ἀλλ’
494 1184 664 1279 ὀργισθεὶς
687 1193 754 1259 των
776 1197 910 1262 οἰκείων
934 1197 1000 1262 τιυὶ

32 1296 102 1362 των
125 1287 310 1382 ἡμετέρων,
335 1297 432 1362 ἔλυσε
457 1291 494 1359 δὲ
511 1287 575 1379 πρό
598 1293 660 1360 τού
675 1289 853 1380 θανάτου,
869 1294 1003 1382 πέμψας

4 1439 8 1448 1
33 1399 265 1464 Ποσείδιππον
289 1394 343 1462 ἐπὶ
367 1389 428 1479 τὴν
447 1387 566 1482 ἀρχην·
591 1386 686 1481 ἡμεῖς
706 1392 743 1461 δὲ
760 1395 849 1480 γένει
867 1395 929 1483 μὲν
949 1399 1002 1483 ἐγ·

33 1492 165 1584 γυτάτω
194 1492 432 1584 προσήκοντες,
461 1491 622 1582 χρεόμενοι
653 1493 691 1562 δὲ
720 1497 836 1587 ἐκείνω
864 1493 1001 1567 πάντων

34 1593 233 1685 οἰκειότατα,
259 1593 456 1665 δεδωκότων
480 1590 512 1662 δ’
532 1589 612 1683 ἡμῖν
629 1596 685 1662 καί
703 1598 770 1665 τόν
786 1593 899 1684 νόμων
918 1595 1001 1667 κατά

33 1694 95 1786 τὴν
119 1693 309 1788 ἀγχιστείαν
331 1699 388 1766 καί
417 1691 524 1766 αύτού
545 1698 606 1765 τού
628 1694 835 1786 Κλεωνύμου
861 1693 916 1767 διά
939 1696 1003 1787 τὴν

34 1807 151 1887 φιλίαν
162 1796 224 1886 τὴν
240 1793 458 1888 ύπάρχουσαυ
469 1792 575 1889 αύτῷ,
595 1802 641 1865 ἔτι
661 1797 699 1866 δὲ
710 1796 922 1887 Πολυάρχου,
941 1803 1003 1869 τού

34 1897 156 1988 πατρός
173 1904 236 1970 τού
252 1897 476 1989 Κλεωνύμου,
496 1896 633 1967 πάππου
653 1893 686 1966 δ’
704 1893 881 1988 ἡμετέρου,
899 1923 1001 1990 προσ-

33 1997 200 2087 τάξαντος,
221 2010 254 2069 εἰ
263 2029 295 2069 τι
312 1998 417 2071 πείθοι
436 1997 637 2087 Κλεώνυμος
657 1995 767 2088 ἀπαις,
786 1994 867 2089 ἡμῖν
880 2005 1001 2072 δοῦναι

0 2140 10 2163 0
34 2097 74 2170 τά
92 2095 204 2171 αὑτοῦ.
241 2099 410 2171 τοσούτων
428 2108 544 2170 τοίνυν
561 2094 641 2188 ἡμῖν
658 2095 878 2190 ὑπαρχόντων
894 2091 1001 2192 οὗτοι,

34 2204 90 2272 καί
107 2217 280 2289 συγγενεῖς
291 2198 384 2282 όντες
400 2203 455 2271 καί
472 2198 575 2271 ούδίν
593 2205 722 2270 δίκαιον
734 2209 840 2272 εἰπεῖν
858 2209 1002 2292 ἔχοντες,

34 2298 96 2372 ούκ
115 2301 327 2392 αἰσχύνονται
345 2301 611 2424 καταστήσαντες
623 2296 707 2391 ἡμεῖς
726 2298 810 2383 εἰς’
791 2305 914 2475 αγιόναὶ
922 2308 1000 2395 περὶ

34 2401 179 2493 τούτων,
206 2394 334 2526 περὶ
305 2432 354 2474 ων
373 2433 393 2473 α
395 2401 509 2493 ἰσχρόυ
533 2393 575 2523 ην
593 2397 840 2503 ἀμφισβητῆσαι
858 2408 914 2475 καί
932 2423 1002 2487 τοις

4 2531 11 2571 ι
33 2505 139 2628 μηδὲν
160 2503 394 2595 προσηκουσιν
438 2501 509 2594 Ούχ
538 2498 657 2592 ὁμοίως
682 2507 723 2572 δέ
741 2532 796 2594 μοι
820 2493 999 2596 δοκοῦμεν,

35 2595 62 2675 6
84 2603 221 2698 ἀνδρες,
247 2613 437 2677 διακεῖσθαι
461 2602 543 2696 πρός
561 2599 732 2692 ἀλλήλους.
775 2603 838 2694 ἐγω
856 2605 976 2696 μὲν
936 2637 1001 2697 γαρ

33 2702 95 2796 ούχ
118 2704 168 2777 ὅτι
184 2704 309 2826 ἀδίκως
333 2706 537 2793 κινδυνεύω,
562 2701 660 2776 τοῦθ’
685 2702 827 2796 ἡγούμαι
845 2710 1001 2796 μέγιστον

36 2806 121 2877 εἶναι
150 2812 218 2878 ταῖν
246 2808 422 2899 παρόντων
449 2812 577 2896 κακῶν,
612 2803 765 2878 ἀλλ’ὅτι
799 2804 1002 2898 ἀγωνίζομαι

34 2906 116 3031 πρός
139 2916 299 2998 οἰκείους,
331 2905 389 2991 οὓς
412 2905 489 2979 οὐδ’
514 2905 702 3030 ἀμύνεσθαι
721 2912 828 2989 καλεῖς
852 2916 933 2998 ἔχει·
958 2906 1000 2981 06

34 3006 97 3132 γάρ
128 3001 170 3078 ἀν
200 3008 321 3079 ἐλάττω
346 3007 523 3099 σνμφοράν
544 3005 733 3098 ἡγησαίμην
757 3014 865 3091 κακαῖς
889 3029 1003 3082 ποιεῖν

33 3107 171 3190 τούτους
194 3106 466 3234 ἀμυνόμενος,ο
448 3108 634 3192 οίκείους”
616 3139 729 3198 οντας,
759 3104 781 3199 6
804 3114 913 3194 κακαῖς
935 3139 999 3183 πα-

34 3222 113 3282 θεῖν
142 3208 223 3294 ἰξ’
204 3216 305 3303 αρχης
333 3208 400 3284 ύπό
429 3211 570 3283 τούτων.
602 3239 695 3281 ουτοι
720 3207 754 3280 δ
778 3209 819 3282 06
841 3212 1001 3339 τοιαύτην

36 3309 195 3402 ἔχουσι
158 3340 220 3401 τηυ
233 3312 380 3403 γνώμην,
399 3310 471 3383 ἀλλ’
496 3309 733 3402 ἰὴκουσινΓ
693 3341 719 3403 φ
751 3308 903 3403 ἡμᾶςκαὶ
921 3313 1000 3434 τούς

36 3421 154 3502 φίλους
177 3418 463 3504 παρακαλεσαντες
492 3416 548 3483 καί
577 3411 717 3503 ῥήτορας
745 3416 999 3506 παρασκευασά-

34 3542 130 3605 μενοι
148 3517 204 3585 καί
221 3512 323 3587 ούδίν
340 3512 575 3595 ἀπολείποντες
596 3518 654 3603 της
672 3509 785 3585 αὑτων
810 3515 996 3608 δυνάμεως,
