2340 3916
288 200 406 257 ΠΕΡΙ
423 198 854 257 ΠΛΡΑΠΡΕΣΒΕΙΑΣ.
994 194 1053 260 115

24 371 75 427 178
93 362 197 442 δῆμος
218 357 425 427 καταλύεται.
464 347 559 424 οὗτοι
579 363 645 423 νύν
665 354 713 425 ἐπ’
734 357 789 444 ἐμέ
809 359 1055 443 συστραφέντες

93 478 232 543 ηκουσι,
251 459 306 525 καί
316 456 398 541 φασί
414 455 477 542 μέν
485 452 547 523 τόν
557 460 724 523 Φίλιππον
734 452 796 541 τήν
807 457 943 543 εἰρήνην
953 462 1052 540 πρία-

93 564 175 623 σθαι
190 557 245 623 καὶ
256 559 438 640 προλαβεῖν
454 549 550 641 η’μολν
566 555 604 620 ἐν
620 565 690 631 ταῖς
708 553 894 641 συνθήκαις
910 553 1051 627 ἅπαντα,

92 650 135 738 ἣν
147 650 178 720 δ’
190 650 292 730 αὐτὸς
304 643 404 737 εύρεν
417 650 554 737 εἰρήνην
565 647 654 740 αύτῷ
666 654 916 737 συμφέρουσαν,
928 651 1054 737 ταύτην
1070 661 1118 716 341

94 751 367 837 παραβεβηκέναι.
400 750 456 835 ἐμὲ
469 749 501 817 δ’
513 746 575 835 οὐχ
586 747 631 829 ως
645 748 856 837 πρεσβευτήν
865 756 1050 836 κρίνουσιν,

94 845 160 916 ἀλλ’
175 845 220 926 ὥς
240 845 403 934 ἐγγυητήν
415 854 583 917 Φιλίππου
598 851 654 917 καὶ
670 856 727 935 τῆς
745 849 891 936 είρήνης·
923 852 978 917 καλ
990 846 1050 916 τόν

93 952 162 1013 τῶν
178 944 289 1030 λόγων
305 944 426 1028 κύριον
445 943 502 1025 τὰς
519 955 589 1015 τόν
604 952 712 1032 ἔργων
734 952 935 1034 προσδοκίας
951 946 1050 1015 ύπαι-
1067 958 1119 1011 342

93 1053 197 1113 τοῦσι.
220 1047 280 1114 τόν
292 1045 397 1114 αὐτόν
408 1049 443 1114 δὲ
454 1049 491 1115 έν
501 1048 563 1133 μὲν
574 1063 643 1127 τοῖς
653 1054 864 1135 ψηφίσμασιν
875 1051 1050 1133 ἐπαινέτην

94 1147 253 1229 δείκνυμι,
265 1147 302 1212 έν
312 1143 348 1213 δέ
358 1153 406 1234 τῷ
416 1148 615 1234 δικαστηρίῳ
626 1146 800 1234 κατηγόρῳ
812 1153 977 1232 κέχρημαι.
996 1149 1051 1213 δέ·

93 1265 192 1319 κατος
203 1238 234 1309 δ’
247 1238 347 1319 αὐτὸς
358 1240 563 1327 πρεσβεύσας
573 1241 676 1326 μόνος
692 1240 752 1320 τὰς
762 1239 911 1322 εὐθύνας
923 1247 1051 1329 δίδωμι.

27 1363 38 1415 ¹.
41 1361 76 1415 79
94 1334 192 1423 κάμοὶ
200 1340 262 1426 μὲν
273 1344 308 1407 ολ
316 1339 575 1426 συνδεησόμενοι
587 1339 740 1425 πάρεισιν
750 1337 846 1426 ὑμῶν
857 1338 965 1427 πατήρ
977 1343 1050 1426 μὲν,

96 1428 138 1502 ού
155 1436 212 1515 τοὶς
229 1444 291 1505 τοῦ
307 1438 416 1524 γήρως
433 1439 565 1517 ἐλπίδας
581 1436 626 1524 μή
644 1434 831 1524 ἀφέλησθε,
853 1436 991 1524 ἀδελφοὶ
1004 1441 1051 1521 δὲ,

96 1541 130 1603 οἳ
138 1539 343 1621 διαζυγέντες
357 1540 439 1623 ἐμοῦ
455 1541 515 1622 ζήν
530 1533 594 1604 ούκ
605 1534 649 1602 ἄν
666 1540 873 1619 προέλοιντο,
897 1540 1050 1624 κηδεσταὶ

96 1639 148 1718 δὲ,
171 1639 226 1705 καλ
241 1639 335 1704 ταυτὶ
350 1636 412 1724 μέν
425 1635 464 1705 τὰ
476 1635 576 1724 μικροὶ
589 1640 703 1704 παιδία
714 1639 768 1703 καὶ
779 1634 858 1715 τούς
868 1636 1049 1717 κινδύνους

97 1733 189 1801 ούπω
201 1737 369 1819 συνιέντα,
391 1735 516 1802 έλεεινύ
529 1732 573 1816 δ’,
593 1744 663 1802 είτι
674 1735 876 1820 συμβήσεται
892 1732 973 1820 ἡμῖν
985 1760 1051 1803 πα-

95 1842 180 1901 θεῖν.
203 1830 287 1918 ὑπὲρ
300 1823 348 1901 ὦν
358 1831 422 1918 έγύ
434 1837 547 1922 δέομαι
559 1835 613 1901 καὶ
624 1832 760 1903 ἱκετεύω
778 1834 904 1922 πολλήν
914 1834 1051 1919 τρόνοι-
1067 1848 1118 1905 343

95 1959 138 1999 αν
148 1930 352 2017 ποιήσασθαι
380 1934 433 2000 καὶ
444 1933 488 2018 μή
500 1946 567 2013 τοῖς
579 1936 711 2020 έχθροῐς
721 1931 843 2013 αύτούς
854 1932 932 2020 μηδ’
944 1933 1050 2001 όνύν-

95 2034 163 2119 δρφ
182 2031 237 2099 καὶ
253 2035 430 2120 γυναικείῳ
445 2028 616 2121 όνθρύπφ
634 2029 696 2117 τήν
713 2029 817 2119 όργήν
828 2037 1046 2115 παραδοῦναι.

26 2149 76 2206 180
95 2134 274 2211 παρακαλῶ
297 2128 333 2195 δὲ
354 2131 408 2195 καὶ
432 2128 567 2196 ίκετεύω
579 2135 688 2196 σῶσαί
702 2154 742 2215 με
753 2131 958 2217 πρῶτονμὲν
969 2131 1048 2210 τούς

95 2225 208 2309 θεοὺς,
221 2225 378 2308 δεύτερον
389 2223 422 2291 δ’
437 2222 523 2310 ὑμᾶς
534 2224 613 2305 τούς
624 2233 680 2314 τής
689 2228 807 2314 ψήφου
823 2239 976 2316 κυρίους,
998 2225 1047 2309 οἷς

94 2322 158 2409 ἐγώ
170 2319 252 2405 πρὸς
263 2324 404 2390 ἕκαστον
421 2330 490 2389 τῶν
505 2328 782 2409 κατηγορημένων
793 2330 839 2404 εἰς
850 2327 984 2414 μνήμην
999 2326 1046 2394 εἷ-

93 2451 149 2491 ναι
165 2421 226 2508 τήν
238 2421 320 2508 ἐμήν
336 2418 596 2508 ἀπολελόγημαι,
619 2424 673 2491 καί
690 2428 803 2510 δέομαι
821 2431 929 2491 σῶσαί
941 2452 980 2510 με
993 2430 1047 2494 καί

94 2521 137 2606 μή
151 2528 197 2609 τῷ
216 2520 415 2609 λογογρόφφ
434 2520 489 2586 καλ
504 2521 629 2608 Σκύθη
645 2526 871 2603 παραδοῦναι,
893 2521 967 2589 όσοι
985 2523 1045 2608 μὲν

94 2617 190 2703 ὑμῶν
200 2622 335 2705 πατέρες
347 2619 409 2686 είσλ
420 2620 548 2685 παίδων
566 2612 587 2703 ή
604 2623 785 2702 νεωτέρους
796 2617 962 2705 ἀδελφούς
975 2625 1049 2707 περὶ
1063 2640 1114 2694 344

27 2788 29 2792 ,
94 2728 220 2789 πολλοῦ
232 2730 395 2802 ποιεῖσθε,
409 2718 693 2807 ἀναμνησθέντες,
711 2717 762 2789 ὅτι
772 2719 834 2806 τήν
844 2728 901 2808 τῆς
912 2741 1048 2806 σωφρο-

93 2819 196 2904 σύνης
223 2817 430 2906 παράκλησιν
459 2818 512 2886 διὰ
539 2825 597 2906 τῆς
623 2822 697 2905 περὶ
721 2825 888 2905 Τίμαρχον
909 2826 1047 2904 κρίσεως

29 2947 78 3001 181
94 2917 297 3004 ἀειμνήστως
323 2915 446 2997 αύτούς
472 2921 718 3004 παρακέκληκα,
757 2914 837 2998 τούς
866 2917 898 2985 δ’
926 2919 1047 2997 ἄλλους

94 3016 257 3101 ἅπαντας,
270 3010 318 3095 οἷς
330 3014 472 3103 ἐμαυτὸν
483 3014 613 3083 ἄλυπον
623 3019 835 3101 παρέσχημαι,
844 3016 905 3103 τήν
916 3016 977 3103 μὲν
987 3017 1048 3084 τύ-

95 3108 864 3200 χηνίδιύτηςύνκαὶτοῖςμετρίοιςύμεᾶνόμοιος,
886 3117 922 3180 έν
935 3116 1045 3191 δετοίς

96 3221 272 3288 πολιτικοῖς
290 3209 393 3297 ἄγωσι
411 3211 513 3296 μόνος
528 3217 596 3278 τῶν
608 3210 720 3278 ἄλλων
736 3210 785 3295 ἐφ’
798 3208 884 3296 ύμᾶς
895 3209 936 3277 ού
948 3230 1048 3278 συνε-
1064 3229 1113 3282 345

96 3310 236 3394 στηκύς·
270 3316 352 3376 alto?
370 3307 444 3392 παρ’
458 3307 555 3394 ὑμῶν
570 3307 632 3394 τήν
648 3314 830 3393 σωτηρίαν,
848 3305 928 3393 μετα
940 3308 1045 3394 πόσης

96 3405 227 3484 εύυοίας
243 3414 284 3493 τῇ
300 3407 394 3474 πόλει
411 3405 664 3494 πεπρεσβευκώς
680 3408 736 3473 καὶ
752 3405 1046 3536 μόνοςρὺπομείνας
