2340 3916
142 177 203 242 146
471 177 728 235 κιΣειΝον

140 340 295 427 βιβάσας,
317 331 425 424 ήλθον
443 333 497 421 ἐφ’
512 332 597 422 ἡμᾶς
608 331 651 413 ὑς
662 333 907 422 ἀναιρήσοντες.
929 337 983 404 καὶ
1001 343 1031 405 εί
1047 338 1089 423 μή
1109 347 1145 402 88

141 448 275 521 πρῶτον
285 437 347 524 μὲν
357 443 449 504 θεοῖν
460 462 509 514 τις
520 440 624 502 ἔσωσε
635 432 671 501 τό
688 434 923 521 στρατόπεδον,
937 432 1046 502 ἔπειθ’
1061 439 1095 503 οί

141 545 336 624 στρατιῶται
355 540 389 604 ολ
403 532 554 621 ὑμέτεροι
576 535 631 601 καὶ
652 537 742 614 πεζοὶ
764 536 818 602 καὶ
840 533 1093 619 ίππεῖςιόέυδρες

141 636 263 722 ἀγαθοὶ
276 639 427 722 ἐγένοντο
439 636 493 701 καλ
512 630 600 719 παρά
612 633 672 700 τόν
683 634 893 719 ίππόδρομον
903 629 963 700 τὺν
973 635 1009 700 έν
1025 641 1093 700 Τα-

141 735 261 822 μύναις
284 737 320 802 ἐκ
349 733 560 820 παρατάξεως
586 733 675 821 μύχη
701 734 924 819 κρατήσαντες
950 732 1092 819 ἀφεῖσαν

140 833 378 912 ὑποσπόνδους
390 831 467 912 τοὺς
478 839 671 920 πολεμίους,
690 834 926 902 ἐκινδύνευσεν
938 830 980 900 ἀν
993 831 1014 921 ή
1028 833 1093 900 πό-

142 942 191 1010 λις
203 942 351 1017 αἴσχιστα
369 941 508 999 παθεῖν·
530 930 570 998 οὑ
588 931 653 1015 χάρ
669 930 707 999 τὸ
720 937 922 1020 δυστυχῆσαι
933 932 1016 1001 κατά
1029 933 1092 1000 πό-

66 1053 123 1109 482
143 1040 243 1117 λεμον
255 1030 410 1117 μέγιστόν
421 1034 488 1098 ἐστι
499 1028 622 1114 κακὸν,
644 1028 719 1099 ἀλλ’
739 1030 820 1100 όταν
836 1060 884 1113 τις
896 1031 978 1118 πρός
989 1031 1091 1100 ἀντα-

140 1127 305 1215 γωνιστὰς
329 1129 483 1209 ἀναξίους
511 1127 616 1197 αὑτοῦ
646 1131 910 1199 διακινδυνεύων
933 1131 1090 1218 ἀποτύχη,

141 1234 318 1295 διπλασίαν
329 1227 417 1306 είκὺς
429 1227 513 1296 εἶναι
524 1227 586 1314 τήν
597 1229 785 1317 σύμφορόν.
806 1229 879 1299 ἀλλ’
899 1230 988 1318 ὅμως
1000 1229 1092 1317 ὑμεῖς

140 1336 276 1395 τοιαῦτα
292 1327 498 1406 πεπονθότες
515 1329 618 1396 πόλιν
642 1328 842 1397 διελύσασθε
859 1327 1089 1415 πρόςάὑτούς.

142 1423 251 1511 τυχιὺν
269 1425 305 1493 δέ
321 1422 401 1508 παρ’
420 1424 517 1511 ὑμῶν
534 1426 734 1516 συγγνώμης
754 1434 900 1507 Καλλίας
925 1425 943 1496 ὑ
966 1436 1090 1508 Χαλκι-
1105 1434 1140 1492 89

143 1521 221 1602 δεὺς
242 1522 364 1609 μικρὸν
386 1522 548 1591 διαλιπών
572 1526 695 1611 χρόνον
713 1527 814 1593 πάλιν
830 1517 890 1612 ήκε
908 1526 1091 1612 φερόμενος

142 1629 187 1702 είς
205 1620 266 1708 τήν
285 1625 406 1691 ἑαυτοῦ
422 1624 542 1709 φύσιν,
565 1622 736 1711 Εὐβοϊκόν
753 1627 813 1711 μὲν
829 1625 977 1716 τῷλόγῳ
991 1627 1091 1692 συνέ-

131 1726 237 1807 δριον
249 1727 294 1801 είς
312 1726 461 1790 Χαλκίδα
478 1717 653 1807 συνάγων,
676 1724 815 1809 ίσχνράν
825 1723 861 1791 δὲ
870 1726 931 1811 τήν
941 1721 1091 1810 Εὑβοιαν

140 1817 193 1903 ἐφ’
214 1815 301 1905 ὑμᾶς
312 1823 396 1909 ἔργω
408 1820 683 1904 παρασκευάζων,
708 1825 873 1905 ἐξαίρετον
885 1819 916 1889 δ’
929 1820 1020 1911 αὑτῷ
1031 1847 1091 1888 τυ-

141 1920 281 1998 ραννίδα
292 1917 574 2002 περιποιούμενος.
587 1919 642 1985 καὶ
653 1919 773 2004 ταύτης
788 1921 924 1999 ἐλπίζων
936 1938 1091 2002 σνναχω-

141 2012 441 2098 νιστήνΦίλιππον
458 2014 625 2101 λήψεσθαι
642 2013 795 2101 ἀπῆλθεν
812 2022 858 2096 είς
872 2020 1091 2085 Μακεδονίαν

73 2178 84 2197 ι,
102 2140 110 2146 ·
141 2115 195 2179 καὶ
207 2111 334 2198 περιῄει
344 2109 424 2195 μετά
438 2119 622 2201 Φιλίππου,
645 2116 699 2181 καὶ
716 2123 784 2182 των
796 2117 935 2201 ἑταίρων
946 2110 992 2193 εἷς
1004 2111 1091 2181 ἀνο-

142 2210 266 2298 μόζετο.·
291 2208 448 2296 ἀδικήσας
459 2213 494 2279 δὲ
506 2218 672 2279 Φίλιππον
684 2209 842 2280 κάκεῖθεν
854 2210 1002 2298 ἀποδράς
1012 2209 1094 2279 ὑπέ-
1109 2226 1144 2281 90

141 2317 263 2397 βαλλεν
281 2305 400 2376 ἑαυτόν
419 2312 532 2395 φέρων
549 2318 714 2398 Θηβαίοις,
736 2313 964 2396 ἐγκαταλιπών
977 2314 1013 2380 δὲ
1031 2310 1093 2379 κά-

142 2415 282 2497 κείνους,
295 2412 349 2477 καλ
360 2416 494 2490 πλείους
504 2411 710 2497 τραπόμενος
720 2409 845 2494 τροπάς
855 2418 917 2478 τού
926 2409 1090 2498 Εὐρίπου,

141 2507 220 2597 παρ’
234 2505 274 2577 δν
285 2507 380 2598 ςόκει,
403 2516 449 2589 είς
458 2514 561 2596 μέσον
571 2518 681 2578 πίπτει
692 2519 749 2597 τής
759 2536 794 2578 τε
806 2517 961 2599 Θηβαίων
971 2516 1093 2596 ἔχθρας

141 2610 196 2676 καὶ
206 2615 262 2694 τής
277 2613 454 2676 Φιλίππου.
468 2607 605 2694 ἀπορῶν
617 2607 661 2696 δ’,
679 2608 740 2678 ότι
751 2613 906 2696 χρήσαιτο
918 2609 1025 2700 αὑτῷ,
1038 2613 1093 2677 καί

141 2712 450 2793 παραγγελλομένης
460 2707 512 2776 ἐπ’
530 2707 634 2776 αὑτὸν
652 2709 715 2794 ήδη
732 2717 918 2796 στρατειάς,
941 2716 1021 2794 μίαν
1037 2712 1093 2775 ε’λ-

140 2810 219 2873 πίδα
246 2808 366 2892 λοιπήν
388 2813 515 2875 κατεῖδε
542 2817 703 2894 σωτηρίας
727 2813 867 2893 ἔνορκον
894 2815 1008 2895 λαβεῖν
1030 2805 1092 2874 τόν

70 2924 123 2980 483
137 2904 325 2992 Ἀθηναίων
333 2911 448 2992 δήμου,
457 2906 632 2992 σύμμαχον
642 2904 883 2994 ὀνομασθέντα,
896 2907 1090 2994 βοηθήσειν,

141 3015 174 3072 εί
188 3031 235 3082 τις
255 3002 304 3070 ἐπ’
322 3002 425 3072 αὑτὸν
444 3014 502 3071 ίοι·
524 3001 730 3097 δ-πρόδηλον
745 2998 789 3092 ήν
805 3004 982 3091 ἐσόμενον,
1005 3010 1037 3071 ἐί
1046 3002 1090 3090 μή

142 3102 235 3189 ὑμεῖς
246 3103 436 3170 κωλύσαιτε.
449 3110 553 3170 ταῦτα
563 3105 599 3172 δὲ
610 3107 800 3192 διανοηθείς
812 3103 1003 3173 ἀποστέλλει
1015 3108 1094 3171 δεῦ-
1111 3121 1141 3176 91

142 3227 180 3286 ρο
196 3202 348 3287 πρέσβεις
362 3202 555 3287 Γλαυκέτην
573 3206 628 3271 καὶ
644 3200 834 3288 Ἐμπέδωνα
848 3204 904 3271 καί
914 3203 1092 3286 Διόδωρον

140 3296 201 3364 τόν
212 3296 544 3383 δολιχοδρομήσαντα,
555 3303 718 3384 φέροντας
727 3309 774 3390 τῷ
784 3301 844 3386 μέν
854 3302 946 3391 δήμω
959 3304 1092 3380 ἐλπίδας

140 3395 254 3482 κενάς,
277 3400 490 3481 Δημοσθένει
506 3396 537 3464 δ’
559 3397 721 3483 ἀργύριον
737 3402 872 3477 καὶτοῖς
889 3402 964 3487 περὶ
975 3398 1089 3467 αὑτόν.
