2340 3916
368 179 464 235 ΥΠΕΡ
482 178 724 236 ΕΥΞΕΝΙΠΠΟΥ.

64 351 173 418 τωπόν
195 371 230 415 τε
251 350 408 430 *ποιητά-

64 457 156 518 μενοι
179 435 224 502 ὡ(
247 434 376 501 οἷόντε

63 522 233 587 κάλλκτον
255 519 430 585 καὶτᾶλλα

36 607 171 672 ιπάντα
193 608 233 671 τά
256 606 429 683 ἀκόλουθα,

62 694 116 758 καὶ
136 692 256 771 κόεμον
277 692 383 756 πολὺν

62 778 112 843 καὶ
135 778 293 853 πολυτελῆ
316 783 355 859 τῇ
377 780 427 840 θε-

63 868 90 948 ῷ
113 863 369 941 παρατκευάεαν-

61 967 115 1012 τε(
136 948 188 1011 καὶ
209 947 346 1026 θεωρίαν
369 947 421 1010 καὶ

25 1052 50 1089 10
63 1032 171 1096 θυείαν
194 1035 329 1096 πολλῶν
352 1050 427 1109 χρη-

63 1117 172 1197 μάτων
194 1115 402 1181 ἀποετείλαν-

62 1220 115 1266 τε(
138 1201 370 1281 ἐπεκοτμήτατε

62 1287 101 1351 τὸ
124 1286 198 1351 {boc
219 1290 275 1363 τῆε
297 1286 429 1364 Διώνη(

63 1370 158 1437 ἀξίαι
180 1372 231 1435 καὶ
253 1369 343 1451 ὑμῶν
365 1369 419 1434 αὐ-

25 1462 129 1522 ιιτάιν
151 1456 203 1520 καὶ
224 1459 280 1533 τῆς
302 1459 388 1520 θεοῦ.
413 1492 450 1499 -
475 1453 509 1518 ιλ-

63 1542 123 1621 πὲρ
145 1540 271 1605 τούτων
294 1540 368 1620 ὑμῖν

61 1627 103 1691 τὰ
124 1625 304 1705 ἐγκλήματα
325 1624 403 1704 ἦλθε

62 1711 138 1790 παρ’
159 1710 375 1789 Ὀλυμπιάδα(
397 1710 433 1775 ἐν

62 1799 133 1862 ταῖτ
155 1796 347 1878 ἐπιετολαῖτ,
373 1794 418 1860 abc

22 1881 82 1962 1οὴ
105 1881 197 1961 χώρα
218 1879 266 1961 εἴη
289 1881 308 1960 ἡ
332 1881 486 1945 *Μολοτ-

987 179 1028 245 41

547 351 628 417 νάτα
650 352 685 416 ἐν
709 350 876 431 ἀδικήματι

547 436 726 516 ψηφίτηιθε
749 435 848 516 εἷναι,
871 435 878 522 Ι

546 522 670 600 τρόπον
692 523 764 587 τινὰ
786 524 838 586 καὶ
859 524 894 600 ἡ·

547 614 616 687 μῶν
639 607 747 672 αὐτῶν
770 627 896 684 καταγι-

546 692 712 772 νώτκομεν
736 690 781 757 ὼε
802 694 842 757 τὰ
864 693 895 756 ἐ-

545 779 595 842 κεῖ
616 776 676 841 οὐκ
697 776 803 855 όρθιίιτ
825 777 923 855 ἐπρά-

545 866 659 940 ξαμεν·
682 899 724 908 -
746 862 804 926 ἐὰν
828 863 856 927 δ’
878 863 932 927 ἐπὶ
1042 878 1055 918 5

545 951 605 1011 τοῦ
626 947 842 1026 γεγενημένου

545 1031 660 1113 ἐῶμεν,
682 1031 739 1096 τάε
761 1033 917 1113 τραγῳδί-

547 1135 585 1180 α(
607 1117 704 1195 αὐτῆς
727 1118 779 1181 καὶ
799 1119 858 1182 τὰε
879 1137 972 1195 κατη-
1069 1110 1084 1129 “

545 1201 656 1286 γορίαε
677 1201 879 1286 ἀφηρηκότεε

546 1285 690 1365 ἐκόμεθα.
713 1323 754 1334 -
781 1287 821 1351 οὐ
846 1289 909 1367 γὰρ
931 1289 986 1368 δή·
1030 1305 1055 1344 10

545 1392 611 1435 που
633 1371 825 1452 Ὀλυμπιάδι
846 1373 903 1453 μὲν

545 1457 586 1521 τὰ
607 1456 772 1536 Ἀθήνηειν
795 1456 866 1535 ἱερὰ
888 1457 919 1521 ἐ-

546 1546 712 1620 πικοεμεϊν
734 1541 863 1624 ἔξεττιν,

543 1625 618 1706 ἡμῖν
641 1628 677 1691 δὲ
698 1627 738 1691 τά
761 1626 796 1691 ἐν
818 1626 943 1690 Δωδώ-

546 1731 586 1793 νη
609 1710 669 1774 οὐκ
690 1711 820 1793 ἐξέεται,
842 1713 895 1776 καὶ
1030 1728 1053 1768 15

545 1799 646 1859 ταῦτα
666 1799 726 1861 τοῦ
748 1799 825 1860 θεοῦ
849 1817 945 1875 προε-

546 1880 708 1946 τάξαντος.
745 1881 830 1946 Ἀλλ’
852 1881 911 1945 ουκ
933 1881 964 1946 ἔ-

996 537 1103 580 xxxvl!

61 1965 113 2031 τία
135 1965 243 2050 αὐτῆς,
265 1967 301 2032 ἐν
323 1967 343 2050 ᾗ
366 1966 405 2030 τὸ
429 1964 517 2045 ἱερόν
546 1984 628 2049 (τιν,
655 1963 682 2028 ὦ
705 1966 901 2049 Πολύευκτε,

64 2051 160 2116 ἐκτιν·
184 2050 305 2117 οὔκουν
327 2071 424 2130 προτ-

63 2141 140 2214 ῆκεν
161 2135 242 2215 ἡμᾶς
263 2141 330 2202 τῶν
353 2135 383 2199 ἐ·

62 2224 113 2286 κεῑ
135 2220 213 2286 οὐδὲ
234 2223 271 2287 ἓν
294 2223 401 2286 κινεῖν.
425 2257 463 2264 -

19 2323 50 2365 25
64 2306 123 2371 ἐὰν
145 2308 203 2385 μὲν
225 2306 336 2371 τοίνυν
358 2306 399 2370 τὰ

63 2391 139 2469 περὶ
159 2392 217 2470 τὴν
240 2391 360 2472 φιάλην
382 2410 476 2467 γεγο-

546 2049 593 2115 ὡε
615 2051 686 2131 ἐμοὶ
707 2053 823 2132 δοκεῖς,
846 2050 922 2116 ὅθεν

546 2134 740 2215 κατηγορίαν
763 2135 824 2201 οὐκ
845 2136 886 2201 ἀν
1031 2153 1056 2191 ²0

545 2221 703 2299 ποιήταιο.
737 2220 840 2286 καίτοι
861 2241 894 2286 τε

548 2305 657 2387 ἐχρῆν,
680 2306 810 2384 ἐπείπερ
832 2326 912 2384 προ-

546 2393 658 2473 ῄρηται
680 2390 846 2455 πολιτεύε-

134 2603 190 2655 θολ.
209 2603 335 2655 XXXVI.
374 2605 389 2652 2
413 2615 616 2667 κοεμηταμενοι
634 2602 666 2652 A.
689 2599 868 2665 κομιεάμενοι
885 2603 949 2653 Pet.
967 2599 1031 2656 θοαί

64 2672 132 2738 Cp.;
150 2669 332 2736 ποιηεάμενοι
350 2670 383 2719 Κ.
405 2697 438 2706 -
463 2668 595 2724 θτάκόλ.
615 2670 664 2721 Cb.
683 2699 717 2706 —
739 2674 754 2721 ’ί
774 2669 929 2734 πολυτεληι
947 2669 979 2719 Α.
997 2695 1031 2705 -

64 2742 96 2790 11
115 2740 332 2791 απεετειλαντεε
345 2741 368 2788 Α
380 2754 421 2803 pr.
438 2766 469 2774 -
490 2740 522 2788 15
534 2736 615 2804 ϋλπερ
628 2739 660 2789 A.
675 2765 708 2774 -
723 2741 754 2788 17
769 2739 824 2788 Hic
837 2752 944 2803 quoque
957 2737 1032 2799 εγκλ.

63 2807 106 2858 A..
125 2833 157 2844 -
185 2810 218 2858 20
236 2805 254 2870 ἡ
274 2803 417 2859 Μολοαία
436 2804 489 2868 (sic
506 2807 580 2857 enim
595 2806 631 2866 A)
648 2813 679 2857 ut
699 2806 878 2857 manifestum
895 2805 1032 2857 emblema

64 2873 132 2926 eici't
151 2873 209 2939 Cb,
227 2891 283 2926 non
300 2874 467 2925 adversante
486 2873 560 2932 Sw.¹,
577 2874 761 2940 probantibus
774 2873 807 2923 K.
820 2873 884 2939 Cp.;
906 2878 936 2924 at
954 2877 1030 2923 reete

61 2942 139 2994 JBL.
158 2944 273 3008 monuit,
292 2942 363 2992 nihil
380 2947 493 3007 praeter
505 2941 619 2993 formam
632 2943 673 2993 ibi
691 2947 849 3007 suspectam
867 2956 943 3002 eese3
960 2941 1032 2990 hane

62 3011 151 3076 igitur
167 3011 336 3061 mutandam.
356 3037 388 3046 -
406 3012 438 3060 21
456 3010 569 3074 τοϊερον
587 3010 619 3059 A.
640 3035 675 3048 ·-
696 3013 729 3061 22
748 3008 854 3061 οάκοθν
873 3010 923 3060 Bb.
941 3035 974 3044 -
998 3010 1032 3059 23

62 3077 216 3144 προςήκειν
235 3078 284 3130 Cb.
297 3081 360 3130 Pat.
375 3076 441 3144 Gp.;
461 3078 511 3128 aed
528 3078 570 3128 ita
587 3079 746 3144 imperfecti
763 3078 839 3128 notio
858 3078 1031 3128 obscuratur.

63 3170 95 3181 -
115 3149 148 3198 26
166 3148 254 3211 φιλην
272 3146 296 3197 Α
314 3163 356 3212 ρι.

132 3239 192 3292 Col.
211 3239 353 3292 XXXVII.
387 3241 403 3289 2
421 3237 520 3290 αὐτῶν
539 3255 631 3290 errore
644 3256 696 3290 om.
709 3239 739 3289 0.
757 3265 791 3274 —
809 3250 1030 3300 καταγεινυιεκο-

63 3321 117 3372 μεν
134 3311 166 3360 A.
193 3335 227 3344 -
253 3312 268 3359 ί
287 3309 356 3359 Poat
374 3305 469 3371 ἐῶμεν
487 3311 561 3358 reete
586 3307 761 3373 distinguunt
780 3305 843 3356 θοὴ.
861 3304 905 3356 K.¹
925 3303 975 3370 Op.
997 3337 1032 3347 -

62 3379 279 3442 θαφηρηκοτετ
296 3376 328 3427 Δ.
355 3403 387 3414 -
417 3379 449 3427 15
473 3374 595 3439 δωδωνη
613 3376 646 3425 A.
674 3403 705 3411 -
734 3376 766 3425 19
788 3374 880 3426 δοκειε
897 3373 932 3434 Α,
955 3373 1033 3425 δοκεῖ

64 3460 156 3496 errore
174 3446 225 3497 Bb.
245 3445 297 3497 Sw.
318 3444 367 3497 Cb.
397 3469 431 3481 -
468 3445 501 3494 22
520 3440 599 3507 εἴπερ
618 3442 668 3494 Cb.
697 3469 729 3478 -
759 3445 793 3494 23
816 3442 1032 3508 προηρηεθαιΑ

62 3528 116 3580 pr.‚
135 3526 291 3579 προηρηεαι
309 3514 333 3563 Α
351 3527 420 3564 corr.
438 3537 472 3547 -
