2340 3916
147 177 174 228 X
287 220 305 232 .
517 172 737 227 PRAEFATIO.

146 331 246 394 quam
266 309 404 394 figuram
427 309 496 392 ipse
519 326 647 391 quoque
669 306 863 390 aliquotiens
886 307 1032 372 codicum
1054 330 1119 392 ope

146 412 283 477 restitui.

233 511 384 578 Ceterum
405 533 458 576 eas
480 515 607 576 tantum
629 512 828 576 coniecturas
850 511 886 574 in
908 510 1117 576 adnotatione

147 614 298 698 apposui,
321 635 402 698 quae
424 612 506 677 mihi
528 612 605 676 satis
619 612 808 677 verisimiles
830 634 898 678 esse
913 612 1115 696 riderentur3

147 717 182 781 in
210 715 399 781 certioribus
427 713 618 798 recipiendis
644 736 713 779 non
738 734 853 797 pareus
880 713 937 778 fui.
995 717 1118 780 Auctor

147 818 301 901 cuiusque
329 816 439 880 sedulo
467 815 642 899 indicatus,
671 815 750 879 item
777 814 882 880 editor
909 816 965 899 qui
992 816 1117 899 primus

146 919 311 1003 receperit.
356 916 391 982 si
418 916 490 1000 quis
518 921 625 982 autem
654 937 846 1002 cognoscere
875 917 983 1002 cupiat
1005 918 1116 1000 quales

147 1024 221 1084 ante
244 1019 428 1083 Bekkerum
455 1018 516 1083 hae
538 1019 700 1084 orationes
722 1019 823 1083 lectae
844 1019 925 1103 sint,
947 1017 1115 1085 Reiskium

147 1121 254 1205 adent3
278 1122 345 1186 sive
360 1124 440 1204 quot
461 1121 551 1186 locos
565 1121 617 1186 vel
631 1120 780 1187 Reiskius
795 1121 847 1185 vel
862 1119 1115 1186 Valckenaerius

147 1223 307 1306 ceterique
330 1222 455 1307 antiqui
476 1223 669 1305 coniecturis
690 1224 756 1288 suis
778 1222 946 1287 nulladum
966 1222 1114 1288 codicum

147 1324 420 1408 opesanaverint‚
438 1324 582 1408 ipsorum
593 1324 817 1390 adnotationes
829 1324 996 1408 inspicite:
1008 1345 1115 1408 neque

148 1426 234 1489 enim
256 1425 365 1490 omnia
386 1447 468 1510 quae
483 1425 586 1490 Aldus
607 1430 735 1510 praeter
755 1426 879 1490 codices
900 1427 1046 1510 peccarit
1067 1427 1116 1491 in·

147 1525 268 1610 dicare,
299 1548 405 1611 neque
437 1529 556 1593 totiens
588 1531 715 1611 praeter
742 1527 926 1592 Bekkerum
959 1527 1115 1593 editorem

147 1627 334 1713 codicesque
364 1650 381 1693 e
415 1628 531 1713 quibus
559 1628 614 1693 ille
646 1650 756 1693 veram
787 1628 959 1694 lectionem
987 1629 1115 1694 reduxit

146 1730 269 1812 priores
292 1752 419 1814 quoque
435 1731 491 1814 qui
506 1729 640 1795 eandem
655 1730 840 1796 coniectura
856 1730 993 1795 assecuti
1008 1735 1115 1796 essent

149 1832 317 1896 nominare
338 1832 434 1897 huius
457 1832 608 1897 editionis
630 1833 735 1896 visum
758 1836 816 1897 est.

182 1963 1113 2052 Sor.MagdeburgimenseFebrnarioaOIOIOOOOLXXI.

664 2203 875 2271 FriderIcus
898 2203 1013 2271 Blass.
