2340 3916
148 190 191 251 96
499 189 754 249 ΑΙΣΧΙΝΟΥ

146 353 334 436 ἐγχειροῦσι
353 347 522 416 διδάσκειν
538 345 712 431 προσέχειν
728 343 788 410 τόν
812 350 905 411 νοῦν.
930 343 1002 431 ἅμα
1018 343 1052 414 δ’
1070 350 1103 426 ἐξ
1122 367 1143 418 ι’

149 445 252 534 άρχής
263 453 440 534 διεξῆλθον
450 445 511 530 τήν
534 448 641 511 κτίσιν
652 450 714 510 τού
724 445 818 526 ίερού
829 445 884 510 καὶ
893 443 956 529 τήν
966 444 1101 531 πρωτην

148 546 298 615 σύνοδον
308 549 491 633 γενομένην
503 552 570 611 των
586 539 854 628 Ἀμφικτυόνων,
877 545 930 609 καί
941 541 1020 621 τούς
1042 542 1103 627 ὅρ-

148 671 229 724 κους
240 643 353 712 νότων
363 641 528 728 άνέμνων,
550 644 587 709 ἐν
606 636 654 719 οἷς
677 647 818 727 ἔνορκον
833 634 877 726 ἦν
898 656 967 720 τοῖς
987 641 1103 729 άρχαί·

149 765 199 818 οις
220 745 382 828 μηδεμίαν
406 739 506 807 πόλιν
522 747 590 806 τῶν
614 737 898 824 Ἀμφικτυονίδων
916 735 1103 807 ἀνάστατον

148 839 301 925 ποιήσειν
326 834 403 924 μηδ’
426 835 562 905 ὑδάτων
589 843 792 924 ναματιαίων
819 841 938 919 εἰρξειν
965 834 1041 924 μήτ’
1066 842 1103 905 έν

148 941 279 1025 πολέμῳ
291 933 366 1021 μήτ’
378 938 416 1003 ἐν
427 935 554 1023 εἰρήνη,
566 934 625 1002 ἐὰν
632 940 670 1002 δέ
677 963 725 1014 τις
736 941 839 1002 ταῦτα
848 942 991 1024 παραβῇ,
1002 956 1103 1023 στρα-

149 1036 281 1103 τεύσειν
292 1035 344 1102 ἐπὶ
356 1040 478 1101 τούτου
489 1037 543 1102 καί
555 1033 613 1114 τάς
625 1034 739 1114 πόλεις
750 1033 964 1122 ἀναστήσειν,
977 1039 1032 1103 καί
1043 1035 1104 1103 ε’άν

77 1153 131 1211 285
149 1161 197 1212 τις
217 1128 240 1219 ή
260 1141 346 1222 συλᾷ
366 1131 406 1200 τά
423 1141 484 1200 τοῦ
504 1141 591 1200 θεοῦ
606 1128 629 1220 ή
647 1137 784 1221 συνειδῇ
799 1161 832 1200 τι
849 1129 870 1220 ή
887 1133 1055 1221 βουλεύσῃ
1072 1160 1104 1199 τι

150 1231 232 1301 κατὰ
257 1239 325 1300 τῶν
347 1235 463 1317 ἱεράν,
485 1231 683 1318 τιμωρήσειν
700 1234 755 1300 καὶ
774 1233 856 1319 χειρὶ
873 1234 928 1300 καὶ
950 1232 1026 1299 ποδὶ
1048 1235 1104 1298 καὶ

150 1337 248 1418 φωνῇ
269 1330 324 1396 καί
341 1329 430 1417 πάση
453 1329 608 1417 δυνάμει·
629 1333 684 1398 καί
705 1338 836 1416 προσήν
856 1337 902 1418 τῷ
927 1329 1015 1420 όρκφ
1037 1328 1103 1413 άρά
1124 1349 1135 1398 l

126 1510 129 1514 Ι
151 1430 278 1516 ἰσχυρά.
300 1428 428 1497 τούτων
442 1432 477 1496 δὲ
493 1427 1030 1516 ἀναγνωσθέντωνάπεφηυάμην,
1053 1427 1104 1495 ὅτι

151 1529 223 1614 ἐμοὶ
241 1533 334 1596 δοκεῖ
348 1532 477 1596 δίκαιον
495 1527 580 1595 εἶναι
596 1526 640 1614 μή
658 1536 818 1614 περιοράν
836 1532 1105 1614 κατεσκαμμένας

151 1625 208 1705 τάς
220 1630 257 1695 έν
267 1637 426 1706 Βοιωτοῖς
435 1627 554 1706 πόλεις.
567 1626 618 1694 ότι
630 1625 662 1694 δ’
675 1620 762 1713 ήσσν
771 1626 1037 1713 Ἀμφικτυονίδες
1048 1630 1104 1695 καί

151 1732 300 1811 ἔνορκοι,
322 1726 621 1812 κατηριθμησάμην
637 1731 721 1812 ἔθνη
738 1726 866 1794 δώδεκα
876 1724 917 1793 τά
928 1727 1104 1812 μετέχοντα

150 1831 211 1892 τού
224 1828 329 1910 ἱεροῦ,
342 1822 537 1909 Θετταλούς,
549 1822 725 1911 Βοιωτούς,
739 1821 779 1892 ού
793 1832 959 1911 Θηβαίους
968 1823 1103 1910 μόνους,

152 1928 305 2009 Δωριάς,
327 1921 461 2008 Ἴωνας,
473 1920 692 2009 Περραιβούς,
704 1924 899 2010 Μάγνητας,
913 1924 1103 2008 [Δόλοπας]

151 2020 319 2104 Λοκροὺς,
340 2027 509 2103 Οἰταίους,
531 2018 702 2105 Φθιώτας,
721 2021 867 2107 Μαλιᾶς,
891 2020 1032 2100 Φωκέας.
1049 2023 1105 2087 καὶ

82 2136 134 2192 286
151 2120 280 2187 τούτων
303 2122 409 2197 ἔδειξα
432 2118 573 2185 ἕκαστον
590 2124 690 2197 ἔθνος
708 2118 877 2204 ἰσόψηφον
894 2118 1104 2206 γιγνόμενον,

150 2215 187 2285 τὸ
205 2219 359 2302 μέγιστον
376 2223 422 2305 τῷ
440 2217 603 2301 ἐλάττονι,
627 2212 687 2283 τόν
703 2214 829 2303 ήκοντα
843 2220 880 2284 έκ
897 2223 1033 2299 Δωρίου
1050 2221 1105 2284 καὶ

151 2324 313 2386 Κυτινίου
335 2327 409 2385 ἰσου
433 2316 623 2403 δυνάμενον
642 2322 932 2403 Λακεδαιμονίοις,
955 2316 1016 2383 δύο
1038 2314 1104 2402 γάρ

152 2416 286 2503 ψήφους
296 2418 437 2484 ἕκαστον
448 2417 542 2500 φέρει
554 2421 662 2496 ἔθνος,
677 2415 778 2483 πάλιν
789 2418 825 2482 ἐκ
836 2423 904 2482 τῶν
913 2412 1033 2483 Ἰάνων
1044 2412 1104 2482 τὸν

150 2512 296 2599 Ἐρετριᾶ
323 2517 377 2582 καί
388 2518 536 2600 Πριηνέα
548 2510 819 2599 τοῖςἈθηναίοις,
830 2516 884 2580 καὶ
893 2512 972 2592 τοὺς
982 2513 1105 2590 άλλους

153 2614 236 2680 κατά
254 2611 367 2681 ταύτά.
390 2610 453 2698 τήν
465 2615 527 2698 μὲν
545 2606 608 2679 οὖν
620 2610 725 2699 άρχήν
735 2620 793 2698 τῆς
804 2623 972 2696 στρατείας
984 2613 1105 2697 ταύτης
1122 2629 1143 2680 l]

153 2708 250 2779 ὁσίαν
260 2714 315 2779 καὶ
327 2717 459 2779 δικαίαν
468 2710 692 2798 ἀπεφηνάμην
709 2710 808 2779 εἶναι·
831 2715 1058 2797 συλλεγέντων
1069 2713 1105 2778 δὲ

153 2821 221 2879 τῶν
229 2810 480 2897 Ἀμφικτυόνων
492 2818 538 2890 εἰς
548 2810 584 2879 τό
599 2813 690 2897 ἱερὸν
700 2814 754 2879 καὶ
765 2812 933 2897 τυχόντων
944 2818 1106 2896 σωτηρίας

83 2932 136 2989 287
156 2916 210 2980 καὶ
227 2912 344 2999 ψήφου
360 2909 440 2991 τούς
456 2917 581 2991 αἰτίους
591 2920 648 2998 τῆς
661 2914 694 2992 ἐξ
706 2911 808 2998 άρχής
818 2912 1032 2998 καταλήψεως
1042 2920 1105 2977 τού

154 3014 248 3092 ίερού
257 3015 347 3096 δίκης
358 3009 474 3096 ήξίουυ
481 3025 601 3095 τυχεῖν,
613 3009 657 3096 μή
665 3010 722 3088 τὰς
731 3010 1018 3096 πατρίδαςαύτοῖν,
1032 3006 1104 3077 ἄλλ’

154 3106 276 3186 αύτούς
294 3106 373 3185 τούς
389 3108 688 3194 χειρουργήσαντας
705 3112 760 3176 καί
771 3109 1035 3195 βουλεύσαντας,
1050 3108 1107 3185 τάς

155 3213 190 3276 δὲ
201 3209 311 3286 πόλεις
321 3208 527 3292 παρεχούσας
537 3215 583 3286 εἰς
592 3216 702 3292 κρίσιν
713 3208 790 3286 τούς
799 3207 1018 3296 άδικήσαντας
1028 3205 1107 3291 άζη-

154 3313 250 3392 μίους
267 3305 359 3373 εἶναι.
381 3312 436 3391 ,,εἰ
452 3310 471 3372 δ
477 3304 485 3329 ’
503 3305 690 3386 ἐπεξελθών
707 3306 846 3391 δυνάμει
862 3307 1056 3393 βεβαιώσεις
1066 3304 1105 3370 τά

83 3422 137 3477 288
154 3411 309 3490 Θηβαίων
326 3402 527 3490 ἀδικήματα,
552 3404 631 3488 παρ’
651 3397 699 3471 οἷν
717 3406 779 3489 μὲν
793 3411 931 3492 βοηθεῖς
947 3402 1010 3471 ούκ
1021 3401 1107 3469 άπο-
