2340 3916
342 198 439 249 ΚΑΤΑ
458 197 751 256 ΔΗΜοΣοΕΝονΣ,
987 200 1029 264 29

59 361 251 446 κεκτῆσθαι,
266 357 374 438 πάσας
392 355 451 438 τάς
470 362 600 438 δικαίας
619 363 744 439 πίστεις
757 362 1029 449 παρακαταθέμε-

60 493 135 551 νον,
151 462 257 544 οὕτως
275 460 392 544 ἀξιοῦν
411 463 612 552 προεστάναι
631 466 692 531 τοῦ
711 463 832 553 δήμου·
852 466 889 534 οδ
908 466 945 534 δὲ
967 466 1029 554 τήν

60 570 151 661 (μὲν)
171 569 329 660 πατρῴαν
347 573 412 656 γῆν
430 571 648 658 πεπρακέναι,
672 567 752 650 τοὺς
771 570 809 639 δὲ
834 567 875 640 οὐ
894 599 1029 660 γεγενη-

60 680 184 765 μένους
202 680 286 756 υίεῖς
301 678 413 767 σαυτῷ
429 686 688 765 προσποιεῖσθαι
707 675 798 765 παρὰ
812 675 892 757 τοὺς
905 679 1031 764 νόμους

60 787 129 851 τῶν
153 786 189 850 ἐν
212 796 283 862 ταῖς
307 789 458 868 κρίσεσιν
481 783 578 850 ἕνεκα
601 785 789 868 γινομένων
813 780 939 870 ὅρκων,
962 786 1031 852 ἐπι-

60 890 190 958 τάττειν
214 887 251 956 δὲ
273 901 343 968 τοῖς
366 886 479 968 άλλοις
501 888 741 974 στρατεύεσθαι
765 889 903 957 λιπόντα
927 886 1031 958 αὐτὸν

60 995 123 1082 τήν
141 993 260 1081 κοινήν
278 995 386 1076 τάξιν;

137 1093 178 1167 Ὦ
194 1097 377 1187 Ἀθηναῖοι,
396 1098 485 1188 παρόι
499 1106 535 1167 τί
550 1109 664 1168 οἴεσθε
681 1098 740 1181 τὰς
753 1100 865 1181 πόλεις
879 1100 951 1169 τοτὲ
970 1100 1031 1187 μὲν
1051 1126 1082 1173 τε

61 1199 101 1276 εὖ
124 1206 197 1274 τοτὲ
221 1206 260 1274 δὲ
284 1206 421 1292 φαύλως
443 1205 613 1293 πράττειν;
642 1203 745 1274 οὐδὲν
768 1202 923 1295 εὑρήσετε
952 1204 1031 1275 άλλο

61 1312 150 1400 πλήν
182 1311 271 1401 παρὰ
302 1309 382 1392 τούς
414 1311 629 1400 συμβούλους
661 1313 716 1380 καλ
748 1311 827 1393 τοὺς
857 1308 1031 1400 ἡγεμόνας.

62 1421 257 1504 ἐπιβλέψατε
281 1418 318 1486 δὲ
342 1420 394 1487 ἐπὶ
413 1415 474 1506 τήν
495 1424 654 1504 Θηβαίων
676 1418 782 1487 πόλιν.
819 1420 948 1504 ἐγένετο
972 1420 1031 1487 πό-

61 1535 126 1609 λις,
166 1527 295 1609 ἐγένετο
328 1530 477 1611 μεγίστη·
507 1523 639 1611 (πότε),
671 1525 727 1592 καὶ
754 1530 857 1591 τίνων
884 1528 1031 1611 τυχοῦσα

61 1628 239 1718 ἡγεμόνων
257 1631 313 1697 καλ
332 1632 539 1717 στρατηγῶνς
565 1626 708 1710 ἅπαντες
727 1625 771 1697 άν
791 1625 1032 1716 ὁμολογήσαιεν

63 1741 99 1804 οί
110 1736 338 1823 πρεσβύτεροι,
348 1732 421 1824 παρ’
440 1726 551 1824 ὦνπερ
564 1732 656 1820 κάγοδ
670 1734 751 1816 τοὺς
760 1736 882 1820 λόγους
897 1733 1032 1803 άκοόων

63 1844 143 1927 ἐρῶ,
172 1838 226 1909 ὅτε
254 1846 458 1926 Πελοπίδας,
487 1838 533 1921 τός
561 1861 681 1928 φασιν,
709 1836 822 1927 ἡγεῖτο
850 1844 910 1908 τοῦ
940 1844 1033 1929 ίεροῦ
1051 1857 1083 1905 73

62 1948 165 2033 λόχου
184 1947 239 2014 καὶ
256 1944 508 2033 Ἐπαμινώνδας
527 1947 719 2035 ἐστρατήγει
734 1947 789 2015 καὶ
805 1950 840 2014 οί
856 1945 936 2034 μετὰ
955 1948 1031 2015 τού-

62 2074 144 2121 των·
172 2053 245 2121 τότε
268 2050 329 2140 τήν
353 2056 389 2121 ἐν
413 2053 596 2140 Λεύκτροις
622 2053 732 2140 μάχην
755 2054 908 2140 ἐνίκησεν
926 2049 946 2141 ἡ
965 2056 1033 2120 τῶν

66 2165 230 2244 Θηβαίων
249 2159 354 2244 πόλις,
373 2159 445 2228 τότε
459 2163 506 2240 είς
523 2157 586 2246 τήν
600 2155 796 2246 ἀπόρθητον
814 2160 1034 2246 νομιζομένην

64 2263 152 2334 εἶναι
162 2270 440 2352 Λακεδαιμονίων
457 2266 572 2351 χώραν
590 2266 775 2352 είσίβαλον,
795 2262 863 2333 κατ’
884 2267 1034 2344 ἐκείνους

64 2368 144 2450 τοὺς
176 2371 320 2459 χρόνους
351 2369 455 2440 πολλὰ
488 2372 543 2439 καὶ
575 2369 659 2440 καλά
691 2373 909 2458 διεπράξαντο
943 2377 1033 2456 ἔργα,

64 2477 252 2564 Μεσσήνην
281 2480 540 2568 τετρακοσιοστῷ
564 2483 628 2545 ἔτει
649 2477 853 2568 κατοίκισαν,
875 2473 1035 2564 Ἀρκάδας

65 2580 274 2671 αὐτονόμους
307 2586 483 2670 ἐποίησαν,
518 2583 650 2663 ἔνδοξοι
682 2580 772 2671 παρὰ
803 2584 906 2649 πᾶσιν
938 2572 1034 2668 ἦσαν.

65 2687 145 2756 πότε
164 2686 195 2755 δ’
217 2681 261 2757 αὖ
284 2687 486 2757 τούναντίον
504 2687 643 2757 ταπεινά
661 2689 716 2756 καὶ
735 2691 797 2757 τοῦ
821 2687 1036 2774 φρονήματος
1053 2706 1086 2754 74

64 2883 156 2953 παρὰ]
155 2882 315 2966 κατάΝρτ.
321 2891 389 2954 Apr.
397 2886 487 2939 oorr.².
499 2889 570 2938 Num
580 2887 636 2940 τῶν
645 2880 676 2940 ἐν
688 2906 711 2940 τ.
718 2905 761 2954 κρ.
767 2884 840 2940 κατὰ
850 2881 918 2946 τούς
928 2880 1035 2952 νόμους

66 2974 139 3020 γιγν.
152 2946 177 3008 ό.
188 2953 290 3009 ἕνεκαλ
303 2957 521 3022 Praepositionis
535 2956 683 3008 collocatio
693 2957 798 3008 Meioro
811 2955 960 3006 offensioni
973 2956 1033 3005 fuit.

135 3044 176 3091 72.
214 3031 407 3122 ευρήοηιε
370 3040 470 3090 BLZM
487 3041 595 3096 Ald.-
613 3035 647 3093 δὲ
666 3032 714 3092 ἐπὶ
733 3041 757 3090 N
775 3040 838 3092 Mn:
858 3054 914 3104 γαρ
933 3032 1035 3090 ἐπὶ.-

66 3099 130 3157 πόι’
153 3112 218 3158 ante
237 3099 365 3184 ἐγενετο
368 3101 464 3185 πόλις
469 3123 531 3157 oum
551 3107 646 3172 Steph
667 3106 798 3162 otDobr.
808 3055 873 3158 oddy.
881 3107 945 3165 Mr.;
963 3105 1036 3154 idom

67 3191 129 3225 oum
152 3175 237 3226 Dobr.
255 3176 308 3227 del.
328 3169 423 3238 πόλις,
451 3166 572 3257 ἐγένετο.
607 3174 798 3227 Advorsantur
822 3174 918 3225 Moier.
939 3176 967 3222 et
989 3173 1035 3221 Fr.
1126 3184 1129 3189 ’

65 3269 100 3279 -
123 3260 159 3293 αν
178 3238 257 3306 ὁμολ.
276 3244 347 3294 ΝΑΒ
366 3242 431 3296 Bk.:
456 3235 511 3308 γάρ
530 3235 659 3307 ὁμολ.·
678 3237 789 3293 ολευτε
807 3238 905 3304 πρεσβ.
924 3238 1034 3290 oumR.

68 3311 130 3360 add.
151 3311 237 3362 nobs.
256 3313 337 3362 Turr.

136 3382 175 3433 73,
213 3371 300 3460 λόγου
319 3395 335 3428 a
359 3366 1036 3454 οοττ.21]ελιοιΑ-ἘπαμινάνδαςΝΖΜελ

66 3447 90 3496 Α
110 3462 149 3524 pr
167 3447 257 3501 Turr·
275 3438 571 3510 Ἐπαμεινιόνδαςμ-
601 3435 741 3509 Μεσήνην
765 3442 842 3494 oodd.
866 3447 895 3493 et
918 3440 980 3491 Ald
1003 3465 1036 3477 -

66 3509 239 3579 καττόκησαν
257 3530 296 3579 pr
315 3511 359 3562 Ad.
