2340 3916
148 196 211 260 106
498 196 750 259 ΑΙΣΧΙΝΟΥ

146 354 183 423 τό
194 362 302 441 γένος,
314 355 336 444 ἣ
346 367 415 425 τῶν
426 356 537 424 αὐτῶν
552 358 675 438 βωμῶν
688 344 954 437 Ἐτεοβουτάδαις
964 358 1099 440 μετέχει,

147 449 232 519 ὅθεν
244 451 265 539 ἡ
277 461 334 539 τῆς
342 452 485 540 Ἀθηνᾶς
500 460 557 536 τῆς
566 449 733 529 Πολιάδος
743 451 831 518 ἐστὶν
843 454 959 535 λε’ρεια,
972 471 1099 536 σνγκα-
1127 468 1131 475 ’

149 550 264 635 τάγειν
276 555 312 620 δὲ
322 551 383 619 τόν
394 557 508 637 δῆμον,
522 547 633 630 ῶσπερ
643 550 698 616 καί
709 547 808 638 ὀλίγῳ
818 550 982 635 πρότερον
993 548 1097 618 είπον.

149 650 350 735 ἐλευθέρους
371 651 408 714 δέ
427 672 484 733 μοι
505 650 714 734 συμβέβηκεν
736 646 821 715 εῖναι
840 641 895 715 καὶ
917 647 994 726 τούς
1015 647 1101 734 πρὸς
1120 664 1147 717 14

148 745 270 833 μητρὸς
286 745 450 831 ἅπαντας,
473 742 571 832 ἢνῶν
582 747 653 831 ἐμοὶ
663 743 727 831 πρὸ
739 754 807 814 τῶν
817 743 1005 833 ὀφθαλμῶν
1016 771 1102 832 προ-

76 868 130 924 314
152 838 304 931 φαίνεται
324 848 518 931 φοβουμένη
535 847 609 930 περὶ
626 853 683 930 τῆς
700 847 778 930 ἐμῆς
790 851 951 931 σωτηρίας
961 847 1016 912 καὶ
1027 851 1102 932 διη-

148 947 329 1031 πορημένη.
351 950 472 1030 καίτοι,
500 936 527 1010 ῶ
544 944 779 1030 Δημόσθενες,
801 941 900 1029 ημέν
917 941 976 1029 ἐμὴ
994 944 1101 1033 μήτηρ

148 1051 252 1131 ἐφυγε
268 1040 349 1131 μετά
366 1050 427 1111 τοῦ
444 1041 547 1130 αὐτῆς
565 1040 745 1127 ἀνδρόςείς
755 1042 930 1125 Κόρινθον
941 1044 995 1110 καὶ
1004 1044 1101 1128 μετέ-

149 1164 205 1229 σχε
222 1150 290 1211 τῶν
305 1150 484 1211 πολιτικῶν
500 1150 629 1210 κακῶν·
653 1139 696 1208 σι)
718 1141 753 1209 δέ
771 1138 990 1228 ἀμφισβητῶν
1012 1138 1098 1226 ἀνὴρ

148 1240 247 1328 εἶναι,
267 1237 308 1308 οὐ
319 1239 383 1327 γάρ
395 1237 439 1308 ἀν
449 1242 645 1327 τολμήσαιμι
656 1247 774 1324 εἰπεῖν,
799 1236 843 1318 ῶς
853 1236 988 1325 άνὴρεῖ,
1000 1241 1101 1323 ἐγρά-

149 1368 213 1427 φης
248 1344 439 1420 λιποταξίου
456 1343 510 1409 καὶ
527 1339 586 1408 τόν
603 1325 819 1426 γραψάμενον
831 1339 1027 1424 Νικόδημον
1038 1339 1100 1406 τόν

143 1435 337 1525 Ἀφιδναῖον
352 1438 493 1524 χρήμασι
509 1445 622 1518 πείσας
640 1439 786 1523 ἐσώθης,
809 1435 850 1504 όν
865 1434 1007 1521 ὕστερον
1018 1436 1101 1524 μετά

147 1536 362 1623 Ἀριστάρχου
382 1542 641 1617 συναπέκτεινας
657 1539 711 1605 καὶ
735 1535 777 1604 οὐ
798 1534 948 1621 καθαρός
970 1531 1018 1631 ῶν
1041 1536 1100 1614 τὰς

148 1651 256 1723 χεῖρας
267 1643 312 1716 είς
321 1634 384 1724 την
394 1634 522 1723 ἀγοράν
532 1636 711 1724 ἐμβάλλεις.
742 1635 927 1721 Φιλοχάρης
940 1633 970 1702 δ’
985 1631 1098 1702 οὑτοσὶ
1118 1650 1147 1703 14

148 1731 165 1803 ὃ
178 1735 403 1821 πρεσβύτατος
414 1733 558 1821 ἀδελφός
568 1733 674 1822 ἡμῶν,
688 1732 750 1802 οὐκ
762 1735 908 1819 ἀγεννεῖς
920 1733 1099 1820 διατριβάς,

148 1831 192 1912 ὡς
203 1832 246 1901 σύ
254 1841 468 1921 βλασφημεῖς,
480 1838 575 1920 ἔχων,
587 1831 660 1902 ἀλλ’
674 1838 711 1900 ἐν
719 1841 912 1920 γυμνασίοις
922 1838 1101 1919 διατρίβων

147 1938 203 2000 καί
220 1932 301 2019 μετὰ
316 1932 523 2019 Ἰφικράτους
539 1934 859 2019 συνεστρατευμένος
880 1936 936 2000 καὶ
954 1940 1101 2017 συνεχῶς

78 2043 129 2101 315
150 2037 221 2110 ἐτος
242 2030 305 2117 ἤδη
328 2036 422 2100 τουτὶ
444 2040 555 2116 τρίτου
582 2041 774 2118 στρατηγῶν
798 2030 873 2118 ἥκει
901 2031 1101 2117 δεησόμενος

150 2128 248 2215 ὑμῶν
273 2131 328 2216 ἐμὲ
350 2138 463 2198 σῶσαι.
499 2128 680 2217 Ἀφόβητος
705 2130 737 2198 δ’
760 2129 874 2198 οὑτοσὶ
896 2127 914 2198 ὁ
937 2128 1100 2207 νεότατος

150 2224 294 2312 ἀδελφὸς
311 2225 423 2314 ἡμῶν,
447 2228 700 2315 πεπρεσβευκώς
716 2230 778 2315 μέν
795 2227 879 2311 ὑπέρ
897 2226 993 2313 ὑμῶν
1003 2225 1100 2306 ἀξίως

149 2333 207 2413 τῆς
224 2327 349 2406 πόλεως
365 2327 449 2414 πρὸς
464 2329 524 2396 τόν
540 2335 608 2395 τῶν
618 2335 760 2413 Περσῶν
769 2332 921 2416 βασιλέα,
945 2334 1052 2403 καλῶς
1065 2326 1101 2393 δέ

149 2426 203 2492 καὶ
215 2429 348 2505 δικαίως
359 2433 427 2494 τῶν
438 2424 608 2513 ὑμετέρων
621 2426 798 2510 προσόδων
809 2425 1031 2510 ἐπιμεληθεὶς,
1045 2422 1100 2491 ὅτε

148 2522 252 2593 αὐτὸν
268 2529 319 2594 ἐπὶ
333 2524 395 2613 την
407 2524 524 2612 κοινὴν
536 2530 696 2611 διοίκησιν
709 2529 853 2609 εἵλεσθε,
873 2525 928 2592 καὶ
940 2528 1100 2590 πεπαιδο-

149 2627 325 2710 ποιημένος
342 2623 425 2692 κατά
442 2623 521 2704 τούς
537 2625 678 2710 νόμους,
701 2620 776 2690 ἀλλ’
799 2621 839 2690 οὐ
851 2628 1027 2690 Κνωσίωνι
1037 2619 1100 2706 τὴν
1134 2682 1137 2687 ,

152 2721 272 2788 ἑαυτοῦ
282 2736 425 2807 γυναῖκα
437 2726 750 2805 παρακατακλίνων,
766 2718 876 2804 ῶσπερ
891 2716 949 2802 σύ,
963 2719 1100 2802 πάρεστι

148 2827 372 2906 καταφρονῶν
382 2828 449 2887 τῶν
461 2827 532 2887 σῶν
542 2825 733 2904 λοιδοριῶν·
756 2817 792 2885 τὰ
804 2815 870 2903 γάρ
882 2820 1000 2898 ψευδὲς
1010 2814 1101 2883 ὄνει-

149 2921 205 2994 δος
222 2914 264 2983 οὐ
280 2921 460 3003 περαιτέρω
472 2925 529 3002 τῆς
541 2916 642 3005 ἀκοῆς
653 2915 847 3004 ἀφικνεῖται.
872 2914 1050 3001 ἐτόλμησας
1062 2918 1098 2983 δέ
1118 2938 1147 2989 15

148 3014 231 3081 κατά
247 3024 316 3086 τῶν
334 3021 422 3103 ἐμῶν
439 3022 607 3101 κηδεστῶν
624 3023 744 3085 εἰπεῖν·
765 3015 872 3093 οὕτως
890 3011 1028 3099 ἀναιδὴς
1045 3016 1101 3082 καὶ

79 3132 131 3190 316
150 3114 330 3202 πόρρωθεν
347 3116 521 3202 ἀχάριστος
538 3115 583 3201 εί,
605 3114 642 3195 ὃς
659 3117 850 3203 Φιλόδημον
867 3111 927 3182 τόν
949 3120 1100 3192 Φίλωνος

150 3217 274 3302 πατέρα
292 3217 348 3283 καὶ
361 3214 571 3298 Ἐπικράτους
581 3213 644 3283 οὐκ
656 3214 786 3305 ἀγαπᾷς
798 3212 876 3283 οὐδὲ
887 3228 1098 3298 προσκυνεῖς,

148 3309 192 3377 δι’
209 3310 249 3380 δν
263 3318 308 3391 είς
318 3310 397 3391 τούς
413 3315 556 3399 δημότας
573 3318 773 3400 ἐνεγράφης,
799 3310 841 3392 ῶς
854 3322 963 3379 ῖσασιν
975 3314 1009 3378 οί
1017 3336 1100 3393 πρε-

149 3413 304 3498 σβύτατοι
320 3419 501 3488 Παιανιῶν.
517 3412 520 3418 ’
536 3418 758 3501 ἐκπέπληγμαι
770 3414 822 3497 δέ,
841 3418 871 3480 εί
880 3411 922 3479 σύ
934 3415 1100 3495 λοιδορεῖν
