<?xml version="1.0" encoding="UTF-8"?>
<!DOCTYPE html PUBLIC "-//W3C//DTD XHTML 1.0 Transitional//EN"
    "http://www.w3.org/TR/xhtml1/DTD/xhtml1-transitional.dtd">
<html xmlns="http://www.w3.org/1999/xhtml" xml:lang="en" lang="en">
 <head>
  <title>
</title>
<meta http-equiv="Content-Type" content="text/html;charset=utf-8" />
  <meta name='ocr-system' content='tesseract 3.04.00' />
  <meta name='ocr-capabilities' content='ocr_page ocr_carea ocr_par ocr_line ocrx_word'/>
</head>
<body>
  <div class='ocr_page' id='page_1' title='image "./orationescumali00isaegoog/orationescumali00isaegoog_0715.png"; bbox 0 0 2340 3916; ppageno 0'>
   <div class='ocr_carea' id='block_1_1' title="bbox 64 3626 91 3656">
    <p class='ocr_par' dir='ltr' id='par_1_1' title="bbox 64 3626 91 3656">
     <span class='ocr_line' id='line_1_1' title="bbox 64 3626 91 3656; baseline 0 0"><span class='ocrx_word' id='word_1_1' title='bbox 64 3626 91 3656; x_wconf 80' lang='grc' dir='ltr'><strong>Ιι.</strong></span> 
     </span>
    </p>
   </div>
   <div class='ocr_carea' id='block_1_2' title="bbox 143 182 739 245">
    <p class='ocr_par' dir='ltr' id='par_1_2' title="bbox 143 182 739 245">
     <span class='ocr_line' id='line_1_2' title="bbox 143 182 739 245; baseline -0.005 0"><span class='ocrx_word' id='word_1_2' title='bbox 143 182 225 245; x_wconf 92' lang='lat' dir='ltr'>VIII</span> <span class='ocrx_word' id='word_1_3' title='bbox 530 192 739 242; x_wconf 79' lang='lat' dir='ltr'><strong>runursrro.</strong></span> 
     </span>
    </p>
   </div>
   <div class='ocr_carea' id='block_1_3' title="bbox 144 349 1120 687">
    <p class='ocr_par' dir='ltr' id='par_1_3' title="bbox 144 349 1120 687">
     <span class='ocr_line' id='line_1_3' title="bbox 145 349 1120 431; baseline -0.001 -17"><span class='ocrx_word' id='word_1_4' title='bbox 145 353 231 414; x_wconf 89' lang='lat' dir='ltr'><strong>idem</strong></span> <span class='ocrx_word' id='word_1_5' title='bbox 255 351 444 430; x_wconf 76' lang='lat' dir='ltr'><strong>Comparetti</strong></span> <span class='ocrx_word' id='word_1_6' title='bbox 466 360 497 413; x_wconf 91' lang='lat' dir='ltr'><strong>et</strong></span> <span class='ocrx_word' id='word_1_7' title='bbox 518 350 717 431; x_wconf 84' lang='lat' dir='ltr'><strong>Francogalli</strong></span> <span class='ocrx_word' id='word_1_8' title='bbox 737 349 890 431; x_wconf 71' lang='lat' dir='ltr'><strong>Deheque</strong></span> <span class='ocrx_word' id='word_1_9' title='bbox 913 361 944 411; x_wconf 91' lang='lat' dir='ltr'><strong>et</strong></span> <span class='ocrx_word' id='word_1_10' title='bbox 967 349 1120 413; x_wconf 79' lang='lat' dir='ltr'><strong>Oaffiaux.</strong></span> 
     </span>
     <span class='ocr_line' id='line_1_4' title="bbox 144 436 1120 518; baseline 0 -20"><span class='ocrx_word' id='word_1_11' title='bbox 144 438 237 498; x_wconf 88' lang='lat' dir='ltr'><strong>Multi</strong></span> <span class='ocrx_word' id='word_1_12' title='bbox 264 445 425 517; x_wconf 85' lang='lat' dir='ltr'><strong>practerea</strong></span> <span class='ocrx_word' id='word_1_13' title='bbox 453 436 593 496; x_wconf 87' lang='lat' dir='ltr'><strong>homines</strong></span> <span class='ocrx_word' id='word_1_14' title='bbox 622 436 705 497; x_wconf 89' lang='lat' dir='ltr'><strong>docti</strong></span> <span class='ocrx_word' id='word_1_15' title='bbox 733 436 924 503; x_wconf 85' lang='lat' dir='ltr'><strong>orationibus</strong></span> <span class='ocrx_word' id='word_1_16' title='bbox 946 437 1120 518; x_wconf 84' lang='lat' dir='ltr'><strong>Hyperidis</strong></span> 
     </span>
     <span class='ocr_line' id='line_1_5' title="bbox 147 522 1119 604; baseline -0.001 -20"><span class='ocrx_word' id='word_1_17' title='bbox 147 543 272 604; x_wconf 88' lang='lat' dir='ltr'><strong>operam</strong></span> <span class='ocrx_word' id='word_1_18' title='bbox 293 530 463 596; x_wconf 76' lang='lat' dir='ltr'><strong>naverunt,</strong></span> <span class='ocrx_word' id='word_1_19' title='bbox 488 541 619 600; x_wconf 90' lang='lat' dir='ltr'><strong>quorum</strong></span> <span class='ocrx_word' id='word_1_20' title='bbox 641 522 922 582; x_wconf 86' lang='lat' dir='ltr'><strong>enumerandorum</strong></span> <span class='ocrx_word' id='word_1_21' title='bbox 943 532 1052 602; x_wconf 88' lang='lat' dir='ltr'><strong>postea</strong></span> <span class='ocrx_word' id='word_1_22' title='bbox 1074 523 1119 583; x_wconf 93' lang='lat' dir='ltr'><strong>lo·</strong></span> 
     </span>
     <span class='ocr_line' id='line_1_6' title="bbox 146 607 1119 687; baseline -0.001 -18"><span class='ocrx_word' id='word_1_23' title='bbox 146 629 199 669; x_wconf 88' lang='lat' dir='ltr'><strong>cus</strong></span> <span class='ocrx_word' id='word_1_24' title='bbox 222 609 294 684; x_wconf 83' lang='lat' dir='ltr'><strong>erit3</strong></span> <span class='ocrx_word' id='word_1_25' title='bbox 321 626 408 667; x_wconf 86' lang='lat' dir='ltr'><strong>nunc</strong></span> <span class='ocrx_word' id='word_1_26' title='bbox 428 607 470 666; x_wconf 87' lang='lat' dir='ltr'><strong>de</strong></span> <span class='ocrx_word' id='word_1_27' title='bbox 492 608 684 668; x_wconf 86' lang='lat' dir='ltr'><strong>voluminum</strong></span> <span class='ocrx_word' id='word_1_28' title='bbox 705 608 842 687; x_wconf 89' lang='lat' dir='ltr'><strong>ipsorum</strong></span> <span class='ocrx_word' id='word_1_29' title='bbox 864 608 963 667; x_wconf 85' lang='lat' dir='ltr'><strong>forma</strong></span> <span class='ocrx_word' id='word_1_30' title='bbox 984 610 1119 668; x_wconf 90' lang='lat' dir='ltr'><strong>ratione-</strong></span> 
     </span>
    </p>
   </div>
   <div class='ocr_carea' id='block_1_4' title="bbox 109 692 1120 774">
    <p class='ocr_par' dir='ltr' id='par_1_4' title="bbox 109 692 1120 774">
     <span class='ocr_line' id='line_1_7' title="bbox 109 692 1120 774; baseline -0.001 -20"><span class='ocrx_word' id='word_1_31' title='bbox 109 757 114 765; x_wconf 53' lang='lat'><strong><em>„</em></strong></span> <span class='ocrx_word' id='word_1_32' title='bbox 145 713 205 774; x_wconf 90' lang='lat' dir='ltr'><strong>que</strong></span> <span class='ocrx_word' id='word_1_33' title='bbox 228 693 322 767; x_wconf 81' lang='lat' dir='ltr'><strong>omnI,</strong></span> <span class='ocrx_word' id='word_1_34' title='bbox 346 692 436 752; x_wconf 92' lang='lat' dir='ltr'><strong>simul</strong></span> <span class='ocrx_word' id='word_1_35' title='bbox 465 700 567 754; x_wconf 82' lang='lat' dir='ltr'><strong>aetate</strong></span> <span class='ocrx_word' id='word_1_36' title='bbox 594 692 702 753; x_wconf 90' lang='lat' dir='ltr'><strong>indole</strong></span> <span class='ocrx_word' id='word_1_37' title='bbox 732 693 914 753; x_wconf 89' lang='lat' dir='ltr'><strong>auctoritate</strong></span> <span class='ocrx_word' id='word_1_38' title='bbox 936 712 1028 771; x_wconf 90' lang='lat' dir='ltr'><strong>quam</strong></span> <span class='ocrx_word' id='word_1_39' title='bbox 1049 693 1120 754; x_wconf 87' lang='lat' dir='ltr'><strong>bre-</strong></span> 
     </span>
    </p>
   </div>
   <div class='ocr_carea' id='block_1_5' title="bbox 141 777 1121 2640">
    <p class='ocr_par' dir='ltr' id='par_1_5' title="bbox 143 777 587 857">
     <span class='ocr_line' id='line_1_8' title="bbox 143 777 587 857; baseline -0.005 -18"><span class='ocrx_word' id='word_1_40' title='bbox 143 780 267 840; x_wconf 83' lang='lat' dir='ltr'><strong>vissime</strong></span> <span class='ocrx_word' id='word_1_41' title='bbox 288 786 395 857; x_wconf 89' lang='lat' dir='ltr'><strong>potero</strong></span> <span class='ocrx_word' id='word_1_42' title='bbox 419 777 587 838; x_wconf 79' lang='lat' dir='ltr'><strong>absolvam.</strong></span> 
     </span>
    </p>

    <p class='ocr_par' dir='ltr' id='par_1_6' title="bbox 141 861 1121 2640">
     <span class='ocr_line' id='line_1_9' title="bbox 227 861 1118 942; baseline -0.001 -20"><span class='ocrx_word' id='word_1_43' title='bbox 227 863 339 942; x_wconf 89' lang='lat' dir='ltr'><strong>Itaque</strong></span> <span class='ocrx_word' id='word_1_44' title='bbox 360 863 505 923; x_wconf 89' lang='lat' dir='ltr'><strong>volumen</strong></span> <span class='ocrx_word' id='word_1_45' title='bbox 526 861 607 923; x_wconf 91' lang='lat' dir='ltr'><strong>illud</strong></span> <span class='ocrx_word' id='word_1_46' title='bbox 628 863 712 942; x_wconf 91' lang='lat' dir='ltr'><strong>quod</strong></span> <span class='ocrx_word' id='word_1_47' title='bbox 738 862 777 924; x_wconf 88' lang='lat' dir='ltr'><strong>ab</strong></span> <span class='ocrx_word' id='word_1_48' title='bbox 800 861 940 922; x_wconf 88' lang='lat' dir='ltr'><strong>Harrisio</strong></span> <span class='ocrx_word' id='word_1_49' title='bbox 963 861 1118 922; x_wconf 88' lang='lat' dir='ltr'><strong>Ardenio·</strong></span> 
     </span>
     <span class='ocr_line' id='line_1_10' title="bbox 144 947 1118 1028; baseline -0.002 -20"><span class='ocrx_word' id='word_1_50' title='bbox 144 967 204 1028; x_wconf 90' lang='lat' dir='ltr'><strong>que</strong></span> <span class='ocrx_word' id='word_1_51' title='bbox 225 948 388 1009; x_wconf 85' lang='lat' dir='ltr'><strong>inventum</strong></span> <span class='ocrx_word' id='word_1_52' title='bbox 409 956 470 1022; x_wconf 85' lang='lat' dir='ltr'><strong>est,</strong></span> <span class='ocrx_word' id='word_1_53' title='bbox 500 947 646 1027; x_wconf 88' lang='lat' dir='ltr'><strong>quodque</strong></span> <span class='ocrx_word' id='word_1_54' title='bbox 668 947 698 1007; x_wconf 84' lang='lat' dir='ltr'>A</span> <span class='ocrx_word' id='word_1_55' title='bbox 719 947 824 1008; x_wconf 89' lang='lat' dir='ltr'><strong>littera</strong></span> <span class='ocrx_word' id='word_1_56' title='bbox 845 957 953 1027; x_wconf 89' lang='lat' dir='ltr'><strong>postea</strong></span> <span class='ocrx_word' id='word_1_57' title='bbox 975 947 1118 1026; x_wconf 77' lang='lat' dir='ltr'>signabo,</span> 
     </span>
     <span class='ocr_line' id='line_1_11' title="bbox 142 1032 1120 1114; baseline -0.001 -21"><span class='ocrx_word' id='word_1_58' title='bbox 142 1053 297 1114; x_wconf 83' lang='lat' dir='ltr'>papyrum</span> <span class='ocrx_word' id='word_1_59' title='bbox 323 1033 459 1094; x_wconf 86' lang='lat' dir='ltr'><strong>melioris</strong></span> <span class='ocrx_word' id='word_1_60' title='bbox 487 1040 581 1093; x_wconf 87' lang='lat' dir='ltr'><strong>notae</strong></span> <span class='ocrx_word' id='word_1_61' title='bbox 608 1032 704 1093; x_wconf 81' lang='lat' dir='ltr'><strong>habet</strong></span> <span class='ocrx_word' id='word_1_62' title='bbox 733 1033 920 1111; x_wconf 82' lang='lat' dir='ltr'><strong>omninoque</strong></span> <span class='ocrx_word' id='word_1_63' title='bbox 950 1052 1018 1091; x_wconf 90' lang='lat' dir='ltr'><strong>cum</strong></span> <span class='ocrx_word' id='word_1_64' title='bbox 1045 1053 1120 1092; x_wconf 89' lang='lat' dir='ltr'><strong>cura</strong></span> 
     </span>
     <span class='ocr_line' id='line_1_12' title="bbox 143 1117 1118 1198; baseline -0.002 -20"><span class='ocrx_word' id='word_1_65' title='bbox 143 1120 282 1198; x_wconf 87' lang='lat' dir='ltr'><strong>satisque</strong></span> <span class='ocrx_word' id='word_1_66' title='bbox 306 1118 463 1198; x_wconf 86' lang='lat' dir='ltr'><strong>eleganter</strong></span> <span class='ocrx_word' id='word_1_67' title='bbox 488 1117 663 1178; x_wconf 86' lang='lat' dir='ltr'><strong>confectum</strong></span> <span class='ocrx_word' id='word_1_68' title='bbox 685 1125 741 1178; x_wconf 90' lang='lat' dir='ltr'><strong>est.</strong></span> <span class='ocrx_word' id='word_1_69' title='bbox 778 1117 887 1196; x_wconf 82' lang='lat' dir='ltr'><strong>Margo</strong></span> <span class='ocrx_word' id='word_1_70' title='bbox 910 1118 994 1177; x_wconf 89' lang='lat' dir='ltr'><strong>infra</strong></span> <span class='ocrx_word' id='word_1_71' title='bbox 1013 1137 1118 1193; x_wconf 89' lang='lat' dir='ltr'><strong>supra-</strong></span> 
     </span>
     <span class='ocr_line' id='line_1_13' title="bbox 143 1202 1118 1282; baseline -0.002 -19"><span class='ocrx_word' id='word_1_72' title='bbox 143 1223 204 1282; x_wconf 91' lang='lat' dir='ltr'><strong>que</strong></span> <span class='ocrx_word' id='word_1_73' title='bbox 219 1211 251 1263; x_wconf 87' lang='lat' dir='ltr'><strong>et</strong></span> <span class='ocrx_word' id='word_1_74' title='bbox 264 1203 398 1281; x_wconf 87' lang='lat' dir='ltr'><strong>spatium</strong></span> <span class='ocrx_word' id='word_1_75' title='bbox 412 1203 604 1263; x_wconf 89' lang='lat' dir='ltr'><strong>commodum</strong></span> <span class='ocrx_word' id='word_1_76' title='bbox 620 1203 702 1263; x_wconf 86' lang='lat' dir='ltr'><strong>inter</strong></span> <span class='ocrx_word' id='word_1_77' title='bbox 711 1202 801 1263; x_wconf 82' lang='lat' dir='ltr'><strong>blnas</strong></span> <span class='ocrx_word' id='word_1_78' title='bbox 817 1203 990 1278; x_wconf 80' lang='lat' dir='ltr'><strong>columnas3</strong></span> <span class='ocrx_word' id='word_1_79' title='bbox 1007 1222 1118 1262; x_wconf 86' lang='lat' dir='ltr'><strong>versus</strong></span> 
     </span>
     <span class='ocr_line' id='line_1_14' title="bbox 142 1287 1117 1367; baseline 0.001 -21"><span class='ocrx_word' id='word_1_80' title='bbox 142 1295 226 1348; x_wconf 86' lang='lat' dir='ltr'><strong>recte</strong></span> <span class='ocrx_word' id='word_1_81' title='bbox 242 1287 424 1364; x_wconf 80' lang='lat' dir='ltr'><strong>deomrunt3</strong></span> <span class='ocrx_word' id='word_1_82' title='bbox 441 1289 602 1348; x_wconf 75' lang='lat' dir='ltr'><strong>columnae</strong></span> <span class='ocrx_word' id='word_1_83' title='bbox 615 1287 814 1367; x_wconf 76' lang='lat' dir='ltr'><strong>longitudino</strong></span> <span class='ocrx_word' id='word_1_84' title='bbox 829 1289 911 1348; x_wconf 87' lang='lat' dir='ltr'><strong>inter</strong></span> <span class='ocrx_word' id='word_1_85' title='bbox 925 1306 959 1347; x_wconf 88' lang='lat' dir='ltr'><strong>se</strong></span> <span class='ocrx_word' id='word_1_86' title='bbox 974 1288 1047 1346; x_wconf 86' lang='lat' dir='ltr'><strong>satis</strong></span> <span class='ocrx_word' id='word_1_87' title='bbox 1066 1308 1117 1347; x_wconf 86' lang='lat' dir='ltr'><strong>ae-</strong></span> 
     </span>
     <span class='ocr_line' id='line_1_15' title="bbox 144 1371 1121 1452; baseline -0.002 -19"><span class='ocrx_word' id='word_1_88' title='bbox 144 1371 295 1451; x_wconf 89' lang='lat' dir='ltr'><strong>quabiles.</strong></span> <span class='ocrx_word' id='word_1_89' title='bbox 339 1372 493 1434; x_wconf 77' lang='lat' dir='ltr'><strong>Numerus</strong></span> <span class='ocrx_word' id='word_1_90' title='bbox 515 1391 661 1433; x_wconf 87' lang='lat' dir='ltr'><strong>versuum</strong></span> <span class='ocrx_word' id='word_1_91' title='bbox 688 1374 722 1433; x_wconf 85' lang='lat' dir='ltr'><strong>in&#39;</strong></span> <span class='ocrx_word' id='word_1_92' title='bbox 749 1372 879 1452; x_wconf 84' lang='lat' dir='ltr'><strong>singulis</strong></span> <span class='ocrx_word' id='word_1_93' title='bbox 902 1372 1051 1432; x_wconf 87' lang='lat' dir='ltr'><strong>columnis</strong></span> <span class='ocrx_word' id='word_1_94' title='bbox 1075 1374 1121 1431; x_wconf 89' lang='lat' dir='ltr'><strong>ita</strong></span> 
     </span>
     <span class='ocr_line' id='line_1_16' title="bbox 142 1457 1120 1538; baseline -0.002 -20"><span class='ocrx_word' id='word_1_95' title='bbox 142 1459 257 1531; x_wconf 86' lang='lat' dir='ltr'><strong>variat,</strong></span> <span class='ocrx_word' id='word_1_96' title='bbox 281 1465 317 1517; x_wconf 91' lang='lat' dir='ltr'><strong>ut</strong></span> <span class='ocrx_word' id='word_1_97' title='bbox 338 1477 441 1536; x_wconf 90' lang='lat' dir='ltr'><strong>neque</strong></span> <span class='ocrx_word' id='word_1_98' title='bbox 462 1458 533 1537; x_wconf 90' lang='lat' dir='ltr'><strong>plus</strong></span> <span class='ocrx_word' id='word_1_99' title='bbox 548 1459 678 1537; x_wconf 81' lang='lat' dir='ltr'><strong>triginta</strong></span> <span class='ocrx_word' id='word_1_100' title='bbox 692 1459 756 1517; x_wconf 82' lang='lat' dir='ltr'><strong>alnt</strong></span> <span class='ocrx_word' id='word_1_101' title='bbox 770 1476 873 1538; x_wconf 87' lang='lat' dir='ltr'><strong>neque</strong></span> <span class='ocrx_word' id='word_1_102' title='bbox 888 1458 989 1516; x_wconf 88' lang='lat' dir='ltr'><strong>minus</strong></span> <span class='ocrx_word' id='word_1_103' title='bbox 1004 1457 1120 1535; x_wconf 82' lang='lat' dir='ltr'><strong>viginti</strong></span> 
     </span>
     <span class='ocr_line' id='line_1_17' title="bbox 142 1542 1120 1623; baseline -0.001 -21"><span class='ocrx_word' id='word_1_104' title='bbox 142 1551 276 1622; x_wconf 81' lang='lat' dir='ltr'><strong>septem3</strong></span> <span class='ocrx_word' id='word_1_105' title='bbox 305 1561 415 1602; x_wconf 87' lang='lat' dir='ltr'><strong>versus</strong></span> <span class='ocrx_word' id='word_1_106' title='bbox 443 1544 503 1623; x_wconf 91' lang='lat' dir='ltr'><strong>ipsi</strong></span> <span class='ocrx_word' id='word_1_107' title='bbox 532 1542 651 1604; x_wconf 79' lang='lat' dir='ltr'><strong>litteras</strong></span> <span class='ocrx_word' id='word_1_108' title='bbox 681 1542 843 1603; x_wconf 76' lang='lat' dir='ltr'><strong>continent</strong></span> <span class='ocrx_word' id='word_1_109' title='bbox 871 1561 1023 1620; x_wconf 85' lang='lat' dir='ltr'><strong>nusquam</strong></span> <span class='ocrx_word' id='word_1_110' title='bbox 1051 1543 1120 1602; x_wconf 87' lang='lat' dir='ltr'><strong>fere</strong></span> 
     </span>
     <span class='ocr_line' id='line_1_18' title="bbox 143 1626 1119 1707; baseline 0.001 -21"><span class='ocrx_word' id='word_1_111' title='bbox 143 1627 212 1707; x_wconf 86' lang='lat' dir='ltr'><strong>plus</strong></span> <span class='ocrx_word' id='word_1_112' title='bbox 235 1627 368 1702; x_wconf 82' lang='lat' dir='ltr'>XVIII,</span> <span class='ocrx_word' id='word_1_113' title='bbox 397 1647 550 1707; x_wconf 80' lang='lat' dir='ltr'><strong>nusquam</strong></span> <span class='ocrx_word' id='word_1_114' title='bbox 575 1629 678 1687; x_wconf 90' lang='lat' dir='ltr'><strong>minus</strong></span> <span class='ocrx_word' id='word_1_115' title='bbox 705 1627 800 1687; x_wconf 87' lang='lat' dir='ltr'>XIII.</span> <span class='ocrx_word' id='word_1_116' title='bbox 842 1626 981 1687; x_wconf 87' lang='lat' dir='ltr'><strong>Litterae</strong></span> <span class='ocrx_word' id='word_1_117' title='bbox 1011 1646 1119 1687; x_wconf 89' lang='lat' dir='ltr'><strong>omnes</strong></span> 
     </span>
     <span class='ocr_line' id='line_1_19' title="bbox 143 1711 1120 1792; baseline -0.002 -20"><span class='ocrx_word' id='word_1_118' title='bbox 143 1713 253 1773; x_wconf 87' lang='lat' dir='ltr'><strong>eadem</strong></span> <span class='ocrx_word' id='word_1_119' title='bbox 283 1721 356 1773; x_wconf 91' lang='lat' dir='ltr'><strong>sunt</strong></span> <span class='ocrx_word' id='word_1_120' title='bbox 388 1712 620 1792; x_wconf 83' lang='lat' dir='ltr'><strong>magnitudino3</strong></span> <span class='ocrx_word' id='word_1_121' title='bbox 649 1712 828 1791; x_wconf 77' lang='lat' dir='ltr'><strong>capitalium</strong></span> <span class='ocrx_word' id='word_1_122' title='bbox 861 1730 941 1790; x_wconf 86' lang='lat' dir='ltr'><strong>quae</strong></span> <span class='ocrx_word' id='word_1_123' title='bbox 971 1711 1120 1771; x_wconf 90' lang='lat' dir='ltr'><strong>dicuntur</strong></span> 
     </span>
     <span class='ocr_line' id='line_1_20' title="bbox 143 1796 1119 1876; baseline -0.001 -19"><span class='ocrx_word' id='word_1_124' title='bbox 143 1797 248 1857; x_wconf 91' lang='lat' dir='ltr'><strong>nullus</strong></span> <span class='ocrx_word' id='word_1_125' title='bbox 270 1816 354 1857; x_wconf 86' lang='lat' dir='ltr'><strong>usus.</strong></span> <span class='ocrx_word' id='word_1_126' title='bbox 397 1796 518 1857; x_wconf 84' lang='lat' dir='ltr'><strong>Ductus</strong></span> <span class='ocrx_word' id='word_1_127' title='bbox 541 1817 606 1856; x_wconf 92' lang='lat' dir='ltr'><strong>non</strong></span> <span class='ocrx_word' id='word_1_128' title='bbox 628 1797 672 1856; x_wconf 88' lang='lat' dir='ltr'><strong>ita</strong></span> <span class='ocrx_word' id='word_1_129' title='bbox 693 1797 826 1876; x_wconf 82' lang='lat' dir='ltr'><strong>pingues</strong></span> <span class='ocrx_word' id='word_1_130' title='bbox 849 1804 880 1856; x_wconf 90' lang='lat' dir='ltr'><strong>et</strong></span> <span class='ocrx_word' id='word_1_131' title='bbox 895 1797 1019 1856; x_wconf 90' lang='lat' dir='ltr'><strong>omnino</strong></span> <span class='ocrx_word' id='word_1_132' title='bbox 1042 1798 1119 1856; x_wconf 87' lang='lat' dir='ltr'><strong>satis</strong></span> 
     </span>
     <span class='ocr_line' id='line_1_21' title="bbox 144 1880 1117 1962; baseline -0.001 -20"><span class='ocrx_word' id='word_1_133' title='bbox 144 1883 317 1962; x_wconf 56' lang='lat' dir='ltr'><strong>elegantem</strong></span> <span class='ocrx_word' id='word_1_134' title='bbox 354 1880 467 1942; x_wconf 88' lang='lat' dir='ltr'><strong>claram</strong></span> <span class='ocrx_word' id='word_1_135' title='bbox 496 1882 680 1961; x_wconf 84' lang='lat' dir='ltr'><strong>scripturam</strong></span> <span class='ocrx_word' id='word_1_136' title='bbox 706 1883 758 1943; x_wconf 82' lang='lat' dir='ltr'><strong>vel</strong></span> <span class='ocrx_word' id='word_1_137' title='bbox 784 1881 967 1960; x_wconf 80' lang='lat' dir='ltr'><strong>magnitudo</strong></span> <span class='ocrx_word' id='word_1_138' title='bbox 998 1881 1117 1942; x_wconf 87' lang='lat' dir='ltr'><strong>littera-</strong></span> 
     </span>
     <span class='ocr_line' id='line_1_22' title="bbox 142 1963 1117 2038; baseline -0.003 -11"><span class='ocrx_word' id='word_1_139' title='bbox 142 1987 210 2027; x_wconf 84' lang='lat' dir='ltr'><strong>rum</strong></span> <span class='ocrx_word' id='word_1_140' title='bbox 233 1966 317 2027; x_wconf 85' lang='lat' dir='ltr'><strong>facit.</strong></span> <span class='ocrx_word' id='word_1_141' title='bbox 351 1965 491 2027; x_wconf 85' lang='lat' dir='ltr'><strong>Litterae</strong></span> <span class='ocrx_word' id='word_1_142' title='bbox 512 1963 586 2028; x_wconf 82' lang='lat' dir='ltr'><strong>(et</strong></span> <span class='ocrx_word' id='word_1_143' title='bbox 606 1963 629 2026; x_wconf 85' lang='grc' dir='ltr'>Ε</span> <span class='ocrx_word' id='word_1_144' title='bbox 649 1967 815 2027; x_wconf 85' lang='lat' dir='ltr'><strong>rotundam</strong></span> <span class='ocrx_word' id='word_1_145' title='bbox 839 1967 968 2026; x_wconf 83' lang='lat' dir='ltr'><strong>formam</strong></span> <span class='ocrx_word' id='word_1_146' title='bbox 987 1964 1117 2038; x_wconf 87' lang='lat' dir='ltr'><strong>habent,</strong></span> 
     </span>
     <span class='ocr_line' id='line_1_23' title="bbox 146 2050 1120 2130; baseline -0.001 -18"><span class='ocrx_word' id='word_1_147' title='bbox 146 2060 178 2112; x_wconf 86' lang='lat' dir='ltr'><strong>et</strong></span> <span class='ocrx_word' id='word_1_148' title='bbox 199 2052 291 2111; x_wconf 89' lang='lat' dir='ltr'><strong>huius</strong></span> <span class='ocrx_word' id='word_1_149' title='bbox 313 2051 416 2111; x_wconf 88' lang='lat' dir='ltr'><strong>media</strong></span> <span class='ocrx_word' id='word_1_150' title='bbox 436 2050 554 2111; x_wconf 90' lang='lat' dir='ltr'><strong>lineola</strong></span> <span class='ocrx_word' id='word_1_151' title='bbox 575 2070 712 2111; x_wconf 88' lang='lat' dir='ltr'><strong>summae</strong></span> <span class='ocrx_word' id='word_1_152' title='bbox 732 2068 825 2130; x_wconf 90' lang='lat' dir='ltr'><strong>quam</strong></span> <span class='ocrx_word' id='word_1_153' title='bbox 838 2052 970 2111; x_wconf 81' lang='lat' dir='ltr'><strong>maxime</strong></span> <span class='ocrx_word' id='word_1_154' title='bbox 992 2050 1120 2111; x_wconf 90' lang='lat' dir='ltr'><strong>admota</strong></span> 
     </span>
     <span class='ocr_line' id='line_1_24' title="bbox 145 2133 1118 2215; baseline 0 -19"><span class='ocrx_word' id='word_1_155' title='bbox 145 2138 387 2214; x_wconf 81' lang='lat' dir='ltr'><strong>coniunctaque3</strong></span> <span class='ocrx_word' id='word_1_156' title='bbox 418 2133 450 2196; x_wconf 90' lang='grc' dir='ltr'>Μ</span> <span class='ocrx_word' id='word_1_157' title='bbox 476 2153 601 2215; x_wconf 90' lang='lat' dir='ltr'><strong>quoque</strong></span> <span class='ocrx_word' id='word_1_158' title='bbox 628 2136 792 2196; x_wconf 81' lang='lat' dir='ltr'><strong>rotundius</strong></span> <span class='ocrx_word' id='word_1_159' title='bbox 821 2144 994 2211; x_wconf 69' lang='lat' dir='ltr'><strong>exaratum</strong></span> <span class='ocrx_word' id='word_1_160' title='bbox 1024 2155 1118 2214; x_wconf 88' lang='lat' dir='ltr'><strong>porro</strong></span> 
     </span>
     <span class='ocr_line' id='line_1_25' title="bbox 145 2215 1117 2298; baseline 0 -18"><span class='ocrx_word' id='word_1_161' title='bbox 145 2215 172 2280; x_wconf 91' lang='grc' dir='ltr'>Ω</span> <span class='ocrx_word' id='word_1_162' title='bbox 194 2219 304 2280; x_wconf 86' lang='lat' dir='ltr'><strong>eadem</strong></span> <span class='ocrx_word' id='word_1_163' title='bbox 325 2220 424 2279; x_wconf 87' lang='lat' dir='ltr'><strong>forma</strong></span> <span class='ocrx_word' id='word_1_164' title='bbox 447 2228 494 2281; x_wconf 88' lang='lat' dir='ltr'><strong>est</strong></span> <span class='ocrx_word' id='word_1_165' title='bbox 521 2239 583 2298; x_wconf 88' lang='lat' dir='ltr'><strong>qua</strong></span> <span class='ocrx_word' id='word_1_166' title='bbox 609 2221 643 2279; x_wconf 90' lang='lat' dir='ltr'><strong>in</strong></span> <span class='ocrx_word' id='word_1_167' title='bbox 671 2229 777 2281; x_wconf 89' lang='lat' dir='ltr'><strong>nostra</strong></span> <span class='ocrx_word' id='word_1_168' title='bbox 799 2222 920 2280; x_wconf 85' lang='lat' dir='ltr'><strong>cursiva</strong></span> <span class='ocrx_word' id='word_1_169' title='bbox 940 2238 1019 2298; x_wconf 90' lang='lat' dir='ltr'><strong>quae</strong></span> <span class='ocrx_word' id='word_1_170' title='bbox 1043 2220 1117 2280; x_wconf 90' lang='lat' dir='ltr'><strong>dici-</strong></span> 
     </span>
     <span class='ocr_line' id='line_1_26' title="bbox 141 2300 1117 2384; baseline 0.001 -20"><span class='ocrx_word' id='word_1_171' title='bbox 141 2315 193 2364; x_wconf 92' lang='lat' dir='ltr'><strong>tur</strong></span> <span class='ocrx_word' id='word_1_172' title='bbox 214 2305 375 2384; x_wconf 87' lang='lat' dir='ltr'><strong>scriptura.</strong></span> <span class='ocrx_word' id='word_1_173' title='bbox 418 2303 459 2364; x_wconf 86' lang='lat' dir='ltr'><strong>In</strong></span> <span class='ocrx_word' id='word_1_174' title='bbox 472 2304 584 2365; x_wconf 88' lang='lat' dir='ltr'><strong>litteris</strong></span> <span class='ocrx_word' id='word_1_175' title='bbox 606 2300 632 2366; x_wconf 93' lang='grc' dir='ltr'>Λ</span> <span class='ocrx_word' id='word_1_176' title='bbox 654 2313 685 2366; x_wconf 92' lang='lat' dir='ltr'><strong>et</strong></span> <span class='ocrx_word' id='word_1_177' title='bbox 699 2302 731 2366; x_wconf 90' lang='grc' dir='ltr'>Δ</span> <span class='ocrx_word' id='word_1_178' title='bbox 746 2313 918 2384; x_wconf 86' lang='lat' dir='ltr'><strong>postremus</strong></span> <span class='ocrx_word' id='word_1_179' title='bbox 935 2304 1044 2364; x_wconf 87' lang='lat' dir='ltr'><strong>ductus</strong></span> <span class='ocrx_word' id='word_1_180' title='bbox 1060 2306 1117 2365; x_wconf 89' lang='lat' dir='ltr'><strong>ali-</strong></span> 
     </span>
     <span class='ocr_line' id='line_1_27' title="bbox 142 2387 1118 2470; baseline 0 -20"><span class='ocrx_word' id='word_1_181' title='bbox 142 2399 293 2470; x_wconf 87' lang='lat' dir='ltr'><strong>quantum</strong></span> <span class='ocrx_word' id='word_1_182' title='bbox 314 2390 481 2469; x_wconf 84' lang='lat' dir='ltr'><strong>prominet,</strong></span> <span class='ocrx_word' id='word_1_183' title='bbox 505 2390 682 2469; x_wconf 82' lang='lat' dir='ltr'><strong>pariterque</strong></span> <span class='ocrx_word' id='word_1_184' title='bbox 702 2391 736 2450; x_wconf 93' lang='lat' dir='ltr'><strong>in</strong></span> <span class='ocrx_word' id='word_1_185' title='bbox 753 2387 796 2463; x_wconf 75' lang='grc' dir='ltr'><strong>·Ἀ,</strong></span> <span class='ocrx_word' id='word_1_186' title='bbox 819 2389 875 2450; x_wconf 92' lang='lat' dir='ltr'><strong>ubi</strong></span> <span class='ocrx_word' id='word_1_187' title='bbox 889 2391 985 2450; x_wconf 87' lang='lat' dir='ltr'><strong>ceteri</strong></span> <span class='ocrx_word' id='word_1_188' title='bbox 1006 2389 1118 2450; x_wconf 86' lang='lat' dir='ltr'><strong>ductus</strong></span> 
     </span>
     <span class='ocr_line' id='line_1_28' title="bbox 142 2472 1117 2544; baseline -0.001 -9"><span class='ocrx_word' id='word_1_189' title='bbox 142 2476 176 2535; x_wconf 92' lang='lat' dir='ltr'><strong>in</strong></span> <span class='ocrx_word' id='word_1_190' title='bbox 198 2475 327 2535; x_wconf 82' lang='lat' dir='ltr'><strong>formam</strong></span> <span class='ocrx_word' id='word_1_191' title='bbox 350 2474 456 2544; x_wconf 88' lang='lat' dir='ltr'><strong>circuli</strong></span> <span class='ocrx_word' id='word_1_192' title='bbox 477 2475 606 2535; x_wconf 87' lang='lat' dir='ltr'><strong>redacti.</strong></span> <span class='ocrx_word' id='word_1_193' title='bbox 643 2472 668 2536; x_wconf 92' lang='grc' dir='ltr'>Β</span> <span class='ocrx_word' id='word_1_194' title='bbox 689 2476 811 2537; x_wconf 87' lang='lat' dir='ltr'><strong>litterae</strong></span> <span class='ocrx_word' id='word_1_195' title='bbox 833 2475 917 2535; x_wconf 86' lang='lat' dir='ltr'><strong>infra</strong></span> <span class='ocrx_word' id='word_1_196' title='bbox 937 2474 1023 2533; x_wconf 91' lang='lat' dir='ltr'><strong>linea</strong></span> <span class='ocrx_word' id='word_1_197' title='bbox 1040 2476 1117 2534; x_wconf 86' lang='lat' dir='ltr'><strong>satis</strong></span> 
     </span>
     <span class='ocr_line' id='line_1_29' title="bbox 141 2555 1115 2640; baseline 0 -20"><span class='ocrx_word' id='word_1_198' title='bbox 141 2579 244 2621; x_wconf 83' lang='lat' dir='ltr'><strong>crassa</strong></span> <span class='ocrx_word' id='word_1_199' title='bbox 265 2561 299 2619; x_wconf 92' lang='lat' dir='ltr'><strong>in</strong></span> <span class='ocrx_word' id='word_1_200' title='bbox 319 2567 482 2640; x_wconf 84' lang='lat' dir='ltr'><strong>utramque</strong></span> <span class='ocrx_word' id='word_1_201' title='bbox 497 2567 617 2640; x_wconf 80' lang='lat' dir='ltr'><strong>partem</strong></span> <span class='ocrx_word' id='word_1_202' title='bbox 631 2561 783 2639; x_wconf 87' lang='lat' dir='ltr'><strong>producta</strong></span> <span class='ocrx_word' id='word_1_203' title='bbox 800 2559 894 2620; x_wconf 83' lang='lat' dir='ltr'><strong>affixa</strong></span> <span class='ocrx_word' id='word_1_204' title='bbox 916 2567 977 2635; x_wconf 78' lang='lat' dir='ltr'><strong>aet3</strong></span> <span class='ocrx_word' id='word_1_205' title='bbox 1001 2555 1030 2619; x_wconf 88' lang='grc' dir='ltr'>Ξ</span> <span class='ocrx_word' id='word_1_206' title='bbox 1052 2580 1115 2620; x_wconf 88' lang='lat' dir='ltr'><strong>me-</strong></span> 
     </span>
    </p>
   </div>
   <div class='ocr_carea' id='block_1_6' title="bbox 57 2644 1118 2706">
    <p class='ocr_par' dir='ltr' id='par_1_7' title="bbox 57 2644 1118 2706">
     <span class='ocr_line' id='line_1_30' title="bbox 57 2644 1118 2706; baseline -0.002 0"><span class='ocrx_word' id='word_1_207' title='bbox 57 2659 60 2663; x_wconf 85' lang='lat'>&#39;</span> <span class='ocrx_word' id='word_1_208' title='bbox 143 2645 226 2706; x_wconf 87' lang='lat' dir='ltr'><strong>diam</strong></span> <span class='ocrx_word' id='word_1_209' title='bbox 252 2645 401 2705; x_wconf 91' lang='lat' dir='ltr'><strong>lineolam</strong></span> <span class='ocrx_word' id='word_1_210' title='bbox 428 2666 497 2705; x_wconf 92' lang='lat' dir='ltr'><strong>cum</strong></span> <span class='ocrx_word' id='word_1_211' title='bbox 524 2645 728 2706; x_wconf 83' lang='lat' dir='ltr'><strong>exterioribus</strong></span> <span class='ocrx_word' id='word_1_212' title='bbox 762 2644 881 2705; x_wconf 83' lang='lat' dir='ltr'><strong>duabus</strong></span> <span class='ocrx_word' id='word_1_213' title='bbox 914 2645 948 2703; x_wconf 90' lang='lat' dir='ltr'><strong>in</strong></span> <span class='ocrx_word' id='word_1_214' title='bbox 976 2652 1118 2704; x_wconf 89' lang='lat' dir='ltr'><strong>nostrum</strong></span> 
     </span>
    </p>
   </div>
   <div class='ocr_carea' id='block_1_7' title="bbox 142 2729 1116 2894">
    <p class='ocr_par' dir='ltr' id='par_1_8' title="bbox 142 2729 1116 2894">
     <span class='ocr_line' id='line_1_31' title="bbox 142 2729 1116 2809; baseline -0.002 -20"><span class='ocrx_word' id='word_1_215' title='bbox 142 2730 267 2789; x_wconf 92' lang='lat' dir='ltr'><strong>modum</strong></span> <span class='ocrx_word' id='word_1_216' title='bbox 290 2731 484 2790; x_wconf 88' lang='lat' dir='ltr'><strong>coniunctam</strong></span> <span class='ocrx_word' id='word_1_217' title='bbox 504 2729 613 2804; x_wconf 89' lang='lat' dir='ltr'><strong>habet,</strong></span> <span class='ocrx_word' id='word_1_218' title='bbox 642 2730 704 2790; x_wconf 89' lang='lat' dir='ltr'><strong>nisi</strong></span> <span class='ocrx_word' id='word_1_219' title='bbox 731 2729 816 2809; x_wconf 91' lang='lat' dir='ltr'><strong>quod</strong></span> <span class='ocrx_word' id='word_1_220' title='bbox 836 2730 1045 2789; x_wconf 84' lang='lat' dir='ltr'><strong>sinistrorsum</strong></span> <span class='ocrx_word' id='word_1_221' title='bbox 1068 2750 1116 2788; x_wconf 88' lang='lat' dir='ltr'><strong>ar·</strong></span> 
     </span>
     <span class='ocr_line' id='line_1_32' title="bbox 145 2813 1116 2894; baseline -0.001 -20"><span class='ocrx_word' id='word_1_222' title='bbox 145 2827 198 2874; x_wconf 80' lang='lat' dir='ltr'><strong>ons</strong></span> <span class='ocrx_word' id='word_1_223' title='bbox 220 2823 379 2893; x_wconf 82' lang='lat' dir='ltr'><strong>spectant3</strong></span> <span class='ocrx_word' id='word_1_224' title='bbox 407 2835 500 2894; x_wconf 89' lang='lat' dir='ltr'><strong>porro</strong></span> <span class='ocrx_word' id='word_1_225' title='bbox 521 2813 566 2873; x_wconf 89' lang='lat' dir='ltr'><strong>ibi</strong></span> <span class='ocrx_word' id='word_1_226' title='bbox 594 2832 718 2894; x_wconf 87' lang='lat' dir='ltr'><strong>quoquo</strong></span> <span class='ocrx_word' id='word_1_227' title='bbox 739 2814 844 2874; x_wconf 85' lang='lat' dir='ltr'><strong>infima</strong></span> <span class='ocrx_word' id='word_1_228' title='bbox 872 2814 957 2875; x_wconf 88' lang='lat' dir='ltr'><strong>linea</strong></span> <span class='ocrx_word' id='word_1_229' title='bbox 978 2813 1116 2892; x_wconf 82' lang='lat' dir='ltr'><strong>longitu-</strong></span> 
     </span>
    </p>
   </div>
   <div class='ocr_carea' id='block_1_8' title="bbox 121 2896 1117 2979">
    <p class='ocr_par' dir='ltr' id='par_1_9' title="bbox 121 2896 1117 2979">
     <span class='ocr_line' id='line_1_33' title="bbox 121 2896 1117 2979; baseline 0.001 -19"><span class='ocrx_word' id='word_1_230' title='bbox 121 2898 217 2960; x_wconf 87' lang='lat' dir='ltr'><strong>-dina</strong></span> <span class='ocrx_word' id='word_1_231' title='bbox 244 2900 401 2959; x_wconf 87' lang='lat' dir='ltr'><strong>notabilis.</strong></span> <span class='ocrx_word' id='word_1_232' title='bbox 445 2899 592 2978; x_wconf 90' lang='lat' dir='ltr'><strong>Denique</strong></span> <span class='ocrx_word' id='word_1_233' title='bbox 620 2896 651 2960; x_wconf 86' lang='grc' dir='ltr'>Ψ</span> <span class='ocrx_word' id='word_1_234' title='bbox 678 2900 777 2960; x_wconf 88' lang='lat' dir='ltr'><strong>crucis</strong></span> <span class='ocrx_word' id='word_1_235' title='bbox 802 2899 931 2979; x_wconf 80' lang='lat' dir='ltr'><strong>figuram</strong></span> <span class='ocrx_word' id='word_1_236' title='bbox 952 2906 1117 2975; x_wconf 88' lang='lat' dir='ltr'><strong>monstrat.</strong></span> 
     </span>
    </p>
   </div>
   <div class='ocr_carea' id='block_1_9' title="bbox 130 2983 1118 3582">
    <p class='ocr_par' dir='ltr' id='par_1_10' title="bbox 130 2983 1118 3582">
     <span class='ocr_line' id='line_1_34' title="bbox 141 2983 1116 3065; baseline 0 -21"><span class='ocrx_word' id='word_1_237' title='bbox 141 2983 338 3064; x_wconf 74' lang='lat' dir='ltr'><strong>Frequenter</strong></span> <span class='ocrx_word' id='word_1_238' title='bbox 357 2984 480 3043; x_wconf 86' lang='lat' dir='ltr'><strong>litterae</strong></span> <span class='ocrx_word' id='word_1_239' title='bbox 502 2984 583 3044; x_wconf 88' lang='lat' dir='ltr'><strong>inter</strong></span> <span class='ocrx_word' id='word_1_240' title='bbox 604 3004 639 3045; x_wconf 86' lang='lat' dir='ltr'><strong>se</strong></span> <span class='ocrx_word' id='word_1_241' title='bbox 661 2985 856 3065; x_wconf 84' lang='lat' dir='ltr'><strong>colligantur,</strong></span> <span class='ocrx_word' id='word_1_242' title='bbox 879 2984 1063 3045; x_wconf 82' lang='lat' dir='ltr'><strong>transversis</strong></span> <span class='ocrx_word' id='word_1_243' title='bbox 1078 2985 1116 3044; x_wconf 88' lang='lat' dir='ltr'><strong>li-</strong></span> 
     </span>
     <span class='ocr_line' id='line_1_35' title="bbox 144 3064 1118 3150; baseline -0.001 -21"><span class='ocrx_word' id='word_1_244' title='bbox 144 3071 212 3130; x_wconf 87' lang='lat' dir='ltr'><strong>neis</strong></span> <span class='ocrx_word' id='word_1_245' title='bbox 229 3088 334 3130; x_wconf 82' lang='lat' dir='ltr'><strong>aarum</strong></span> <span class='ocrx_word' id='word_1_246' title='bbox 347 3086 428 3147; x_wconf 88' lang='lat' dir='ltr'><strong>quae</strong></span> <span class='ocrx_word' id='word_1_247' title='bbox 442 3076 515 3128; x_wconf 89' lang='lat' dir='ltr'><strong>sunt</strong></span> <span class='ocrx_word' id='word_1_248' title='bbox 531 3066 551 3129; x_wconf 87' lang='grc' dir='ltr'>Γ</span> <span class='ocrx_word' id='word_1_249' title='bbox 566 3065 592 3130; x_wconf 93' lang='grc' dir='ltr'>Τ</span> <span class='ocrx_word' id='word_1_250' title='bbox 605 3064 638 3129; x_wconf 92' lang='grc' dir='ltr'>Π</span> <span class='ocrx_word' id='word_1_251' title='bbox 654 3065 679 3131; x_wconf 94' lang='grc' dir='ltr'>Η</span> <span class='ocrx_word' id='word_1_252' title='bbox 695 3066 717 3129; x_wconf 88' lang='grc' dir='ltr'>Ε</span> <span class='ocrx_word' id='word_1_253' title='bbox 733 3067 760 3130; x_wconf 89' lang='grc' dir='ltr'>θ</span> <span class='ocrx_word' id='word_1_254' title='bbox 774 3088 873 3150; x_wconf 88' lang='lat' dir='ltr'><strong>usque</strong></span> <span class='ocrx_word' id='word_1_255' title='bbox 888 3067 929 3129; x_wconf 86' lang='lat' dir='ltr'><strong>ad</strong></span> <span class='ocrx_word' id='word_1_256' title='bbox 943 3069 1118 3148; x_wconf 85' lang='lat' dir='ltr'><strong>proximam</strong></span> 
     </span>
     <span class='ocr_line' id='line_1_36' title="bbox 141 3152 1116 3234; baseline -0.001 -21"><span class='ocrx_word' id='word_1_257' title='bbox 141 3153 277 3214; x_wconf 87' lang='lat' dir='ltr'><strong>litteram</strong></span> <span class='ocrx_word' id='word_1_258' title='bbox 298 3152 467 3232; x_wconf 83' lang='lat' dir='ltr'><strong>productis,</strong></span> <span class='ocrx_word' id='word_1_259' title='bbox 490 3154 525 3213; x_wconf 91' lang='lat' dir='ltr'><strong>id</strong></span> <span class='ocrx_word' id='word_1_260' title='bbox 546 3154 631 3234; x_wconf 89' lang='lat' dir='ltr'><strong>quod</strong></span> <span class='ocrx_word' id='word_1_261' title='bbox 653 3154 785 3215; x_wconf 83' lang='lat' dir='ltr'><strong>claritati</strong></span> <span class='ocrx_word' id='word_1_262' title='bbox 798 3154 992 3234; x_wconf 88' lang='lat' dir='ltr'><strong>aliquantum</strong></span> <span class='ocrx_word' id='word_1_263' title='bbox 1007 3153 1116 3214; x_wconf 85' lang='lat' dir='ltr'><strong>officit.</strong></span> 
     </span>
     <span class='ocr_line' id='line_1_37' title="bbox 142 3237 1115 3317; baseline 0.002 -19"><span class='ocrx_word' id='word_1_264' title='bbox 142 3237 232 3317; x_wconf 78' lang='lat' dir='ltr'><strong>Quae</strong></span> <span class='ocrx_word' id='word_1_265' title='bbox 248 3246 401 3297; x_wconf 88' lang='lat' dir='ltr'><strong>corrector</strong></span> <span class='ocrx_word' id='word_1_266' title='bbox 416 3238 546 3312; x_wconf 87' lang='lat' dir='ltr'><strong>addidit,</strong></span> <span class='ocrx_word' id='word_1_267' title='bbox 562 3240 657 3299; x_wconf 91' lang='lat' dir='ltr'><strong>multo</strong></span> <span class='ocrx_word' id='word_1_268' title='bbox 669 3239 839 3300; x_wconf 89' lang='lat' dir='ltr'><strong>minoribus</strong></span> <span class='ocrx_word' id='word_1_269' title='bbox 849 3239 960 3300; x_wconf 88' lang='lat' dir='ltr'><strong>litteris</strong></span> <span class='ocrx_word' id='word_1_270' title='bbox 976 3247 1115 3313; x_wconf 86' lang='lat' dir='ltr'><strong>exarata,</strong></span> 
     </span>
     <span class='ocr_line' id='line_1_38' title="bbox 142 3322 1114 3404; baseline 0.002 -21"><span class='ocrx_word' id='word_1_271' title='bbox 142 3333 174 3383; x_wconf 90' lang='lat' dir='ltr'><strong>et</strong></span> <span class='ocrx_word' id='word_1_272' title='bbox 197 3322 355 3401; x_wconf 86' lang='lat' dir='ltr'><strong>inscriptio</strong></span> <span class='ocrx_word' id='word_1_273' title='bbox 375 3323 603 3404; x_wconf 78' lang='lat' dir='ltr'><strong>Euxenippeaa</strong></span> <span class='ocrx_word' id='word_1_274' title='bbox 625 3344 750 3404; x_wconf 87' lang='lat' dir='ltr'><strong>prorsus</strong></span> <span class='ocrx_word' id='word_1_275' title='bbox 773 3324 859 3385; x_wconf 87' lang='lat' dir='ltr'><strong>aliud</strong></span> <span class='ocrx_word' id='word_1_276' title='bbox 879 3323 972 3385; x_wconf 86' lang='lat' dir='ltr'><strong>valde</strong></span> <span class='ocrx_word' id='word_1_277' title='bbox 987 3324 1114 3385; x_wconf 86' lang='lat' dir='ltr'><strong>intrica-</strong></span> 
     </span>
     <span class='ocr_line' id='line_1_39' title="bbox 141 3408 1116 3490; baseline 0.006 -23"><span class='ocrx_word' id='word_1_278' title='bbox 141 3416 207 3468; x_wconf 90' lang='lat' dir='ltr'><strong>tum</strong></span> <span class='ocrx_word' id='word_1_279' title='bbox 227 3408 371 3487; x_wconf 87' lang='lat' dir='ltr'><strong>lectuque</strong></span> <span class='ocrx_word' id='word_1_280' title='bbox 394 3409 608 3470; x_wconf 81' lang='lat' dir='ltr'><strong>difficillimum</strong></span> <span class='ocrx_word' id='word_1_281' title='bbox 630 3411 800 3490; x_wconf 82' lang='lat' dir='ltr'><strong>scripturae</strong></span> <span class='ocrx_word' id='word_1_282' title='bbox 829 3427 928 3490; x_wconf 83' lang='lat' dir='ltr'><strong>genus</strong></span> <span class='ocrx_word' id='word_1_283' title='bbox 953 3418 1116 3473; x_wconf 89' lang='lat' dir='ltr'><strong>monstrat.</strong></span> 
     </span>
     <span class='ocr_line' id='line_1_40' title="bbox 130 3490 1115 3582; baseline 0 -28"><span class='ocrx_word' id='word_1_284' title='bbox 130 3490 296 3558; x_wconf 83' lang='lat' dir='ltr'><strong>Accentus</strong></span> <span class='ocrx_word' id='word_1_285' title='bbox 316 3494 486 3582; x_wconf 84' lang='lat' dir='ltr'><strong>spiritusve</strong></span> <span class='ocrx_word' id='word_1_286' title='bbox 506 3513 661 3578; x_wconf 87' lang='lat' dir='ltr'><strong>nusquam</strong></span> <span class='ocrx_word' id='word_1_287' title='bbox 676 3504 885 3576; x_wconf 55' lang='lat' dir='ltr'><strong>apponuntur„</strong></span> <span class='ocrx_word' id='word_1_288' title='bbox 908 3495 1045 3573; x_wconf 88' lang='lat' dir='ltr'><strong>exceptis</strong></span> <span class='ocrx_word' id='word_1_289' title='bbox 1060 3495 1115 3554; x_wconf 89' lang='lat' dir='ltr'><strong>tri-</strong></span> 
     </span>
    </p>
   </div>
   <div class='ocr_carea' id='block_1_10' title="bbox 0 0 1174 3916">
    <p class='ocr_par' dir='ltr' id='par_1_11' title="bbox 0 0 1174 3916">
     <span class='ocr_line' id='line_1_41' title="bbox 0 0 1174 3916; baseline 0 1"><span class='ocrx_word' id='word_1_290' title='bbox 0 0 1174 3916; x_wconf 95' lang='lat' dir='ltr'><strong> </strong></span> 
     </span>
    </p>
   </div>
  </div>
 </body>
</html>
