2340 3916
151 187 219 249 xfl
531 193 742 244 rmnrsrro.

152 355 291 415 vocalem
314 354 479 432 diligenter
501 353 635 428 additur,
658 352 715 413 sed
736 352 918 431 frequenter
940 352 1032 410 etiam
1050 358 1125 412 ante

153 448 384 514 consonantem,
408 437 462 499 nbi
484 448 591 499 noster
611 458 693 511 usus,
719 437 859 497 diversus
877 433 915 497 ab
932 437 1060 515 antiquo
1076 438 1124 495 in-

152 524 370 605 scriptionibus
394 544 516 603 qnoque
539 524 725 597 confirmato,
749 524 782 581 in
797 522 935 601 pedestri
957 530 1040 581 certe
1057 542 1124 581 ora-

152 613 238 669 tione
266 629 391 689 prorsus
419 610 546 689 respuit.
590 609 629 668 In
655 609 718 669 fine
747 608 901 668 enuntiati
928 605 1072 667 librarius
1103 623 1124 669 ν

152 693 236 754 istud
260 714 299 754 ex
319 694 451 754 libidine
473 694 524 754 vel
546 694 658 754 omittit
676 693 728 753 vel
742 692 840 756 addit.
883 692 996 752 Hiatus
1019 713 1125 771 porro,

153 781 246 840 etiarn
267 779 314 839 illi
335 779 435 858 qualis
458 776 504 840 est
518 780 552 838 in
566 775 620 840 διὰ
634 772 747 856 ἄλλον,
770 797 864 857 saepe
887 777 1016 838 elisione
1031 798 1125 837 voca-

151 866 189 924 lis
212 873 416 937 removentur,
440 884 534 942 saepe
551 865 644 924 etiarn
658 863 837 937 tolerantur,
862 862 946 940 quod
969 871 1000 921 et
1020 863 1128 941 ipsum

152 949 391 1029 orthographiae
406 951 503 1028 magis
519 967 611 1029 qnam
624 949 752 1027 linguae
768 967 835 1008 esse
847 956 931 1027 puto,
949 968 1017 1007 cum
1032 967 1127 1007 nemo

153 1035 243 1095 aliter
265 1055 301 1095 ac
323 1031 363 1095 δι’
384 1028 487 1096 ἄλλον
504 1034 629 1096 diceret.
667 1034 809 1095 Pertinet
831 1041 862 1093 et
875 1032 935 1093 hoc
950 1032 990 1092 ad
1006 1053 1127 1092 accom-

151 1119 361 1179 modationem
387 1118 605 1179 vocabulorum
634 1118 761 1178 alterius
789 1117 830 1178 ad
857 1118 1001 1190 alterum,
1031 1136 1129 1196 quam

153 1204 465 1264 accommodationem
486 1205 520 1262 in
542 1202 793 1282 inscriptionibus
807 1202 903 1263 multo
924 1204 1016 1263 etiam
1030 1202 1128 1263 latius

153 1297 261 1368 patere
283 1296 399 1361 notum,
423 1297 458 1348 ut
478 1283 577 1363 ἱερῶγ
599 1284 773 1365 χρημάτων
796 1298 828 1348 et
847 1284 908 1349 τόλ
923 1283 1024 1360 λόγον
1048 1288 1127 1348 alia-

152 1393 213 1452 que
235 1373 367 1452 plurima
388 1372 447 1432 hoc
470 1393 568 1452 genus
595 1373 782 1449 scribantur;
811 1372 868 1432 sed
894 1372 970 1432 talia
998 1370 1036 1431 ab
1066 1373 1129 1433 hoc

151 1457 231 1517 libro
254 1458 463 1537 manuscripto
484 1477 609 1537 prorsus
632 1458 735 1518 aliena
756 1466 839 1517 sunt.

238 1541 397 1602 Orationis
418 1542 559 1603 funebris
582 1543 680 1603 codex
700 1538 754 1615 A1,
776 1543 823 1601 uti
845 1562 929 1601 nunc
951 1551 1006 1614 est,
1031 1561 1048 1601 e
1071 1563 1129 1603 sex

152 1627 334 1706 fragmentis
366 1627 533 1688 maioribus
565 1627 775 1688 minoribusve
807 1634 937 1686 constat.
986 1627 1128 1687 Primum

152 1721 224 1772 sunt
247 1712 308 1772 duo
331 1713 506 1792 fragmenta
520 1712 712 1792 singularum
733 1712 943 1772 columnarum
957 1713 1128 1790 particulas

153 1797 361 1871 continentia,
390 1799 515 1858 tertium
543 1798 660 1858 deinde
689 1798 795 1858 decem
820 1798 1006 1869 litterarum,
1037 1800 1128 1858 cuius

153 1902 226 1941 usus
253 1882 359 1942 nullus
388 1892 445 1943 est.
490 1882 644 1962 Quartum
670 1881 807 1943 secundo
830 1883 1043 1954 continuatur,
1078 1903 1126 1942 co·

151 1967 274 2026 lumnas
303 1974 449 2045 quattuor
482 1969 672 2047 quintaeque
705 1968 888 2047 particulam
914 1967 1125 2045 complexum3

153 2051 228 2111 inde
250 2053 398 2111 continuo
421 2053 564 2131 quintum
585 2052 713 2131 excipit,
742 2053 776 2111 in
799 2070 860 2130 quo
884 2060 915 2111 et
935 2051 1018 2111 illius
1042 2054 1127 2111 colu-

154 2155 246 2196 mnae
267 2137 366 2196 maior
386 2156 458 2215 pars
486 2146 518 2196 et
539 2137 619 2197 aliae
640 2138 779 2216 quinque
801 2144 933 2198 exstant.
977 2136 1128 2196 Extrema

152 2239 229 2279 sane
251 2220 402 2293 columna,
428 2221 610 2281 duodecima
627 2241 765 2294 numero,
790 2219 828 2281 ab
851 2221 940 2279 initio
963 2239 1062 2299 usque
1087 2222 1128 2280 ad

152 2304 246 2364 finem
267 2294 396 2365 nimidm
418 2314 568 2384 quantum
589 2305 731 2366 mutilata
752 2313 807 2378 est,
833 2313 940 2383 estque
961 2305 1039 2364 haec
1054 2326 1128 2385 pars

153 2391 219 2450 eius
241 2389 336 2469 plane
359 2390 532 2470 deperdita.
575 2389 703 2451 Sextum
729 2389 937 2468 fragmentum
959 2391 1127 2468 insequen-

152 2482 199 2534 tes
224 2474 300 2535 duas
323 2478 478 2553 continet3
502 2476 637 2536 relicuae
660 2495 728 2534 cum
751 2473 872 2554 epilogo
889 2476 1036 2534 orationis
1052 2497 1125 2536 nus-

153 2578 245 2638 quam
266 2561 474 2638 reperiuntur.
496 2592 539 2605 —
559 2560 621 2620 Hic
642 2559 830 2639 igiturliber
843 2559 939 2620 multo
964 2561 1128 2621 deterioris

152 2654 247 2707 notae
276 2653 322 2705 est
349 2665 441 2725 quam
467 2646 546 2706 alter
575 2664 679 2725 neque
707 2665 746 2706 ex
771 2645 836 2705 ulla
857 2654 946 2724 parte
969 2646 1128 2723 elegantia

154 2730 357 2808 diligentiave
373 2731 566 2810 conspicuus.
597 2730 664 2790 Iam
679 2730 775 2810 ipsius
790 2731 903 2810 papyri
918 2750 1016 2809 genus
1030 2730 1128 2810 longe

154 2814 192 2874 ab
215 2815 298 2874 illius
320 2814 459 2876 bonitate
483 2816 597 2891 distat3
620 2822 686 2874 tnm
706 2815 859 2895 scriptura
873 2814 1080 2894 inaequabilis
1097 2826 1129 2877 et

152 2899 349 2978 longitudine
364 2921 401 2960 ac
414 2900 581 2960 latitudine
598 2901 807 2961 columnarum
828 2908 860 2960 et
875 2900 1047 2960 litterarum
1062 2922 1126 2961 ma·

153 2984 333 3062 gnitudine,
363 3003 443 3062 quae
470 2985 550 3045 circa
576 2985 670 3046 finem
697 2994 728 3045 et
753 2984 964 3045 columnarum
986 2993 1016 3044 et
1038 2987 1127 3046 volu·

152 3069 244 3128 minis
258 3069 355 3128 multo
366 3069 500 3130 minores
510 3070 599 3129 fiunt.
629 3069 710 3129 Puto
724 3068 885 3130 librarium
898 3070 1044 3129 volumen
1059 3091 1127 3131 non

152 3153 197 3212 ita
224 3152 359 3232 amplum
385 3152 544 3228 habuisse,
574 3173 670 3233 quare
698 3174 767 3215 curn
792 3155 914 3216 videret
934 3155 1128 3233 longitudini

153 3239 300 3297 orationis
322 3238 456 3317 spatium
470 3240 524 3300 vix
538 3240 631 3301 etiarn
645 3239 795 3314 sufficere,
820 3248 942 3301 coactus
959 3248 1005 3300 est
1019 3244 1128 3301 omnia

152 3324 186 3381 in
208 3322 304 3382 artius
327 3325 538 3404 constringere
560 3343 663 3405 neque
677 3325 810 3404 margini
831 3326 972 3385 inferiori
987 3345 1125 3405 parcere,

152 3407 209 3466 sed
240 3425 338 3487 usque
368 3409 408 3469 ad
434 3418 605 3471 extremam
638 3410 754 3470 lineam
789 3410 957 3490 complere,
994 3430 1127 3491 cumque

142 3492 264 3573 pffmas
291 3494 369 3559 duas
399 3495 560 3559 columnas
589 3495 779 3556 tricenorum
803 3504 961 3556 ternorum
981 3514 1127 3557 versuum

55 3628 81 3656 Ι-
