2340 3916
358 187 405 233 nn
427 187 507 240 nie.
531 186 766 248 enooonnnm.
896 175 1046 235 XXXIII

79 347 226 426 φοβεῖται
250 380 307 424 -,
337 342 356 407 ὁ
384 343 420 409 δὲ
442 353 459 418 i
483 342 576 409 ἔνθεν
599 342 685 409 ἑλὼν
706 345 765 407 τοῦ
788 343 1045 424 μεγαλοφυεςτά-

78 450 149 512 του,
164 431 216 493 καὶ
230 428 280 493 ἐπ’
296 427 396 508 ἄκρον
412 426 529 507 ἀρετὰς
544 429 836 510 ςαντετελεςμένας,
852 426 1044 512 ὑψηγορίαν,

78 514 195 598 τόνον,
229 513 358 594 ἔμψυχα
390 513 476 593 πάθη
524 515 708 594 περιουςίαν
741 512 907 592 ἀγχίνοιαν
937 514 1046 598 τάχος,

79 600 158 665 ἔνθα
180 600 216 665 δὲ
237 600 366 682 κόριον,
389 602 447 679 τὴν
469 564 585 665 όπαειν
608 598 782 679 ἀπρόειτον
806 598 974 679 δεινότητα
995 601 1047 664 καὶ

80 685 225 770 δύναμιν,
243 685 351 764 ἐπειδὴ
368 689 478 766 ταῦτα,
496 684 592 768 φημί,
609 685 655 750 ὡς
672 684 856 764 θεόπεμπτα
872 685 962 750 δεινὰ
984 688 1044 749 δω·

32 774 34 781 ’
79 771 203 850 ρήματα
227 809 263 820 -
289 770 406 849 οὐγὰρ
422 770 522 837 εἰπεῖν
539 770 669 851 θεμιτόν
684 770 871 850 ἀνθρώπινα
886 807 928 816 -
942 768 1046 849 ἀθρόα

79 857 112 921 ἐς
134 856 250 922 ἑαυτὸν
272 854 396 938 έςπαςε,
420 857 472 921 διὰ
493 860 590 922 τοῦτο
613 855 662 922 οίς
685 855 750 938 ἔχει
768 857 878 921 καλοῖς
901 854 1045 921 ἅπαντας

79 941 129 1007 ἀεὶ
156 946 229 1025 νικᾷ
259 943 311 1007 καὶ
337 941 418 1020 ὑπὲρ
446 940 493 1007 ὼν
516 940 577 1008 οὐκ
598 942 679 1027 ἔχει,
707 942 757 1007 καὶ
785 940 923 1021 ὡςπερεὶ
950 960 1044 1006 κατα-

80 1032 199 1110 βροντᾷ
220 1028 272 1090 καί
292 1025 485 1108 καταφλέγει
506 1027 583 1093 τοὺς
604 1026 660 1094 ἀπ’
682 1027 802 1094 αἰῶνος
817 1026 970 1106 ῥήτορας·
993 1028 1046 1092 καὶ

79 1115 196 1178 θᾶττον
226 1112 266 1178 ἄν
295 1133 341 1177 τις
367 1115 536 1190 κεραυνοῖς
572 1114 765 1193 φερομένοις
792 1113 978 1181 ἀντανοῑξαι
1005 1113 1046 1177 τὰ

80 1196 204 1347 ἕρματα
237 1197 367 1263 δύναιτο
402 1197 422 1274 ἢ
457 1195 718 1278 ἀντοφθαλμῆςαι
751 1201 820 1264 τοῖς
852 1198 1046 1278 ἐπαλλήλοις

96 1283 203 1348 κείνου
226 1281 367 1348 πάθεςιν.

164 1406 376 1485 Hermogenes
398 1400 471 1481 περὶ
493 1401 587 1469 ἰδεῶν
610 1399 722 1486 τύμβ’
744 1431 769 1468 e.
793 1410 831 1466 11
854 1429 885 1488 p.
902 1409 962 1468 382
978 1408 1044 1471 W.:

164 1504 200 1568 ‘0
223 1504 251 1568 δ’
273 1503 442 1585 Ὑπερίδης
463 1506 501 1570 τὸ
524 1506 582 1587 μέν
598 1505 743 1586 ἐπιμελὲς
765 1504 874 1583 ἥκιςτα
895 1505 972 1589 ἔχει,
994 1506 1046 1571 διὸ

78 1591 130 1656 καὶ
150 1590 247 1670 ἧττον
270 1591 407 1656 δυνατὸς
430 1589 513 1657 εἶναί
534 1612 605 1657 πως
628 1594 727 1667 δοκεῖ,
751 1591 885 1670 μέγεθος
907 1591 944 1654 δέ
958 1589 1045 1673 αὐτῷ

79 1677 160 1742 ἐςτιν
184 1676 383 1757 ὑπέρογκον,
412 1676 548 1755 ςκληρόν
577 1677 613 1740 δέ
641 1679 739 1741 τοῦτο
761 1676 812 1740 καὶ
834 1674 874 1740 οὐ
896 1675 1045 1754 κεκραμέ-

79 1782 150 1843 νον,
163 1762 241 1826 ὥςτε
253 1763 294 1841 μὴ
307 1762 433 1841 ςφόδρα
446 1761 482 1826 εὗ
495 1766 540 1845 τῷ
554 1759 651 1844 ἠθικῷ
665 1762 717 1826 καὶ
727 1765 857 1840 καθορῶ
872 1763 1045 1840 κεκρᾶςθαι.

78 1847 194 1924 κίνηςις
216 1846 252 1910 δὲ
280 1846 332 1909 καί
347 1845 505 1924 γοργότης
532 1844 699 1925 ςχημάτων
722 1845 809 1911 πάνυ
837 1825 930 1926 όλίγη
957 1848 1046 1926 παρὰ

79 1930 197 2013 τούτῳ,
221 1929 366 2009 δεινότης
389 1931 425 1995 δέ
447 1931 466 2008 ἡ
489 1931 569 1996 κατὰ
585 1929 724 2010 μέθοδον
739 1931 804 1996 έςτι
819 1933 877 2011 μέν
892 1931 944 1997 καὶ
957 1933 1046 2011 παρὰ

79 2020 153 2082 πᾶςι
174 2019 244 2082 τοῖς
272 2013 382 2082 ἄλλοις
409 2013 538 2095 ῥήτορει
563 2017 616 2081 καὶ
642 2016 731 2097 παρὰ
758 2016 880 2102 τούτῳ,
909 2016 1045 2084 ἔλαττον

79 2104 115 2167 δὲ
136 2103 156 2180 ἢ
179 2100 259 2167 κατὰ
280 2102 338 2182 τὴν
360 2100 448 2180 παρὰ
468 2107 514 2186 τῷ
535 2101 633 2187 Λυςίᾳ
654 2123 689 2168 τε
711 2103 762 2168 καὶ
784 2102 898 2187 Ἰςαίιμ,
928 2103 978 2168 καὶ
1000 2103 1046 2169 ἔτι

79 2194 124 2272 τῷ
147 2187 316 2273 κορυφαίῳ
339 2187 457 2272 αὐτῶν,
480 2187 566 2265 λέγω
588 2194 634 2272 τῷ
656 2189 863 2270 Δημοςθένει.
900 2189 989 2270 παρὰ
1010 2190 1046 2255 δὲ

78 2274 229 2358 Ὑπερίδῃ
252 2273 400 2354 κάκείνην
423 2272 512 2353 εὕροι
533 2295 580 2341 τις
602 2273 642 2340 ἂν
664 2276 723 2354 τὴν
746 2274 931 2359 δεινότητα,
953 2275 972 2352 ἢ
994 2276 1047 2339 καὶ

79 2360 304 2440 φαίνεταικαὶ
331 2359 430 2440 έςτιν,
461 2360 535 2439 οὐχὶ
561 2362 620 2440 τὴν
655 2362 735 2427 κατὰ
763 2360 902 2440 μέθοδον
930 2360 1043 2441 μόνην,

79 2446 217 2512 ςπανίως
246 2446 369 2528 μέντοι,
403 2443 488 2509 ὅπου
515 2464 552 2521 γε
579 2445 632 2509 καὶ
658 2445 746 2524 παρὰ
772 2450 818 2529 τῷ
846 2444 1046 2525 Δημοςθένει

80 2529 214 2594 ςπάνιον
236 2533 345 2593 τοῦτο.
390 2527 475 2594 ἴδιον
504 2529 539 2595 δὲ
566 2528 740 2609 Ὑπερίδου
763 2529 801 2594 τό
829 2528 880 2595 καὶ
905 2531 975 2595 ταῖς
997 2530 1046 2594 λέ-

79 2618 161 2680 Ξεςιν
196 2613 423 2692 ἀφειδέςτερόν
457 2634 529 2678 παις
564 2615 616 2680 καὶ
653 2612 863 2694 ἀμελέςτερον
903 2617 1043 2696 χρῆςθαι,

80 2697 293 2777 ὥςπερόταν
321 2698 552 2777 μονώτατος
580 2699 657 2783 λέγῃ
684 2699 735 2765 καὶ
762 2699 963 2779 γαλεάγρα
994 2701 1045 2765 καὶ

79 2783 331 2850 έκκοκκύζειν
354 2782 404 2849 καί
426 2784 738 2865 ἐςτηλοκόπηται
765 2785 818 2850 καὶ
847 2784 1045 2865 ἐπήβολος

78 2871 129 2937 καὶ
151 2870 209 2937 ὅςα
230 2873 369 2936 τοιαῦτα.

147 3113 338 3178 Hermogenes
356 3108 493 3178 Hyperidi
510 3111 584 3162 inter
601 3109 740 3177 principes
762 3112 814 3162 τοθ
834 3109 980 3163 πολιτικοί)
998 3107 1045 3162 λδ·

79 3194 140 3244 γου,
160 3185 277 3247 excepto
295 3180 490 3244 Demosthene,
509 3181 625 3230 tertium
642 3178 732 3230 locum
751 3179 887 3245 assignet,
905 3179 1045 3295 anteposi-

79 3249 117 3299 tis
139 3265 236 3315 nempe
258 3249 344 3312 Lysis
366 3253 393 3298 et
417 3247 508 3301 Isaeo.
541 3247 578 3298 cf.
598 3251 751 3314 'praeterea
772 3264 798 3313 p.
821 3247 871 3298 387
894 3246 944 3312 (de
992 3247 1045 3297 nti·

78 3316 208 3382 phonte):
234 3315 342 3380 μεγέθει
365 3315 396 3368 δέ
418 3319 516 3383 χρῆται
540 3313 590 3380 μὲν
613 3313 665 3367 οὐκ
687 3311 790 3382 δλίγιμ,
813 3314 908 3367 καλῶς
934 3312 965 3366 δέ
983 3327 1045 3366 πω(

79 3384 125 3435 καὶ
144 3383 346 3450 ςυνυφαςμένιμ
365 3384 410 3436 καὶ
429 3384 463 3436 οὐ
482 3383 555 3437 κατὰ
571 3383 624 3436 τὸν
643 3383 793 3450 Ὑπερίδην
811 3381 968 3448 διεςτηκότι
984 3383 1046 3434 τῶν

80 3451 184 3515 ἄλλων,
203 3459 229 3502 et
246 3469 272 3518 p.
292 3455 340 3504 331
362 3452 394 3503 de
414 3453 499 3516 Lysia
518 3457 546 3504 ei
557 3452 713 3519 Hyperide:
732 3451 813 3517 φύςει
830 3450 885 3516 γὰρ
903 3449 931 3504 οἱ
945 3449 1047 3523 ἄνδρες

80 3518 256 3584 ἠθικώτεροι,
274 3523 336 3572 ταῖς
353 3518 384 3571 δὲ
403 3519 530 3583 μεθόδοις
549 3519 596 3574 καί
614 3521 733 3587 μᾶλλον,

120 3635 263 3675 floremus.
908 3634 929 3668 Q·
