2340 3916
139 189 181 253 ρο
514 184 732 239 ιαΔοιυΔου

141 333 197 399 καλ
223 327 338 399 αύτιόν
360 327 509 408 θάυατος
527 329 759 415 κατέγνωστο,
784 328 937 414 τέτταρες
961 325 999 394 δέ
1019 316 1107 412 ἦσαν

140 431 321 500 ὑπόλοιποι
352 438 388 500 οἳ
415 429 480 500 ούκ
505 429 724 519 ἐμηνύθησαν
754 427 822 497 ύπδ
853 426 1005 516 Τεύκρου
1036 433 1108 495 τῶν

141 533 384 622 πεποιηκότων,
399 539 583 613 Παναίτιος
591 532 800 619 Χαιρέδημος
810 529 987 618 Διάκριτος
996 538 1108 599 Λυσδ

90 650 123 700 53
142 654 298 726 στρατος·
318 631 378 715 οὓς
393 635 483 714 είκός
495 624 538 720 ήν
552 630 714 701 ἀπάντων
727 631 871 720 μάλιστα
891 636 1005 700 δοκεῖν
1020 628 1109 700 εἶναι

141 737 274 806 τούτων
287 741 356 805 τῶν
371 734 508 823 ἀνδρων
522 731 581 814 οδς
598 735 742 823 ἐμήνυσε
754 739 969 821 Διοκλείδης,
983 741 1108 820 φίλους

141 837 241 919 όντας
266 841 335 907 των
362 835 588 906 ἀπολωλότων
608 834 679 924 ήδη.
717 838 773 904 καὶ
797 851 868 916 τοῖς
892 834 954 924 μὲν
973 833 1109 904 οὐδέπω

140 943 275 1030 βέβαιος
288 931 364 1026 ήνή
380 945 547 1027 σωτηρία,
565 953 636 1019 τοῖς
651 938 689 1007 δέ
703 940 796 1026 ἐμοῖς
811 944 946 1018 οἰκείοις
960 938 1110 1026 φανερός

141 1040 192 1132 (ὁ)
211 1040 373 1127 ὄλεθρος,
398 1047 430 1109 εί
446 1041 491 1129 μή
509 1067 557 1121 τις
576 1043 647 1129 ἐρεῖ
659 1039 851 1128 Ἀθηναίοις
868 1040 909 1108 τά
933 1039 1110 1126 γενόμενα.

143 1143 251 1213 ἐδόκει
268 1134 332 1211 οὖν
349 1168 405 1230 μοι
422 1157 575 1231 κρεῖττον
593 1141 680 1211 εἶναι
697 1144 857 1232 τέτταρας
876 1139 1003 1231 ἀνδρας
1021 1139 1111 1209 ἀπο-

141 1245 298 1332 στερήσαι
327 1247 385 1332 τής
412 1250 574 1334 πατρίδος
605 1249 761 1333 δικαίως,
792 1251 828 1313 οδ
851 1248 919 1312 νύν
948 1246 1025 1327 ζῶσι
1051 1246 1110 1312 καὶ

141 1345 388 1433 κατεληλύθασι
406 1348 463 1414 καὶ
484 1353 596 1433 ἔχουσι
611 1344 651 1413 τὰ
668 1347 813 1434 σφέτερα
828 1343 960 1433 αὐτῶν,
978 1340 999 1432 ή
1020 1347 1109 1414 ἐκεί-

90 1473 124 1524 54
140 1474 224 1527 νους
255 1446 494 1528 ἀποθανόντας
527 1446 653 1527 ἀδίκως
680 1452 850 1536 περιιδεῖν.
896 1455 927 1517 εί
952 1437 1015 1515 οὖν
1042 1449 1110 1517 τινὶ

142 1547 258 1636 ύμῶν,
286 1540 473 1638 ὦάνδρες,
505 1545 555 1638 (ή)
579 1554 649 1617 τῶν
673 1548 787 1617 ἀλλων
812 1551 959 1618 πολιτῶν
990 1547 1110 1637 μνωμη

144 1650 280 1743 τοιαύτη
307 1650 516 1739 παρειστήκει
539 1650 706 1740 πρότερον
730 1652 807 1740 περὶ
836 1653 938 1739 ἐμοῦ,
971 1648 1016 1730 ἀς
1043 1647 1111 1739 ἀρα

144 1753 210 1840 ἐγώ
230 1751 382 1841 ἐμήνυσα
400 1752 484 1822 κατά
502 1754 572 1820 τάν
593 1749 735 1842 ἑταίρων
749 1755 818 1820 τῶν
838 1755 1000 1840 ἐμαυτοῦ,
1017 1749 1110 1832 ὅπως

145 1856 266 1924 ἐκεῖνοι
280 1853 343 1942 μέν
361 1854 561 1941 ἀπόλοιντο,
582 1854 647 1941 ε’γά
666 1853 705 1923 δέ
723 1862 871 1941 σωθείην
888 1849 970 1923 -ἀ
991 1857 1111 1940 ἐλογο-

142 1963 267 2025 ποίουν
285 1960 322 2024 οί
338 1959 454 2045 ἐχθροὶ
473 1957 550 2045 περὶ
570 1957 671 2043 ἐμοῦ,
695 1955 898 2044 βουλόμενοι
916 1955 1111 2044 διαβάλλειν

94 2085 127 2135 55
145 2083 186 2144 με
206 2095 250 2105 -
273 2068 455 2126 σκοπεῖσθε
474 2058 507 2138 ἐξ
533 2055 648 2126 αὐτῶν
671 2060 740 2126 τῶν
763 2058 1005 2146 γεγενημένων.
1043 2060 1112 2125 νῦν

141 2157 208 2246 γὰρ
228 2157 285 2244 ἐμὲ
302 2157 365 2245 μὲν
382 2157 486 2244 λόγον
498 2151 580 2252 (δεῖ)
596 2158 727 2228 διδόναι
741 2162 810 2227 τῶν
825 2161 899 2247 ἐμοὶ
914 2161 1111 2248 πεπραγμέ-

140 2285 212 2326 νων
243 2259 325 2347 μετά
356 2262 414 2346 τῆς
445 2258 627 2349 ἀληθείας,
659 2259 775 2330 αύτῶυ
799 2260 979 2350 παρόντων
1011 2264 1111 2347 οἵπερ

141 2357 373 2449 ἥμαρτον-καλ
400 2368 530 2449 ἔφυγον
561 2365 669 2431 ταῦτα
701 2362 918 2451 ποιήσαντες,
951 2371 1040 2430 ίσασι
1072 2360 1112 2429 δὲ

141 2458 259 2551 ἀριστα
284 2473 349 2532 εἴτε
377 2462 544 2552 ψεύδομαι
569 2475 635 2533 εῖτε
658 2462 769 2552 ἀληθῆ
800 2466 905 2551 λέγω,
938 2464 1042 2544 ἔξεστι
1072 2462 1112 2531 δὲ

141 2562 260 2644 αύτοῖς
276 2565 422 2652 ἐλέγχειν
436 2592 477 2653 με
492 2569 529 2635 ἐν
543 2567 590 2657 τῷ
608 2567 675 2656 ἐμῷ
691 2564 796 2656 λόγῳ·
813 2565 879 2651 ἐμω
894 2565 960 2653 γάρ
975 2567 1110 2652 ἐφίημι’

92 2693 124 2742 56
144 2664 234 2753 ύμάς
253 2666 291 2734 δὲ
305 2672 359 2735 δεῖ
370 2678 495 2754 μαθεῖν
510 2667 549 2735 τά
565 2666 739 2755 γενόμενα.
770 2668 843 2755 ἐμοὶ
863 2665 928 2755 γάρ
944 2656 969 2733 ἀ
988 2663 1111 2754 ἀνδρες

141 2770 246 2835 τούδε
263 2770 325 2835 τού
344 2767 477 2855 ἀγῶνος
496 2767 589 2837 τοῦτ’
618 2774 686 2837 ἔστι
703 2769 879 2855 μέγιστον,
903 2768 1048 2837 σωθέντι
1063 2767 1111 2854 μὴ

141 2872 256 2936 δοκεῖν
274 2872 366 2960 κακῷ
385 2868 488 2956 εἶναι,
508 2866 609 2955 (ἀλλά
628 2870 839 2957 πρῶτονμὲν
857 2867 961 2959 ύμάς)
981 2867 1052 2938 εἶτα
1072 2868 1112 2936 δέ

142 2971 198 3037 καί
230 2969 311 3050 τούς
341 2969 467 3050 ἀλλους
498 2967 649 3051 ἅπαντας
680 2983 805 3059 μαθεῖν
836 2969 887 3038 ὅτι
918 2968 997 3040 οὔτε
1026 2970 1110 3057 μετά

142 3079 263 3152 κακίας
290 3069 368 3141 οὔτε
391 3069 463 3160 μετ’
490 3069 676 3160 ἀνανδρίας
697 3072 856 3162 ούδεμιάς
876 3074 945 3140 τῶν
970 3098 1111 3160 γεγενη-

210 3293 364 3365 Διάκριτος
376 3316 474 3352 nomen
484 3303 585 3353 iniuria
598 3307 777 3355 tentaverunt
785 3303 884 3355 Valek.
896 3308 924 3354 et
937 3303 981 3354 R.=
996 3319 1021 3357 v.
1031 3302 1111 3358 Turr.

209 3373 250 3423 53.
270 3364 309 3452 ήὸ)
329 3360 451 3432 ὄλεθρος
469 3384 528 3420 cum
548 3372 580 3422 R.
598 3370 649 3421 Bk.

210 3439 250 3487 54.
309 3452 369 3487 eum
387 3436 427 3491 Sl.
446 3438 506 3488 add.
526 3437 578 3491 Bk.

210 3504 253 3554 55.
270 3456 325 3556 δεῖ
339 3521 399 3556 cum
420 3507 453 3558 R.
474 3505 537 3556 add.
551 3506 631 3558 Turr.
646 3504 707 3571 (δεῖ
723 3503 829 3558 δοῦναι
847 3504 952 3571 Dobr.).
