2340 3916
142 190 185 254 50
504 187 722 241 καιοκιιον

141 329 184 401 ἀν
201 332 358 401 τοιούσδε
376 325 515 420 οἷόσπερ
535 329 623 417 έγύ,
641 329 785 410 τούτους
800 328 838 398 δὲ
855 330 997 416 μάλιστα
1012 328 1107 420 (μὲν)

141 433 370 520 ἀπολωλέναι,
395 439 427 502 εί
442 431 482 502 δὲ
499 431 562 556 μη,
590 428 677 501 εἶναι
693 430 774 511 τούς
800 430 846 518 μη
866 432 1109 520 ἐπιτρέψοντας

142 535 260 615 αύτοῖς
268 587 278 623 ,
296 530 348 615 οἷς
366 536 424 604 καὶ
437 532 596 658 πρρσηκει
608 531 775 659 ἀνδράσιν
787 529 945 602 εἶναικαὶ
962 531 1109 620 ἀγαθοῖς

141 639 198 707 καὶ
212 641 354 718 δικαίοις
368 635 494 726 περὶ
458 661 496 704 το
511 637 641 722 πλῆθος
656 638 693 703 τὸ
706 632 892 725 ύμέτερον,
910 661 953 703 κα
956 636 1110 723 λβουλό-

141 766 235 827 μενοι
259 739 465 826 δυνήσονται
491 739 529 806 εύ
557 751 665 806 ποιεῖν
696 735 796 825 ύμάς.
835 735 901 824 ἐγιδ
928 725 993 806 ούν
1023 736 1111 825 ύμῖν

140 840 372 928 ύπισχνούμαι
398 836 419 924 6
445 838 589 908 παύσειν
614 838 758 921 τούτους
789 841 899 908 ταῦτα
926 843 1111 920 ποιοῦντας

141 945 198 1012 καλ
217 950 373 1031 βελτίους
391 936 600 1029 παρέξειν,
582 968 603 1028 η
619 947 669 1020 είς
687 938 779 1028 ύμάς
791 940 987 1028 είσαγαγιδν
1005 940 1111 1009 κολά-

143 1065 213 1114 σειν
230 1043 311 1123 τούς
330 1041 533 1123 ἀδικοῦντας
552 1041 677 1112 αὐτῶν.

78 1160 124 1209 137
219 1145 466 1234 Κατηγόρησαυ
490 1146 532 1214 δέ
546 1171 612 1232 μου
632 1143 785 1233 καὶπερὶ
806 1148 875 1213 τῶν
894 1148 1112 1233 ναυκληριῶν

80 1275 104 1315 18
143 1245 200 1315 καὶ
218 1248 351 1336 περὶ
312 1272 371 1334 της
391 1249 572 1336 ἐμπορίας,
599 1244 644 1326 ἀς
667 1243 718 1333 Ι”
695 1272 762 1334 αρα
780 1251 816 1314 ο
838 1247 915 1315 θεοὶ
934 1245 989 1315 διά
1007 1246 1114 1314 τούτό

142 1375 183 1437 με
203 1351 239 1418 ἐκ
258 1349 327 1441 τῶν
346 1348 518 1417 κινδύνου
535 1348 699 1435 σύσαιεν,
719 1351 776 1416 ἵνα
797 1347 910 1417 ἐλθοδν
929 1346 1092 1435 δεῦρο,“
1065 1374 1114 1428 ως

144 1457 269 1539 ἔοικεν,
292 1448 362 1519 ύπδ
382 1457 555 1538 Κηφισίου
579 1448 778 1537 ἀπολοίμην.
815 1450 882 1536 ε’γοδ
908 1447 947 1519 66
966 1439 991 1516 6
1010 1447 1115 1536 ’-Αθη

143 1567 232 1621 ναῖοι
258 1550 322 1621 ούκ
349 1550 429 1634 ἀξιῶ
447 1549 528 1633 τούς
546 1552 651 1631 θεούς
669 1551 829 1639 τοιαύτην
852 1551 993 1639 γυύμηυ
1012 1556 1113 1637 ἔχειν,

144 1651 224 1724 ὥστ’
245 1661 277 1724 εί
294 1653 445 1741 ἐνόμιζον
463 1652 526 1722 ἀπ’
549 1655 630 1740 ἐμοῦ
648 1651 856 1740 ἀδικεῖσθαι,
875 1651 1114 1741 λαμβάνοντάς

142 1783 183 1842 με
202 1759 239 1825 έν
257 1771 329 1836 τοῖς
351 1762 521 1842 μεγίστοις
539 1754 711 1835 κινδύνοις
735 1754 781 1842 μὴ
799 1764 1035 1844 τιμωρεῖσθαι·
1061 1762 1113 1834 τίς

143 1856 209 1947 γάρ
235 1862 398 1937 κίνδυνος
429 1864 550 1945 μείζων
574 1855 769 1946 ἀνθρώποις
800 1852 821 1944 6
852 1858 1015 1945 χειμῶνος
1040 1852 1114 1946 ἀρα

143 1967 241 2028 πλεῖν
266 1959 329 2046 τὴν
351 1959 543 2043 θάλατταν;
571 1961 608 2028 έν
635 1953 687 2039 οἷς
713 1964 843 2044 ἔχοντες
871 1957 936 2046 μὲν
959 1958 997 2027 τδ
1017 1959 1115 2045 σῶμα

143 2059 292 2147 τούμόν,
309 2063 513 2149 κρατοῦντες
530 2059 569 2128 66
582 2063 644 2130 τού
663 2067 744 2149 βίου
762 2061 898 2147 καὶτῆς
916 2058 1037 2139 ούσίας
1055 2062 1115 2147 τῆς

77 2174 126 2225 138
145 2163 243 2249 ἐμῆς,
267 2159 339 2230 εἶτα
363 2167 503 2244 ἔσωζον;
531 2158 594 2230 ούκ
621 2163 699 2250 ε’ξην
722 2159 841 2242 αὐτοῖς
868 2163 1003 2249 ποιησαι
1029 2160 1115 2248 μηδὲ

143 2264 254 2350 ταφῆς
271 2263 309 2331 τὸ
329 2264 426 2350 σῶμα
443 2259 648 2352 ἀξιωθῆναι,
677 2269 725 2333 ἔτι
742 2262 781 2332 66
800 2264 952 2351 πολέμου
970 2263 1114 2349 γενομέ-

143 2391 206 2434 νου
238 2367 295 2434 καί
326 2364 472 2455 τριήρων
503 2364 557 2434 ἀεὶ
588 2364 673 2435 κατά
700 2365 875 2435 θάλατταν
906 2363 1024 2434 ούσῶυ
1054 2365 1112 2432 καλ

144 2472 297 2556 ληστεόν,
315 2465 380 2554 ἀφ’
401 2457 450 2536 ὧν
464 2467 583 2536 πολλοί
598 2468 807 2555 ληφθέντες,
826 2464 1053 2545 ἀπολέσαντες
1072 2465 1113 2533 τὰ

144 2566 245 2656 ὄντα,
271 2569 494 2650 δουλεύοντες
516 2569 577 2637 τὸν
601 2575 680 2657 βίον
704 2568 915 2656 διετέλεσαν,
944 2565 1048 2655 ούσης
1076 2567 1115 2636 66

143 2671 255 2760 χώρας
286 2671 481 2760 βαρβάρου,
511 2677 560 2750 είς
592 2666 634 2758 66
665 2671 786 2739 πολλοὶ
817 2667 882 2758 ἤδη
916 2668 1115 2748 ἐκπεσόντες

144 2788 261 2851 κακοῖς
284 2786 356 2850 τοῖς
388 2779 556 2858 μεγίστοις
581 2773 778 2862 περιέπεσον
809 2772 866 2840 καλ
898 2771 939 2839 τά
968 2772 1116 2859 σφέτερα

211 2963 265 3031 μὲν
277 2971 340 3034 post
358 2961 482 3045 μάλιστα
495 2973 568 3022 auct.
583 2967 615 3020 R.
631 2968 693 3019 add
707 2969 760 3020 Bk.

213 3038 270 3090 137.
289 3026 490 3117 κατηγόρησαν
508 3033 541 3088 δε’
559 3028 679 3115 κτὲΗ]οί
695 3033 827 3116 [Lys.,]5
850 3037 938 3087 19.-
905 3027 1113 3100 -λαμβάνον-

143 3118 232 3168 ταςμ
235 3098 265 3155 ὲν
283 3105 326 3155 W.
345 3095 451 3184 -ἀρα
468 3103 534 3156 Bk:
554 3094 613 3183 ἀρα
630 3106 691 3165 ΑΒς
712 3095 752 3169 ἀρ
754 3120 790 3155 αν
809 3120 834 3154 v.

212 3171 269 3223 138.
289 3161 342 3224 οὐκ
360 3157 493 3240 ε’ξῆν]’
459 3188 494 3225 ου
512 3141 695 3238 πεζηνΑΙιΖ,
714 3122 788 3223 u6de
807 3158 896 3236 οὗπερ
914 3187 952 3237 ην
963 3170 1043 3220 Turr
1058 3162 1119 3231 (ὅτ’

144 3231 213 3305 ἐξῆν
235 3255 288 3306 mg.
307 3239 452 3306 661.)-
477 3244 581 3301 κακοῖς
608 3242 669 3299 τοῖς
687 3209 835 3306 μεγίστοις
859 3238 971 3304 scripsi:
989 3233 1117 3316 αἰκίαις

144 3311 209 3366 ταῖς
221 3308 379 3374 μεγίσταις,
398 3308 469 3374 quod
482 3325 497 3360 e
509 3307 689 3372 sequentibus
702 3321 831 3358 manasse
843 3307 954 3358 videtur
967 3295 1119 3371 (ἀτυχίαις

144 3391 168 3426 τ.
188 3392 216 3441 μ.
237 3376 287 3437 sl.;
307 3380 512 3443 συμφοραῖςτ.
530 3393 558 3442 μ.
578 3374 644 3440 W..)
666 3401 700 3412 ·-
723 3369 910 3434 αἰκισθέντες
929 3389 991 3426 cum
1016 3369 1119 3441 Steph.

144 3510 211 3565 Bk:
236 3508 421 3566 αἰκισθένλι
445 3527 468 3564 ε.
487 3506 672 3572 αἰκισθέντες
690 3510 739 3573 Δᾱς
759 3506 932 3563 αἰκισθέντα
953 3527 979 3562 v
