2340 3916
152 164 192 230 78
375 116 378 120 ⁴
488 158 781 216 κποεπκειικτυι.

152 334 288 414 πούεηε·
316 334 377 413 ἤδη
405 335 442 398 δὲ
469 332 568 412 αὐτὴν
596 333 616 411 ἡ
646 331 722 397 ὠδὶε
749 331 970 411 καταλαβοῖιεα
995 331 1042 397 εἰε
1063 333 1122 412 τὴν

151 421 308 500 ἡμετέραν
335 419 445 498 χώραν
474 421 565 484 λῦεαι
597 419 656 497 τὴν
690 418 811 496 Ζώνην
841 415 911 483 ἀνθ’
938 415 984 482 ὧν
1012 421 1076 483 νῦν
1104 417 1123 482 ὁ

151 505 284 584 Ζιυετὴρ
306 502 372 569 ἀπὸ
394 507 490 569 τοῦδε
512 505 666 568 καλεῖται·
687 501 799 568 ἔπειτα
821 501 866 566 είε
881 503 997 580 Δῆλον
1013 506 1122 583 διαβᾶ-

152 610 210 657 εαν
238 589 391 670 διδύμου(
418 590 536 672 τεκεῖν,
563 587 711 668 Ἄρτεμίν
738 606 773 653 τε
800 587 851 652 καὶ
872 587 1022 652 Ἀπόλλω
1044 588 1123 653 τοὺε

152 675 256 741 θεούε.
278 711 321 721 -
342 673 439 737 Adde
460 672 597 738 Aristid.
616 674 632 735 1
648 695 682 756 p.
699 670 759 736 157
775 671 858 736 Dd.:
882 673 975 752 Λητώ
997 693 1033 738 τε
1049 674 1122 757 γὰρ,

152 760 310 840 λυεαμένη
332 761 390 838 τὴν
412 759 519 838 ζώνην
541 757 577 824 ἐν
598 758 742 838 Ζωετῆρι
763 762 821 835 τῆε
842 757 980 836 Ἀττικῆς
1002 758 1057 822 καὶ
1080 761 1122 822 λι-

151 848 257 911 ποθεα
277 845 336 923 τὴν
359 843 544 923 ἐπωνυμίαν
566 850 612 928 τῷ
635 844 737 927 τόπῳ,
761 841 931 924 βαδίζοντα
953 842 1003 908 ἀεὶ
1023 843 1070 907 είε
1084 845 1123 910 τὸ

151 931 234 1009 πρὸ(
257 929 312 1011 έιυ,
334 932 390 1007 τῆς
403 928 567 1007 Προνοία(
590 929 724 1009 Ἀθηνᾶ(
738 927 929 1010 ἡγουμένηε,
952 926 1007 993 ἀπ’
1022 926 1123 1007 ἄκραι

151 1019 206 1094 τῆς
228 1015 366 1093 Ἀττικῆε
388 1014 521 1093 έπιβοῖεα
548 1016 615 1079 τῶν
644 1015 752 1094 νήειυν
780 1012 823 1078 είε
845 1014 959 1092 Δῆλον
981 1014 1123 1093 καταίρει

151 1101 203 1165 καῖ
229 1099 323 1165 τίκτει
351 1100 390 1178 δὴ
417 1099 495 1164 τοὺε
522 1100 632 1182 θεοὺς,
659 1099 718 1177 τήν
745 1117 779 1163 τε
806 1098 953 1178 Ἄρτεμιν
982 1098 1034 1162 καλ
1063 1098 1122 1164 τὸν

151 1190 305 1268 πατρῷον
328 1182 476 1249 Ἀπόλλω
492 1189 530 1267 τῇ
546 1184 651 1265 πόλει,
675 1191 708 1247 αι
728 1181 830 1247 schol.
847 1182 889 1247 ad
910 1181 943 1246 h.
958 1181 997 1246 l.:
1022 1187 1122 1249 τοῦτο

38 1334 42 1341 ,
151 1270 203 1335 καὶ
229 1269 300 1334 Ὑπ.
328 1268 365 1333 ἐν
393 1274 439 1351 τῷ
461 1270 633 1352 Δηλιακῷ,
662 1268 861 1350 βουλόμενα(
891 1271 990 1336 δεῖξαι
1017 1268 1070 1334 ὅτι
1091 1269 1122 1334 αἱ

151 1357 242 1433 νῆεοι
269 1352 364 1430 έγγύε
394 1352 451 1419 εἰει
477 1357 534 1432 τῆ(
556 1355 709 1437 Ἀττικῆε,
739 1352 846 1436 εἶπεν,
873 1352 922 1420 ὅτι
944 1353 1000 1418 ἀπ’
1023 1353 1122 1434 ἄκρα(

150 1442 207 1519 τῆε
231 1439 369 1516 Ἀττικῆε
390 1439 410 1518 ἡ
432 1439 525 1517 Λητὼ
549 1438 646 1519 ἐπέβη
669 1442 725 1518 τῆς
747 1439 856 1517 νήεου.

36 1575 40 1581 .
113 1542 138 1584 τι
237 1523 288 1586 71.
315 1519 475 1587 Ἐνταυθί
507 1518 629 1587 θύεται
659 1525 706 1607 τῷ
738 1520 924 1587 Ἀπόλλωνι
958 1518 1121 1606 ὁσημέραι

151 1607 208 1671 καὶ
229 1607 324 1692 μερίς
347 1603 437 1690 αὐτῷ
461 1606 518 1670 καί
539 1607 682 1673 δεῖπνον
704 1609 935 1692 παρατίθεται.
981 1606 1121 1674 Priscia-

150 1715 212 1757 nus
236 1693 275 1757 18
297 1715 329 1778 p.
352 1691 416 1755 229
438 1691 499 1756 Kr.

113 1797 137 1839 τι
237 1776 288 1842 72.
311 1775 378 1841 Καὶ
400 1771 460 1840 τὸν
483 1780 635 1861 κρατῆρα
656 1773 718 1843 τόν
740 1776 939 1843 Πανιώνιον
966 1780 1068 1863 κοινῇ
1090 1776 1125 1842 αί

142 1859 303 1946 Ἕλληνες
325 1859 586 1943 κεραννύουσιν.
632 1863 712 1927 Ath.
735 1860 770 1925 X
791 1885 825 1948 p.
840 1861 905 1927 424
926 1862 967 1927 E.
1004 1864 1120 1944 Κεραν·

150 1949 279 2016 νύουειν
302 1969 345 2011 ex
366 1945 536 2033 Hyperide
566 1946 664 2011 etiam
686 1946 823 2012 Photius
846 1955 879 2012 αῖ
901 1947 1021 2013 Suidas
1045 1948 1119 2013 affe⁴

150 2042 236 2098 runt.

112 2140 137 2181 ιι
236 2116 287 2182 73.
315 2118 419 2197 Ἐχειε
447 2118 483 2183 δέ
511 2120 648 2184 διπλοῦν
676 2119 855 2201 ετοχαεμὸν
877 2120 966 2199 παρὰ
988 2117 1061 2184 Ὑπ.
1084 2118 1119 2185 έν

149 2209 195 2288 τῷ
211 2204 311 2282 Δηλ·
327 2202 521 2283 έκθηεόμεθα
533 2204 620 2269 δὲτὰ
639 2203 789 2285 εἰρημένα
802 2204 884 2283 ὑπὲρ
899 2207 958 2269 τοθ
974 2205 1119 2281 γενέεθαι

150 2290 250 2369 εαφὲε
271 2288 309 2354 τὸ
332 2286 518 2369 λεγόμενον.
562 2288 734 2368 Ἀφίκοντό
755 2309 840 2355 τινεε
862 2287 906 2354 εἰε
927 2291 1044 2369 Δῆλον
1067 2289 1119 2355 ἄν·

149 2378 274 2452 θρωποι
295 2371 420 2438 Αίολεῑε
440 2372 598 2458 πλούειοι,
620 2374 750 2454 χρυείον
773 2375 905 2454 έχοντεε
920 2375 1017 2458 πολύ,
1040 2375 1118 2439 κατὰ

150 2457 288 2538 θεωρίαν
310 2459 365 2537 τῆς
387 2457 539 2525 Ἐλλάδα(
561 2459 806 2540 ἀποδημοῦντεε
834 2458 869 2524 ἐκ
893 2462 950 2536 τῆς
973 2459 1117 2526 ἑαυτῶν·

150 2541 240 2609 οὗτοι
262 2541 427 2624 έφάνηεαν
450 2544 485 2610 ἐν
507 2542 633 2628 Ῥηνείᾳ
651 2544 875 2626 ἐκβεβλημένοι
896 2544 1117 2624 τετελευτηκό-

148 2648 210 2694 τεε.
247 2631 307 2693 τοῖι
329 2629 366 2693 δέ
388 2628 576 2710 πράγματα(
591 2631 785 2710 περιβοήτου
809 2627 906 2696 ὄντα(
929 2629 1117 2709 έπιφέρουει

148 2714 266 2793 Δήλιοι
287 2716 357 2779 τοῖε
379 2713 542 2794 Ῥηνεῦειν
558 2711 659 2779 αἰτίαν
683 2713 728 2779 ιίιε
748 2713 856 2780 αὐτῶν
871 2717 970 2779 ταῦτα
984 2734 1117 2794 πεποιη·

148 2798 263 2880 κότων,
286 2798 337 2863 καὶ
357 2799 539 2877 γράφονται
566 2798 625 2876 τὴν
655 2800 750 2864 πόλιν
779 2799 887 2864 αὐτῶν
909 2798 1065 2882 ἀεεβείαε,
1088 2798 1118 2865 οἱ

148 2884 185 2947 δὲ
206 2882 329 2961 Ῥηνεῖε
350 2881 584 2960 ἠγανάκτηνταί
605 2903 639 2948 τε
661 2890 707 2968 τῷ
722 2884 883 2965 πράγματι
905 2884 956 2947 καὶ
977 2904 1116 2962 προεκα-

149 2970 281 3035 λοῦνται
302 2965 446 3047 Δηλίου(
466 2966 525 3044 τὴν
548 2966 649 3048 αὐτὴν
664 2968 763 3049 δίκην.
801 2968 897 3050 οὔεηε
919 2970 955 3033 δέ
976 2971 1034 3049 τῆε
1049 2973 1116 3034 δια-

150 3154 249 3219 πολλιῖι
268 3151 401 3217 κέχρηται
419 3154 461 3203 τιῖι
481 3150 569 3219 μύθῳ,
587 3151 681 3216 λέγων
698 3153 777 3206 οὕτω
796 3153 853 3207 κτέ.
877 3188 909 3197 -
932 3152 971 3208 εἰ(
989 3154 1046 3220 τὴν
1063 3158 1118 3222 γῆν

148 3220 252 3287 ἐλθεῖν]
278 3217 318 3272 εἰ(
340 3219 394 3283 τὴν
417 3202 514 3285 χώραν
536 3220 593 3274 ἐλθ.
616 3223 648 3274 Τ.
672 3222 738 3289 VH,
763 3221 858 3275 ἐλθεῖν
880 3221 920 3276 είε
942 3223 997 3287 τὴν
1019 3222 1118 3290 χώραν

148 3292 217 3342 Ven.
240 3315 274 3326 -
296 3288 349 3338 νῦν
368 3304 419 3339 om.
438 3290 511 3341 Mon.
535 3317 566 3326 —
590 3289 721 3342 Ioannem
739 3307 794 3342 non
812 3292 873 3358 ipsa
891 3292 977 3343 verba
994 3293 1118 3359 Hyperi-

149 3357 190 3408 dis
216 3356 315 3407 afferre
337 3356 368 3406 Β.
391 3360 420 3407 et
438 3357 465 3408 S.
491 3364 699 3425 perspexerunt.
733 3357 831 3424 χώραν
855 3357 1022 3427 (ἐλθοθεαν)
1046 3362 1119 3414 Mei-

148 3424 229 3476 neke.
261 3421 319 3475 ἀπὸ
336 3423 420 3477 τοθδε
433 3426 559 3478 καλεῖται
571 3428 690 3490 Ruhnk.‚
709 3424 768 3479 ἀπὸ
785 3429 838 3479 τοῖν
856 3427 1003 3480 δεκατικοθ
1018 3430 1117 3482 codex.

148 3519 181 3529 -
205 3495 235 3542 ⁷1
255 3489 386 3546 ἐνταυθοῖ
403 3496 476 3547 Mon.
509 3522 542 3531 -
571 3497 603 3546 73
622 3492 800 3563 διαδικαείαε]
820 3494 942 3550 δικαείαε
960 3495 1060 3554 codex.
1085 3525 1120 3537 -
