2340 3916
341 223 473 279 Am
498 221 767 280 TIMAPXOY'.
987 221 1026 285 41

79 379 265 468 Ἀθηναῖοι,
300 383 485 465 τέθραμμαι
505 381 567 464 μὲν
585 381 622 446 ἐκ
642 376 761 459 παιδός
781 383 836 449 καί
857 388 1028 468 μειρακίου

82 481 158 569 παρ’
169 480 267 568 ὑμῖν,
279 477 342 548 οόκ
353 479 491 565 ἀφανεῖς
502 479 537 547 δὲ
549 479 716 568 διατριβὰς
726 484 898 568 διατρίβω,
910 480 978 550 ἀλλ’
991 487 1030 551 ἐν

11 596 64 648 122
84 595 154 659 ταῖς
175 583 361 666 ἐκκλησίαις
382 575 456 664 μεθ’
478 575 573 663 ὑμῶν
593 575 728 664 όρεόμαι.
759 578 848 666 οἶμαι
871 580 902 648 δ’
919 576 979 665 όίν,
999 588 1030 650 εἰ

82 680 166 759 πρός
182 676 303 755 ἄλλους
319 675 411 754 τινός
427 669 470 762 ήν
487 673 505 742 ό
524 676 622 760 λόγος
637 702 694 762 μοι
709 679 783 760 περὶ
799 687 857 765 τής
870 687 974 759 αἰτίας
988 672 1029 767 ής

82 783 252 862 κρίνομαι,
274 788 344 852 ταῖς
361 770 529 859 ὑμετέραις
544 780 739 859 μαρτυρίαις
754 779 875 864 ῥαδίως
891 773 934 844 ἄν
944 776 1028 846 εἷπο-

83 874 250 941 λύσασθαι
261 870 339 949 τούς
349 877 410 937 τοῦ
421 871 610 957 κατηγόρου
619 871 749 956 λόγους.
781 872 824 959 μή
837 872 900 958 γὰρ
911 873 977 960 ότι,
1000 883 1030 944 εἰ

84 974 268 1052 πέπρακταί
275 995 331 1054 μοι
341 995 373 1036 τι
382 968 526 1055 τούτων,
543 964 611 1035 ἀλλ’
624 975 654 1036 εἰ
664 973 753 1036 δοκεῖ
763 967 843 1055 ὑμῖν
852 981 1026 1058 παραπλη-
1048 980 1097 1039 136

82 1077 160 1147 σίας
180 1069 374 1155 βεβιωκέναι
394 1080 463 1144 ταῖς
478 1067 670 1152 λεγομέναις
686 1063 752 1133 ὑπό
768 1068 889 1135 τούτου
900 1074 1027 1155 αἰτίαις,

83 1165 226 1254 ἀβίωτον
237 1164 321 1232 εἶναι
329 1160 515 1249 ἡγούμενος
524 1165 656 1251 ἐμαυτῷ
667 1163 727 1231 τόν
737 1163 855 1233 λοιπόν
866 1172 950 1252 βίον,
963 1192 1025 1233 πα-

84 1267 243 1349 ραδίδωμι
253 1259 315 1348 τήν
330 1266 376 1338 εἰς
391 1257 537 1346 ἐμαυτόν
547 1268 707 1346 τιμωρίαν
718 1263 1028 1350 ἐναπολογήσασθαι

82 1371 123 1451 πή
134 1363 227 1431 πόλει
237 1360 320 1447 πρὸς
330 1358 409 1439 τοὺς
417 1359 594 1446 Ἕλληνας,
612 1360 688 1429 οὐδ’
698 1360 770 1448 ήκω
786 1360 1029 1450 παραιτησόμε-

82 1488 141 1540 νος
151 1458 252 1547 ὑμᾶς,
274 1457 358 1527 ἄλλα
369 1459 626 1545 καταχρήσασθέ
633 1485 704 1546 μοι,
730 1467 761 1528 εἰ
775 1465 863 1529 δοκῶ
880 1471 1029 1541 τοιοῦτος

83 1560 200 1628 εἰναι.“
232 1557 316 1643 αὕτη
332 1563 393 1643 μέν
410 1562 515 1641 ἐστιν,
540 1550 738 1643 οέΤίμαρχε,
763 1557 884 1645 ἀνδρός
895 1558 1029 1645 ἀγαθοῦ

82 1663 136 1728 καὶ
147 1658 323 1745 σώφρονος
333 1654 495 1743 ἀπολογία
505 1658 560 1725 καί
571 1656 825 1736 πεπιστευκότος
840 1666 887 1748 τῷ
902 1662 1029 1748 βίῳκαὶ

11 1764 63 1815 123
83 1765 375 1845 καταφρονοῦντος
391 1755 525 1834 εἰκότως
542 1753 672 1842 ἁπάσης
688 1763 910 1843 βλασφημίας·
950 1756 971 1826 ίί
994 1759 1029 1828 δὲ

82 1867 192 1926 πείθει
202 1877 240 1925 σε
251 1858 472 1942 Δημοσθένης
482 1857 607 1940 λέγειν,
628 1850 691 1920 οὐκ
702 1851 825 1939 ἀνδρός
835 1857 924 1922 ἐστιν
935 1860 1041 1931 ἐλεεν,

80 1959 204 2042 θέρου,
225 1952 309 2022 όιλλεὶ
322 1953 452 2037 πόρνου
469 1954 544 2037 περὶ
561 1960 631 2020 τω”ν
646 1952 758 2020 τόπων
776 1959 1019 2041 διαφερομένου

81 2051 191 2140 ἐπειδή
210 2051 242 2120 δ’
255 2059 301 2132 εἰς
319 2049 378 2131 τοὶς
394 2054 585 2139 ἐπωνυμίας
601 2059 670 2119 τεόν
688 2054 850 2139 οἰκήσεων
861 2057 1030 2139 καταφεύ-

80 2180 165 2238 γεις,
182 2149 249 2221 κατ’
263 2161 383 2237 οἰκημα
395 2149 431 2219 τό
444 2158 579 2236 πρᾶγμα
589 2152 793 2233 ἐξετάζεσθαι
804 2149 920 2233 ἀξιῶν,
943 2152 1030 2223 ὅπου

82 2255 257 2332 ἐκαθέζου,
277 2248 298 2318 ἃ
309 2253 417 2336 μέλλω
434 2255 543 2336 λέγειν
554 2248 700 2329 οἰκούσας
711 2257 861 2329 εἰσαῦθις
873 2250 914 2318 οὐ
925 2253 1039 2338 χρήσει

81 2349 222 2436 τοιούτω
243 2349 349 2438 λόγω,
376 2345 435 2416 ἐὰν
456 2357 642 2436 σωφρονῇς.
673 2347 715 2415 οὐ
733 2350 797 2436 γὰρ
815 2348 855 2416 τόι
867 2353 1028 2437 οἰκήματα
1050 2372 1096 2427 137

82 2445 157 2515 οὐδ’
182 2452 219 2515 αί
235 2448 378 2534 οἰκήσεις
395 2445 453 2525 πός
469 2449 657 2533 ἐπωνυμίας
671 2461 738 2526 τοῖς
755 2448 943 2534 ἐνοικήσασι
964 2476 1029 2516 πα-

82 2550 245 2634 ρέχουσιν,
254 2543 322 2614 ἀλλ’
331 2552 365 2614 οἰ
371 2546 664 2632 ἐνοικήσαντεςτὰς
674 2554 743 2614 τοῖν
754 2551 848 2615 ἰδίων
859 2552 1029 2635 ἐπιτηδευ-

12 2653 62 2705 124
82 2645 196 2731 μότων
208 2649 470 2730 ἐπωνυμίαςτοϊς
480 2646 593 2723 τόποις
604 2648 920 2730 παρασκευάζουσιν.
943 2648 1029 2716 ὅπου

82 2743 143 2830 μὲν
153 2741 217 2829 γόιρ
228 2746 345 2810 πολλοὶ
356 2746 604 2830 μισθωσάμενοι
614 2753 693 2830 μίαν
704 2754 834 2831 οἰκησιν
846 2746 1030 2833 διελόμενοι

82 2848 204 2927 ἔχουσι,
222 2847 396 2907 συνοικίαν
413 2850 596 2928 καλοῦμεν,
608 2842 695 2911 ὅπου
712 2841 744 2910 δ’
764 2840 809 2922 εἷς
824 2847 958 2930 ἐνοικεῖ,
981 2853 1031 2914 οἰ-

82 2947 167 3008 κίαν.
200 2938 259 3005 ἐὰν
275 2937 307 3006 δ’
320 2945 366 3018 εἰς
383 2943 421 3006 ἓν
440 2941 547 3026 δήπου
563 2942 693 3009 τούτων
708 2949 776 3009 τῶν
793 2943 844 3009 ἐπὶ
861 2957 931 3022 ταῖς
942 2940 1031 3023 ὁδοῖς

81 3041 309 3124 ἐργαστηρίων
329 3037 440 3123 ἰατρός
457 3045 685 3127 εἰσοικίσηται,
710 3045 854 3122 ἰατρεῖον
869 3048 1029 3108 καλεῖται·

81 3135 139 3203 ἐὰν
152 3134 184 3203 δ’
203 3133 294 3222 ὁμὲν
310 3141 520 3224 ἐξοικίσηται,
545 3146 591 3218 εἰς
609 3140 644 3206 δέ
661 3137 697 3206 τό
716 3137 798 3206 αότό
815 3145 914 3206 τοῦτο
933 3145 1032 3224 ἐργα-

81 3238 217 3322 στήριον
235 3236 373 3321 χαλκεός
390 3243 617 3323 εἰσοικίσηται,
641 3247 793 3323 χαλκεῖον
806 3236 947 3322 ἐκλήθη,
969 3239 1027 3306 ε’ἀυ
1050 3257 1099 3311 138

81 3335 118 3403 δὲ
139 3333 305 3420 κναφεός,
328 3351 507 3423 κναφεῖον,
530 3337 590 3404 ἐόν
611 3336 647 3403 δέ
668 3343 806 3420 τίκτων,
829 3350 1030 3404 τεκτονεῖον·

79 3431 141 3500 ε’όιν
163 3437 198 3501 δὲ
222 3434 449 3521 πορνοβοσκός
473 3438 527 3504 καὶ
550 3435 687 3518 πόρναι,
710 3434 776 3502 α’πό
800 3443 857 3520 τής
878 3438 1030 3522 ἐργασίας
