2340 3916
337 198 429 250 ΠΕΡΙ
448 198 525 251 νου
543 198 775 252 mmm.
992 199 1035 263 35

60 341 238 428 κειμένους
256 338 417 427 νόμους.“
455 334 557 427 ἀχρὴ
577 355 736 427 σκοπεῖν,
761 347 793 410 εί
810 344 899 409 δοκῶ
919 340 1034 429 ὀρθῶς

60 441 147 530 ύμῖν
165 443 275 527 λέγειν
294 439 339 521 ἀς
357 438 446 530 ύπέρ
464 438 563 528 ὑμῶν
581 442 670 527 λέγω
689 442 747 509 καὶ
765 445 834 510 τῶν
851 443 976 532 νόμων.

141 545 324 623 Σκέψασθε
350 551 471 612 τοίνυν
490 534 516 611 ὦ
535 540 656 630 ἀνδρες
684 540 753 631 [καλ
780 544 862 624 τούς
888 543 1029 634 νόμους]
1049 560 1083 609 92

61 646 119 713 καὶ
143 646 225 724 τούς
248 645 477 733 κατηγόρους,
509 652 545 713 τί
567 643 685 724 αὐτοῖς
715 642 874 734 ἀπάρχου
907 649 1033 735 ἐτέρων

62 749 296 837 κατηγοροῦσι.
333 755 501 836 Κηφίσιος
519 745 582 833 μὲν
600 744 719 814 ούτοσὶ
737 747 918 835 πριάμενος
938 746 1032 836 ἀκὴν

63 852 102 917 ἐκ
118 853 179 917 τού
199 855 382 936 δημοσίου,
407 848 466 929 τάς
487 850 523 917 ἐκ
540 848 665 936 ταύτης
685 851 885 937 ἐπικαρπίας
903 851 973 917 τῶν
993 853 1031 919 ἐν

60 955 106 1038 τῇ
130 954 174 1039 γῇ
200 950 446 1039 γεωργούντων
471 950 672 1037 ἐνενήκοντα
695 954 782 1037 μνάς
808 952 962 1040 ἐκλέξας,
988 950 1030 1020 ού

60 1053 223 1139 κατέβαλε
237 1055 279 1141 τῇ
295 1052 390 1120 πόλει
403 1054 461 1120 καλ
477 1057 619 1141 ἔφυγεν·
640 1059 672 1121 εί
685 1052 750 1141 γάρ
764 1044 883 1141 ἦλθεν,
904 1052 1030 1123 ἐδέδετ’

60 1150 105 1223 ἀν
125 1156 162 1222 ἐν
184 1157 232 1245 τῷ
257 1154 357 1245 ξύλῳ.
394 1153 412 1221 ὁ
439 1154 506 1242 γάρ
531 1154 635 1241 νόμος
662 1151 770 1233 οὕτως
796 1152 881 1241 εἶχε,
905 1163 1031 1244 κυρίαν
1048 1168 1082 1219 99

60 1254 149 1323 εἶναι
165 1257 231 1343 τὴν
250 1256 399 1343 βουλήν,
424 1251 462 1336 ὃς
480 1251 523 1323 ἀν
537 1255 719 1344 πριάμενος
742 1257 838 1335 τέλος
863 1256 909 1344 μὴ
926 1284 1032 1325 κατα-

59 1356 171 1446 βάλη,
197 1362 271 1426 δεῖν
296 1365 345 1436 είς
369 1358 407 1425 τὸ
434 1356 549 1438 ξύλον.
591 1346 691 1436 οὗτος
715 1365 854 1446 τοίνυν,
884 1356 934 1426 ὅτι
960 1375 1031 1440 τοῖς

59 1457 177 1546 νόμοις
193 1463 406 1546 ἐψηφίσασθε
416 1456 475 1526 ἀπ’
489 1458 681 1528 Εὐκλείδου
696 1457 859 1547 άρχοντος
872 1464 1031 1549 χρῆσθαι,

59 1556 187 1640 ἀξιοῖά
208 1567 272 1647 ἕχει
295 1559 394 1648 ὑμῶν
419 1561 554 1642 ἐκλέξας
577 1560 623 1648 μὴ
647 1559 856 1648 ἀποδοῦναι,
882 1564 939 1630 καὶ
963 1565 1030 1631 νύν

60 1663 237 1751 γεγένηται
250 1661 327 1730 ἀντὶ
341 1662 404 1750 μὲν
419 1663 575 1750 φυγάδος
589 1670 746 1750 πολίτης,
762 1661 839 1731 ἀντὶ
854 1662 892 1730 δὲ
906 1661 1029 1750 ἀτίμου

61 1764 296 1852 συκοφάντης,
332 1762 382 1833 ὅτι
417 1781 488 1844 τοῖς
519 1763 634 1850 νόμοις
665 1779 736 1843 τοῖς
767 1767 834 1832 νῦν
865 1763 1030 1850 κειμένοις

59 1870 195 1955 χρησθε.
232 1865 390 1954 Μέλητος
414 1865 445 1933 δ’
472 1856 516 1933 αὗ
542 1863 660 1933 ούτοσὶ
684 1864 858 1951 ἀπήγαγεν
886 1868 941 1934 ἐπὶ
960 1868 1029 1934 τῶν
1047 1894 1081 1943 94

59 1968 239 2056 τριάκοντα
270 1968 420 2055 Λέοντα,
456 1967 502 2047 ἀς
536 1967 635 2055 ύμεῖς
666 1964 811 2046 ἀπαντες
848 1977 935 2055 ἴστε,
970 1970 1027 2037 καὶ

60 2069 233 2140 ἀπέθανεν
265 2073 392 2149 ἐκεῖνος
424 2067 575 2158 ἀκριτος·
606 2076 716 2138 καίτοι
742 2059 842 2149 οὗτος
869 2069 887 2137 0‘
920 2070 1028 2157 νόμος

60 2173 118 2240 καλ
137 2172 301 2261 πρότερον
320 2163 361 2260 ἦν
380 2169 469 2261 (καὶ)
490 2169 535 2250 τδς
553 2174 664 2251 καλῶς
686 2177 771 2258 έχων
785 2174 842 2240 καὶ
860 2173 929 2240 νύν
949 2178 1029 2259 ἐστι,

60 2274 117 2343 καὶ
148 2276 276 2363 χρῆσθε
300 2273 415 2365 αὐτῷ,
445 2273 506 2341 τὸν
535 2272 771 2361 βουλεύσαντα
798 2277 905 2366 ἐντῷ
933 2272 1029 2365 αύτῷ

25 2438 30 2447 .
62 2376 236 2462 ἐνέχεσθαι
253 2378 310 2444 καὶ
334 2374 394 2444 τὸν
411 2378 454 2463 τῇ
479 2376 564 2463 χειρὶ
589 2374 829 2463 ἐργασάμενον.
867 2374 1029 2462 Μέλητον

60 2486 180 2547 τοίνυν
197 2493 269 2557 τοῖς
288 2479 381 2547 παισὶ
400 2493 471 2556 τοῖς
496 2481 557 2544 τοῦ
577 2476 725 2554 Λέοντος
743 2474 807 2544 ούκ
828 2481 895 2544 ἐστι
914 2475 1027 2561 φόνον

60 2579 211 2667 διώκειν,
231 2576 280 2647 ὅτι
297 2596 369 2660 τοῖς
382 2578 497 2666 νόμοις
517 2581 571 2646 δεῖ
586 2580 732 2666 χρῆσθαι
749 2575 810 2645 ἀπ’
833 2575 1026 2646 Εύκλείδον

59 2680 241 2770 ἀρχοντος,
274 2684 345 2750 ἐπεὶ
372 2678 415 2760 ὥς
440 2707 478 2766 γε
503 2678 565 2748 οὐκ
592 2679 767 2768 ἀπήγαγεν
776 2732 786 2766 ,
817 2675 894 2747 οὐδ’
923 2676 1028 2758 αύτός

59 2782 231 2869 ἀντιλέγει.
256 2781 432 2871 Ἐπιχάρης
451 2780 483 2849 δ’
504 2771 623 2869 οὗτος,
641 2780 659 2849 ὁ
680 2781 818 2850 πάντων
832 2780 1022 2868 πονηρότα-
1044 2805 1077 2856 95

59 2913 115 2965 τος
139 2887 196 2954 καὶ
221 2886 429 2974 βουλόμενος
454 2881 540 2952 εἶναι
562 2887 734 2970 τοιοῦτος,
765 2881 783 2951 ὁ
810 2887 1028 2971 μνησικακῶν

59 2986 164 3067 αύτδς
183 2985 298 3079 αύτῷ,
319 3026 363 3035 —-
385 2976 484 3064 οὗτος
498 2986 565 3073 γάρ
580 2985 761 3073 ἐβούλευεν
778 2985 833 3054 ἐπὶ
846 2987 916 3052 τῶν
929 2985 1025 3073 τριά-

128 3113 210 3183 ἡμῶν
232 3118 278 3169 ΑΨ

127 3189 168 3237 92.
187 3183 237 3236 καὶ
264 3177 331 3244 τούς
349 3179 456 3250 νόμους
475 3182 528 3234 del.
546 3182 599 3232 vol.
618 3184 650 3236 R.
665 3184 722 3245 W.;
741 3174 814 3233 κατά
833 3199 857 3233 τ.
878 3199 904 3236 ν.
922 3183 1026 3233 Luzac.

59 3281 92 3291 -
105 3246 293 3320 ὑπαρχόντων
309 3270 335 3304 v.
350 3257 414 3302 ante
432 3251 498 3311 Bk„
518 3251 565 3314 qui
577 3242 706 3315 ὑπάρχον
723 3248 794 3313 τῶν;
814 3266 866 3301 om.
879 3247 934 3300 τῶν
947 3249 1026 3314 Emp.

59 3325 140 3373 Turr.
167 3349 200 3357 -
225 3312 399 3387 ἐνενήκοντα
416 3319 462 3369 LZ
480 3317 546 3371 Bk.:
566 3310 767 3383 ἐννενήκοντα.

128 3393 170 3440 93.
189 3385 242 3455 τήν
255 3380 364 3454 βουλήν
376 3402 437 3438 cum
450 3385 544 3451 Steph.
558 3385 623 3435 Bk.:
635 3378 691 3452 τήν
702 3402 733 3437 τε
746 3379 862 3452 βουλήν.
881 3384 918 3434 cf.
933 3388 1026 3459 autetp

58 3457 138 3513 Dem.
150 3458 219 3507 Tim.
230 3458 245 3518 5
256 3459 312 3511 144.
325 3482 358 3491 -
370 3447 561 3521 ἐψηφίσασθε
571 3444 623 3502 ἀπ’
635 3469 695 3504 cum
706 3455 738 3503 R.
750 3453 814 3502 Bk.:
825 3447 957 3517 ἀπεψηφ,
967 3443 1026 3505 ἀπ.

127 3528 168 3577 94.
188 3524 282 3576 καίτοι
301 3523 353 3579 Sl.:
372 3519 430 3574 καλ.
450 3548 480 3557 -
501 3517 573 3587 (καὶ)
591 3512 629 3580 ὡς
647 3522 721 3572 Bait.
739 3520 818 3573 Turr.

838 3602 875 3655 3*
