2340 3916
163 224 224 285 116
575 215 705 268 ΙΣΑΙΟΤ
1028 219 1080 270 On.
1098 218 1125 272 9.

235 385 394 477 Ἀδελφός
417 415 472 475 μοι
494 376 537 474 ἦν
560 381 773 477 ὁμομήτριος,
798 376 827 456 οῦ
849 383 988 478 ἀνδρες,
1011 385 1126 460 Ἀστῦ-

163 500 276 580 φιλος,
295 480 338 559 οῦ
356 493 445 558 ἐστιν
462 482 480 557 5
499 489 632 577 κλῆρος·
651 485 867 577 ἀποδημήσας
884 479 1041 578 οῦνμετά
1057 496 1125 562 τῦν

164 599 211 672 εἰς
229 588 431 677 Μυτιλήνην
453 591 663 676 στρατιωτῶν
686 587 886 676 ἐτελεύτησε.
927 588 1125 680 πειράσομαι

164 689 197 763 δ’
215 687 299 780 ῦμῑν
316 692 477 771 ἐπιδεῖξαι
494 685 576 778 ὅπερ
588 684 783 779 ἀντώμοσα,
799 684 843 770 ῦς
860 686 938 760 οῦτε
949 689 1124 781 ἐποιήσατο
1167 738 1168 743 1

163 797 288 871 ἐκεῖνος
304 789 382 861 υίόν
394 791 518 882 ἑαυτῷ,
537 784 612 859 οὔτ’
631 794 736 859 ἔδωκε
752 787 793 860 τῦ
807 793 944 879 ἑαυτοῦ,
962 788 1042 861 οῦτε
1054 797 1125 862 δια-

161 891 270 981 θήκας
288 893 480 979 κατέλιπεν,
498 886 576 959 οῦτε
592 889 752 979 προσήκει
770 888 909 980 ἔχειντά
923 887 1125 981 Ἀστυφίλου

127 989 277 1064 2οῦδενὶ
294 989 384 1083 ἀλλῳ
401 985 422 1078 ἢ
442 993 521 1079 ἐμοί.
558 997 626 1059 ἐστι
643 987 707 1079 γὰρ
724 995 842 1062 Κλέων
859 987 972 1061 οῦτοσὶ
989 989 1125 1076 ἀνεψιός

158 1090 347 1184 Ἀστυφίλῳ
365 1087 446 1181 πρὸς
463 1089 603 1181 πατρός,
622 1086 643 1161 5'
660 1094 700 1160 δέ
713 1089 787 1172 υἱός
804 1088 822 1162 ὁ
840 1090 976 1180 τοῦτου,
1000 1089 1041 1164 ῦν
1059 1102 1125 1164 ελσ-

161 1211 252 1264 ποιεῖ
274 1197 405 1286 ἐκείνῳ,
429 1187 641 1274 ἀνεψιαδοῦς.
688 1199 872 1280 εἰσποίητος
898 1189 930 1261 δ’
954 1183 997 1281 ἦν
1020 1190 1038 1264 5
1061 1221 1124 1264 πα-

161 1293 223 1385 τὴρ
240 1290 258 1364 ὁ
276 1295 431 1373 Κλέωνος
450 1299 506 1372 εἰς’
520 1289 621 1362 ἀλλον
643 1290 752 1382 οἶκον,
776 1296 833 1363 καὶ
855 1283 948 1363 οῦτοι
966 1301 1015 1363 ἐτι
1039 1298 1126 1366 εἰσὶν

163 1399 200 1465 ἐν
223 1399 339 1486 ἐκείνῳ
361 1397 409 1487 τῷ
434 1402 531 1487 οἴκῳ,
557 1395 754 1480 οστε-γένει
776 1395 838 1483 μὲν
862 1392 917 1463 διά
939 1390 999 1464 τὸν
1020 1393 1126 1484 νόμον

161 1493 263 1566 οῦδὲν
273 1493 498 1584 προσήκουσιν
511 1490 706 1586 Ἀστυφίλρα
737 1492 852 1582 ἐπειδὴ
872 1496 909 1564 δὲ
920 1487 1003 1564 κατά
1019 1499 1126 1567 ταῦτα

79 1613 82 1625 ·
161 1593 224 1666 οῦν
241 1586 284 1683 ἦν
301 1592 560 1684 ἀμφισβήτησις,
581 1593 760 1684 διαθήκας,
780 1586 808 1664 ὦ
825 1593 960 1685 ἀνδρες,
985 1602 1124 1678 ψευδεῖς

162 1692 221 1786 (ῦς
240 1694 304 1784 ἐμοῦ
321 1695 412 1784 οἶμαι
425 1693 615 1782 ἐπιδείξειν)
634 1694 881 1766 κατεσκεύασαν
898 1698 954 1765 καὶ
971 1699 1125 1784 ζητοῦσιν

125 1809 142 1862 3
159 1794 384 1886 ἀποστερῆσαί
398 1823 439 1883 με
455 1799 524 1865 τῶν
539 1798 603 1864 τοῦ
617 1791 776 1885 ἀδελφοῦ.
813 1800 868 1866 καὶ
886 1793 973 1866 οῦτοι
991 1795 1125 1886 σφόδρα

73 1977 87 1987 ,.
160 1899 278 1967 Κλέων
295 1891 410 1967 οῦτοσὶ
423 1894 652 1986 καὶπρότερον
664 1899 719 1966 καὶ
730 1901 795 1967 νῦν
812 1893 937 1967 οῦδένα
946 1894 1049 1968 ἀλλον
1066 1897 1125 1969 τῦν

160 2000 285 2087 κλῆρον
306 1993 434 2086 ἡγεῖται
457 2000 543 2079 ἕξειν
565 1991 586 2083 ἢ
605 1992 725 2086 αῦτόν,
751 1993 830 2067 ὥστ’
856 1995 971 2086 ἐπειδὴ
988 1996 1126 2087 τάχιστα

160 2095 309 2185 ἠγγέλθη
329 2094 523 2186 Ἀστύφιλος
546 2096 804 2186 τετελευτηκώς,
832 2101 893 2168 τοῦ
914 2099 977 2187 μέν
1000 2097 1125 2187 πατρὸς

160 2202 222 2269 τοῦ
245 2202 326 2289 ἐμοῦ
353 2194 594 2284 ἀσθενοῦντος,
613 2199 710 2286 ’ἐμοῦ
738 2198 775 2266 δὲ
797 2195 859 2267 οῦν
884 2202 1124 2287 ἐπιδημοῦντος

161 2296 244 2368 ἀλλά
261 2298 542 2389 στρατευομένου,
568 2304 615 2377 εἰς
631 2293 668 2367 τῦ
686 2306 809 2388 χωρίον
827 2297 1042 2390 ἐνεβάτευσε,
1053 2332 1054 2336 ’
1067 2304 1121 2370 καὶ

162 2411 241 2468 εἴτι
258 2397 338 2468 ἀλλο
357 2401 483 2477 ἐκεῖνος
506 2399 697 2487 κατέλιπεν,
721 2395 851 2469 ἅπαντα
874 2407 938 2489 ἐφη
960 2405 1023 2470 τοῦ
1044 2404 1126 2471 υἱοῦ

125 2504 222 2569 4τοῦ
244 2501 368 2569 ἑαυτοῦ
391 2496 492 2587 εἶναι,
517 2505 598 2586 πρίν
620 2526 653 2568 τι
674 2494 762 2588 ῦμιῖς
785 2508 1008 2589 ψηφίσασθαι.
1051 2504 1124 2571 ἐπεὶ

162 2598 195 2670 δ’
223 2603 383 2689 ἐκομίσθη
406 2596 447 2668 τοὶ
466 2595 548 2669 ῦστᾶ
570 2602 631 2668 τοῦ
650 2595 817 2690 ἀδελφοῦ,
840 2597 858 2671 ὁ
882 2601 944 2689 μέν
966 2623 1124 2691 προσποι-

160 2700 301 2788 ούμενος
319 2699 421 2769 πάλαι
435 2696 509 2780 υλός
527 2703 783 2788 εἰσπεποιῆσθαι
798 2697 845 2770 οῦ
858 2699 1027 2789 προῦθετο
1044 2699 1123 2773 οὐδ’

161 2808 307 2889 ἔθαψεν,
332 2800 337 2886 l
360 2805 395 2870 οἱ
417 2801 455 2870 δέ
471 2807 564 2888 φίλοι
579 2796 778 2890 Ἀστυφίλου
795 2804 852 2871 καὶ
870 2807 905 2871 οἱ
920 2805 1123 2893 συστρατεῦ-

160 2929 230 2989 ται,
248 2896 391 2989 ὁρῦντες
407 2897 467 2970 τὸν
484 2902 609 2990 πατέρα
626 2899 685 2971 τὸν
702 2898 783 2991 ἐμδν
800 2898 1048 2993 ἀρρωστοῦντα,
1068 2905 1124 2993 ἐμὲ

163 3002 200 3069 δὲ
217 2995 280 3070 οῦκ
298 3003 539 3089 ἐπιδημοῦντα,
559 2997 653 3071 αὐτοὶ
671 3004 727 3071 καὶ
745 2999 1003 3092 προῦθεντοιιαὶ
1020 2994 1123 3074 τάλλα

160 3100 269 3172 πάντα
290 3098 331 3169 τῦ
353 3099 548 3194 νομιζόμενα
572 3105 732 3190 ἐποίησαν
749 3104 805 3171 καὶ
821 3100 881 3173 τὸν
900 3101 979 3192 ἐμὸν
997 3106 1123 3192 πατέρα

160 3198 371 3273 ἀσθενοῦντα
406 3205 459 3274 ἐπὶ
493 3200 529 3273 τῦ
558 3205 669 3292 μνῆμα
697 3200 823 3290 ἤγανον
852 3193 892 3273 εῦ
920 3202 1045 3286 εἰδότες
1073 3202 1123 3276 ὅτι

56 3364 59 3371 ,
159 3299 450 3388 ἀσπάζοιτοαῦτῦν
463 3300 668 3393 Ἀστῦφιλος
697 3303 817 3375 τοῦτου
837 3301 869 3373 δ’
888 3301 970 3395 ῦμῑν
1000 3302 1122 3385 αῦτοῦς

160 3402 237 3484 τοῦς
266 3407 472 3492 ἐπιτηδείους
494 3406 572 3484 τοῦς
597 3407 727 3474 ἐκείνου
749 3403 918 3496 μάρτυρας
941 3409 1121 3496 παρέξομαι

158 3508 227 3574 τοῖν
243 3504 427 3595 παρόντων.
