2340 3916
151 166 210 230 168
489 162 746 221 ΑΙΣΧΙΝΟΤ

149 331 250 410 δρίας.
280 323 344 413 ἤδη
362 323 396 392 δ’
407 326 643 410 ἐψηφισμένων
663 327 839 388 Θετταλοῖν
856 320 1104 406 ἐπιστρατεύειν
1120 340 1162 394 161

150 428 201 493 έπί
212 423 275 511 την
285 423 449 511 ὑμετέραν
460 422 574 505 πόλιν,
587 421 642 488 καὶ
653 427 715 486 τοῦ
725 427 905 486 νεανίσκου
916 419 953 487 τὸ
966 427 1101 504 πρῶτον

150 527 419 609 παροξυνθέντος
441 520 589 606 εἰκότως,
624 517 734 606 ἐπειδὴ
759 521 834 602 περὶ
856 518 969 606 Θήβας
996 512 1039 605 ἦν
1063 519 1100 587 τύ

150 623 390 707 στρατόπεδον,
423 618 626 708 πρεσβευτὴς
647 615 703 702 ὑφ’
729 615 825 704 ὑμῶν
845 621 1100 705 χειροτονηθεὶς,

150 719 299 806 ἀποδρὰς
309 724 345 789 ἐκ
363 725 468 807 μέσον
483 726 544 788 τού
557 726 771 801 Κιθαιρῶνος
787 709 871 803 ἧκεν
881 714 1100 802 ὑποστρέψας,

56 837 58 842 ’
151 820 218 888 οὔτ’
232 824 269 888 έν
287 823 401 906 εἰρήνῃ
418 817 535 887 ούτ’έν
558 822 689 904 πολέμῳ
706 817 871 903 χρήσιμον
893 819 1014 883 ἑαυτὸν
1035 842 1101 882 πα-

151 924 264 1007 ρέχων.
287 923 342 988 καὶ
352 918 389 987 τὸ
398 920 533 986 πάντων
544 915 745 1001 δεινότατον,
754 913 847 1001 ύμεῑς
856 914 918 1001 μὲν
927 914 1102 983 τούτονού

82 1031 134 1087 549
150 1018 332 1103 προῦδοτε,
353 1015 428 1084 οὐδ’
442 1017 570 1084 εἰάσατε
581 1024 741 1101 κριθῆναι
754 1018 790 1083 έν
801 1023 848 1104 τῷ
858 1022 926 1082 τῶν
934 1013 1101 1101 Ἑλλήνων

151 1121 330 1206 συνεδρίω,
345 1110 442 1196 ούτος
454 1113 487 1183 δ’
498 1112 584 1201 ὑμᾶς
595 1123 661 1182 νῦν
671 1117 896 1201 προδέδωκεν,
916 1125 1007 1202 είπερ
1019 1113 1101 1200 ἀλη-

150 1225 199 1303 θῆ
215 1220 304 1283 ἐστιν
321 1244 341 1282 α
335 1215 493 1302 λέγεται.
529 1215 573 1293 ὡς
590 1215 653 1298 γάρ
672 1234 775 1298 φασιν
792 1218 827 1282 οί
835 1214 987 1297 Παραλοι
1004 1216 1105 1282 καίοι
1121 1235 1162 1289 165

152 1315 415 1436 πρεσβεύσαντες
433 1313 516 1399 πρὸς
529 1312 762 1397 Ἁλέξανδρον,
785 1311 891 1381 καὶ
858 1341 894 1380 το
907 1337 1041 1399 πραγμα
1053 1319 1101 1380 εί-

152 1414 255 1492 κότως
266 1414 467 1498 πιστεύεται,
479 1417 546 1480 ἔστι
556 1439 605 1490 τις
615 1409 783 1496 Ἀριστίων
792 1411 1023 1498 Πλαταλκός,
1009 1439 1024 1479 ο
1040 1414 1109 1479 τοῦ

84 1519 134 1572 550
149 1511 404 1598 Ἀριστοβούλου
415 1538 475 1578 του
463 1511 760 1596 φαρμακοπώλου
771 1509 858 1597 υίὸς,
871 1521 904 1579 εί
911 1539 959 1590 τις
970 1511 1034 1596 ἄρα
1046 1515 1101 1580 καὶ

155 1609 249 1697 υμῶν
259 1635 445 1696 γιγνωσκει.
477 1603 575 1688 οὗτός
587 1634 665 1677 ποτε
682 1607 700 1676 ὁ
718 1618 891 1689 νεανίσκος
909 1611 1074 1694 ετέρων
1039 1639 1101 1696 την

74 1728 76 1731 “
153 1710 232 1788 ὄψιν
250 1714 419 1796 διαφέρων
439 1710 618 1796 γενόμενος
635 1706 742 1800 ᾤ’κησε
755 1710 863 1778 πολύυ
878 1710 1002 1796 χρόνον
1014 1714 1102 1796 ε’ντχ]

152 1814 396 1897 Δημοσθένους
407 1817 509 1898 οίκίηι·
533 1808 595 1878 ὅτι
613 1808 649 1877 δέ
667 1807 821 1892 πρύττων
832 1804 854 1894 ἢ
865 1810 1018 1894 πάσχων,
1037 1807 1103 1894 ιἰμ-

152 1917 290 1996 φίβολος
311 1906 331 1996 ἡ
353 1916 439 1978 αίτία
459 1905 571 1976 καὶτὸ
598 1915 733 1993 πρᾶγμα
761 1907 915 1994 οὐδαμῶς
937 1907 1104 1994 εὔσχημον

153 2010 224 2093 ἐμοὶ
235 2013 352 2092 λέγειν.
387 2000 495 2092 οὗτος,
519 2003 635 2091 ύςέγύ
649 2004 772 2090 ἀκούω,
798 2005 1002 2094 ἠγνοημένος
1013 2007 1103 2087 ὅστις

153 2103 221 2172 ποτ’
235 2107 303 2172 έστὶ
314 2107 368 2172 καί
382 2112 452 2182 πῶς
462 2103 646 2191 βεβιωκώς,
665 2104 724 2172 τδν
734 2105 950 2194 Ἀλέξανδρον
961 2105 1103 2193 ὑποτρέ-

152 2229 200 2288 χει
212 2205 265 2268 καὶ
278 2203 446 2288 πλησιάζει
463 2206 587 2291 ἐκείνω.
620 2201 675 2269 διδ
692 2205 814 2272 τούτου
831 2207 1006 2293 γροίμματα
1018 2212 1102 2292 πέμ-

152 2315 216 2378 υας
227 2296 271 2379 ὡς
280 2299 619 2385 Ἀλέξανδρονύίδειοίν
628 2328 702 2369 τινα
714 2303 911 2390 εύρηταικαὶ
923 2305 1102 2391 διαλλαγεὶς

152 2402 206 2468 καὶ
217 2399 345 2486 πολλὴν
361 2407 538 2468 κολακείαν
555 2407 736 2487 πεποίηται.
768 2405 899 2472 έκεδδευ
916 2405 952 2473 δὲ
968 2404 1101 2491 θεωρη-
1120 2431 1162 2486 162

152 2518 246 2585 σατε,
271 2495 313 2577 ὡς
332 2497 451 2584 ὅμοιόν
467 2503 535 2568 ἐστι
552 2499 589 2568 τδ
611 2511 746 2588 πρᾶγμα
765 2511 804 2590 τῇ
823 2509 919 2591 αίτίηι.
949 2511 979 2571 εί
995 2503 1101 2588 γάρτι

82 2616 133 2670 651
152 2599 281 2666 τούτων
292 2599 654 2687 ἐφρόνειΔημοσθέυης
665 2603 718 2669 καὶ
730 2610 915 2688 πολεμικαῖς
926 2601 1019 2688 εἶχεν,
1034 2602 1101 2670 ὥσ-

152 2722 214 2784 περ
233 2701 287 2766 καί
305 2702 402 2785 φησὶ,
423 2698 507 2784 πρὸς
527 2698 755 2784 Ἁλέξανδρον,
777 2715 863 2783 τρεῖς
884 2698 974 2789 αὐτῷ
991 2705 1101 2786 καιροὶ

151 2797 319 2866 κοίλλιστοι
330 2800 613 2885 παραγεγόνασιν,
634 2792 683 2867 ύν
694 2797 806 2868 ούδενλ
819 2808 971 2887 φαίνεται
981 2827 1100 2886 κεχρη-

150 2899 257 2980 μένος.
291 2894 335 2977 εἷς
350 2899 412 2984 μέν
429 2895 446 2966 ὁ
464 2906 610 2982 πρῶτος,
633 2895 678 2966 ὅτ’
691 2905 737 2976 είς
754 2895 932 2984 τὴνάρχὴν
943 2895 985 2964 ού
996 2899 1100 2966 πύλαι

150 2994 364 3083 καθεστηκώς
388 2994 598 3082 Ἀλέξανδρος
630 2995 873 3079 ἀπαρασκεύων
908 2993 999 3084 αύτῷ
1031 3006 1100 3065 τοῖν

149 3099 243 3161 ἰδίων
263 3095 371 3163 ὄντων
395 3102 441 3174 είς
462 3095 523 3181 τήν
542 3093 653 3164 Ἀσίαν
674 3098 781 3183 διέβη,
804 3095 925 3183 ἤκμαζε
944 3092 975 3163 δ’
995 3093 1012 3163 ὁ
1031 3106 1100 3165 των

148 3202 288 3279 Περσῶν
298 3195 620 3283 βασιλεύςκαὶναυσὶ
630 3198 686 3264 καλ
696 3196 837 3282 χρήμασι
848 3200 902 3264 καὶ
913 3201 1098 3284 πεζῇστρα-

148 3301 218 3381 τιηῖ,
241 3291 383 3381 ἅσμενος
400 3293 432 3361 δ’
444 3290 488 3361 δν
500 3292 586 3381 ὑμᾶς
602 3301 647 3374 είς
659 3293 720 3382 την
737 3303 925 3382 συμμαχίαν
937 3301 1097 3380 προσεδέ-

147 3397 223 3472 ξατο
236 3391 290 3461 διδ
304 3391 382 3472 τούς
398 3398 657 3481 ἐπιφερομένους
671 3393 762 3486 αύτῷ
779 3397 968 3474 κινδύνους.
1004 3394 1097 3475 εἶπας
