2340 3916
141 193 194 244 XX
386 189 617 243 ARGUMENTA
635 188 865 241 ORATIONUM.

143 341 300 426 quaedam
327 341 432 405 inesse
460 340 609 405 videntur
632 362 712 424 quae
734 339 906 422 principali
935 340 1038 425 magis
1061 362 1111 404 ac-

143 427 283 492 cusatori
327 425 491 510 rimaeque
514 426 654 490 orationi
677 424 916 510 conveniant*)

230 510 283 575 Or.
304 447 355 575 ln
381 511 421 574 in
448 510 685 575 Philoclem.
721 508 884 574 Philocles
907 513 1037 593 praetor
1058 509 1111 572 Pi-

124 595 444 764 'tttlttltl
467 595 954 763 Philtllttttttt
975 593 1112 763 Hiilii

143 767 236 831 illum
263 788 328 830 una
349 765 474 830 triremi
496 763 664 828 advectum
693 764 877 832 intromisit.
923 729 1016 839 Qiod
1038 785 1112 828 cum

144 874 217 916 eum
247 850 385 935 pecunia
418 852 603 931 corruptum
642 848 755 913 fecisse
792 849 890 934 vulgo
927 853 1111 935 arguerent,

143 937 212 1020 ipse
236 936 275 1000 dc
297 957 330 999 se
353 933 574 1017 quaestionem
594 937 766 1017 Areopago
789 933 964 1017 mandavit,
987 935 1042 1018 qui
1064 934 1113 997 in·

144 1026 194 1086 ter
216 1025 339 1085 ceteros
361 1018 448 1083 illius
471 1040 599 1103 quoque
626 1040 747 1083 nomen
769 1019 854 1102 apud
881 1020 1038 1103 populum
1061 1018 1113 1081 de-

143 1104 229 1169 tulit.
273 1104 387 1186 Itaque
409 1103 605 1186 populiscito
633 1104 737 1187 primo
760 1104 832 1169 loco
854 1103 1016 1169 Philocles
1038 1125 1113 1167 reus

144 1189 307 1338 hemely
327 1192 402 1272 post
424 1188 591 1253 damnatos
606 1189 787 1272 complures
802 1189 883 1253 alios
902 1189 938 1253 in
959 1189 1114 1253 iudicium

144 1274 244 1341 venit.
308 1294 388 1356 eque
410 1273 503 1338 illum
518 1275 570 1338 vel
591 1274 702 1357 priora
722 1275 839 1338 merita
853 1274 905 1338 vel
926 1273 1115 1339 innocentia

145 1359 231 1423 vitae
252 1359 352 1422 tutari
374 1362 560 1442 potuerunt,
584 1359 757 1443 quominus
779 1358 921 1423 iudicum
944 1358 1114 1424 sententiis

146 1442 315 1508 damnatus
343 1443 379 1507 in
414 1444 546 1508 exilium
573 1444 661 1508 abire
697 1444 949 1528 cogeretur*’¹‘*).
1001 1443 1114 1508 Oratio

145 1527 302 1593 Dinarchi
330 1551 350 1592 a
378 1527 564 1593 Maetznero
593 1535 626 1592 et
653 1529 724 1611 ipsa
751 1528 990 1609 δευτερολογία
1022 1532 1114 1611 puta-

145 1625 214 1677 tur:
237 1613 270 1677 id
292 1612 379 1698 quod
401 1617 438 1677 ut
459 1613 592 1677 minime
607 1617 738 1696 certum,
761 1612 807 1676 ita
828 1611 994 1694 aliquanto
1017 1634 1115 1695 quam

146 1698 181 1762 in
210 1699 312 1764 altera
345 1698 490 1763 oratione
522 1697 721 1781 probabilius
750 1700 807 1761 est.
850 1695 891 1761 In
917 1696 982 1761 fine
1012 1719 1116 1780 pauca

147 1782 255 1853 deesse
277 1782 438 1848 videntur.

215 2005 241 2070 ¹³)
255 2008 276 2084 ,ξ
295 2008 311 2056 ὅ
324 2002 368 2088 μὴ
388 2002 445 2057 τῶν
462 1994 635 2087 παρ’ἐμοῦ
654 1998 747 2087 lc'pcv
764 1995 883 2083 circaisse
902 1996 1040 2085 {ch'oqrs
1057 1997 1116 2085 uri.

147 2099 180 2111 -
199 2077 214 2124 7
232 2066 284 2124 lov
303 2073 321 2123 δ
352 2069 472 2132 ἕκαστος
489 2088 571 2137 ppos
590 2071 699 2138 βραχεα
718 2068 807 2123 alnov
830 2071 955 2141 καταβῃε
979 2073 1045 2137 qu1d
1063 2089 1115 2134 131-

147 2147 192 2190 tur
210 2142 284 2206 prior
304 2141 352 2191 ille
372 2146 478 2201 orator,
498 2140 522 2190 si
540 2141 610 2203 fuit,
629 2141 752 2190 fecerat?
779 2141 907 2189 omnisne
932 2142 1044 2205 copiose
1070 2156 1116 2188 ex·

147 2209 332 2274 plicaverarn
346 2223 395 2258 cur
416 2208 502 2273 igitur
519 2207 565 2258 hic
583 2214 678 2257 noster
695 2207 725 2256 id
742 2222 798 2257 non
815 2208 913 2272 urget?
938 2224 973 2258 an
991 2208 1116 2258 breviter

148 2275 374 2342 perstrinxerat?
400 2280 430 2325 at
446 2275 476 2325 id
494 2275 518 2324 si
540 2277 685 2338 sumimus,
709 2290 816 2326 omnem
834 2275 914 2326 nobis
932 2276 986 2340 ipsi
1005 2290 1116 2325 eausam

149 2344 279 2424 eripimus
305 2359 354 2394 cur
375 2342 449 2394 hane
474 2343 629 2393 orationem
655 2341 877 2410 δευτερολογίαν
898 2350 1034 2409 putemus.
1071 2343 1115 2395 ef.

150 2413 271 2538 chapp
285 2426 363 2542 (Ψὲ
383 2481 416 2530 14
439 2494 501 2530 cum
523 2477 710 2544 explicatione
727 2477 827 2529 Meieri
846 2476 929 2545 (Allg.
948 2479 1117 2528 Litterstur-

149 2553 204 2616 mg·
217 2547 498 2682 ii’ha'llesleibeiieim
517 2613 638 2681 epistula
656 2614 871 2666 Demosthenica
888 2613 972 2666 tertis
991 2609 1016 2678 (ὅ
1034 2613 1088 2677 82).
