2340 3916
65 206 94 258 p.
113 187 157 240 τε.
276 186 368 237 ΠΕΡΙ
385 184 462 236 τον
478 183 643 239 uranon
659 187 826 240 ΚΛΗΡΟΤ.
970 197 1033 260 113

63 357 211 451 φάσκων
227 353 432 428 οὐδένκαὶ
451 355 565 446 ἐπειδή
583 355 718 446 τάχιστα
737 359 961 451 ἐτελεύτησεν,
982 367 1033 434 ἐν
1052 380 1089 434 38

62 461 172 550 τάφια
202 456 604 550 προπαρασκευασάμενος
633 487 670 528 το
659 456 804 548 μέν’
784 460 946 553 ἀργύριον
977 465 1035 555 ἐμὲ

65 565 222 633 ἐκέλευεν
240 555 447 648 ένεγκεῖν,’
423 588 467 639 ως
484 562 551 629 τοῖν
568 557 751 651 μαρτύρων
770 554 935 650 ήκούσατε
952 593 1035 656 μαρ-

64 659 301 754 τυρησάντων,
325 655 548 748 ἀπειληφέναι
570 661 607 730 δέ
630 689 720 751 παρα
708 656 837 732 τούδε
859 685 1035 754 προσεποι-

65 780 152 851 εῖτο,
176 789 244 850 παρ
247 757 363 882 έμού
386 762 424 831 δέ
446 757 555 830 ούιιέτι
580 757 705 848 ήθελεν
727 756 972 852 ἀπολαβεῖν,“
951 791 1035 835 υπο-

63 866 259 953 παρωθων,
289 859 389 942 ὅπως
404 864 529 941 ἐκεῖνος
565 866 678 950 δοκοίη
712 860 856 934 θάπτειν
883 860 967 934 ἀλλά
989 864 1034 954 μή

65 960 185 1054 έγοδ
151 991 210 1034 τον
227 961 370 1033 πάππον.
407 959 693 1084 ἀμφισβητοῦντος
713 965 749 1033 δὲ
766 963 887 1035 τούτου
905 969 1019 1035 καὶ
977 995 1035 1054 της

63 1074 175 1146 οίκίας
198 1063 320 1152 ταύτης
343 1066 484 1134 καίνων
507 1060 617 1135 ἀλλων
641 1093 690 1134 ων
714 1067 839 1146 ἐκεῖνος
868 1070 1033 1157 κατέλιπε,

64 1197 123 1269 και
110 1158 246 1237 οὐδέν
264 1164 448 1254 φάσκοντος
466 1166 753 1255 καταλελοιπέναι,
772 1165 955 1254 βιάσασθαι
972 1170 1035 1258 μέν

62 1264 123 1338 και
143 1263 204 1336 τὸν
221 1264 356 1336 πάππον
375 1268 574 1356 μεταφέρειν
597 1269 634 1335 έν
655 1283 728 1347 ταῖς
751 1266 919 1350 τοιαύταις
942 1266 1035 1339 ἀκαι-

61 1378 158 1461 ρίαις
181 1363 243 1437 ούιι
267 1365 369 1460 ᾤμην
385 1372 474 1455 δεῖν,
498 1369 697 1455 τῶνφίλων
720 1397 775 1457 μοι
792 1372 898 1440 ταῦτα
920 1392 1034 1459 συγγι-

60 1467 307 1560 γνωσκύυτων,
336 1475 538 1538 σννεποίουν
558 1467 595 1537 δέ
612 1470 667 1537 καὶ
685 1470 914 1559 συνέθαπτον,
935 1460 1034 1553 ἕξων

60 1568 82 1642 ὁ
100 1568 238 1649 πάππος
255 1572 408 1638 κατέλιπε
425 1572 492 1638 των
504 1564 731 1658 ἀναλωμάτων
743 1573 958 1659 γιγνομένων.
977 1574 1033 1641 καὶ
1051 1596 1087 1650 39

59 1675 175 1743 ταῦτα
192 1666 312 1757 μδν“
270 1697 375 1749 ουτως
387 1665 613 1756 ἀναγκασθεὶς
626 1673 751 1759 ἔπραξα
761 1669 925 1740 τούτον
892 1699 950 1740 τον
960 1669 1033 1760 τρύ·

60 1789 151 1842 πον·
174 1767 264 1850 ὅπως
289 1772 325 1839 δὲ
349 1773 454 1859 μηδέν
478 1797 542 1857 μου
559 1767 664 1858 ταύτη
682 1779 929 1861 πλεονεκτοῖεν,
951 1768 1032 1860 παρ’

60 1869 154 1962 ύμῖν
170 1869 353 1959 φάσκοντες
371 1867 473 1939 οὐδέν
490 1897 531 1958 με
549 1877 596 1950 είς
613 1867 674 1957 τήν
691 1867 802 1960 ταφήν
814 1866 1032 1960 ἀνηλωκέναι,

60 1972 126 2044 τὸν
147 1968 306 2059 ἐξηγητὴν
324 1968 478 2061 ἐρόμενος
497 1973 626 2039 ἐκείνου
644 1968 860 2052 κελεύσαντος
877 1968 1034 2059 ἀνήλωσα

60 2069 152 2163 παρ’
184 2075 328 2161 ἐμαυταν
356 2074 411 2141 καὶ
441 2069 481 2140 τά
505 2078 605 2141 ἔνατα
628 2069 809 2160 έπήνεγκα,
835 2067 879 2152 ἀς
901 2069 975 2143 οἶόν
997 2101 1035 2142 τε

60 2173 229 2252 κάλλιστα
246 2169 518 2262 παρασκευάσας,
543 2177 599 2241 ἵνα
623 2168 735 2241 αύτων
759 2171 932 2262 έκκόψαιμι
955 2172 1034 2243 ταύ-

60 2304 129 2363 την
154 2270 216 2360 τήν
239 2278 446 2364 ἱεροσυλίαν,
477 2273 532 2341 καὶ
555 2269 678 2360 ἵναμή
703 2278 833 2343 δοκοῖεν
856 2263 949 2343 οὗτοι
972 2276 1035 2363 μὲν

60 2374 278 2462 ἀνηλωκέναι
295 2373 416 2462 πάντα,
436 2377 499 2460 έγω
489 2368 556 2441 δὲ
573 2369 686 2461 οὐδέν,
705 2369 813 2442 ἀλλἐ
797 2382 918 2462 ομοίως
931 2371 1031 2463 κάγώ.

146 2476 214 2544 Καὶ
231 2503 271 2543 τα
259 2472 349 2564 μέν
365 2475 585 2563 γεγενημένα,
609 2475 665 2542 καὶ
691 2468 739 2542 δι’
765 2468 787 2541 ἀ
802 2471 842 2542 τά
859 2472 1034 2563 πράγματα
1051 2487 1088 2536 40

60 2572 166 2649 ταῦτ’
193 2582 325 2665 ἔχομεν,
349 2572 469 2664 σχεδόν
495 2602 527 2642 τι
544 2577 626 2642 ταύτ
629 2563 821 2660 ’έστίν,
794 2601 819 2641 ω
843 2569 978 2662 ἀνδρες
1005 2582 1036 2644 εί

62 2681 106 2748 δε
134 2682 275 2764 εἰδείητε
297 2673 359 2763 τήν
383 2677 564 2753 Διοκλέους
593 2670 847 2762 ἀναισχυντίαν,
878 2676 1034 2793 καὶπερὶ

60 2779 106 2851 τά
132 2775 216 2846 ἀλλα
239 2772 308 2856 οἷός
331 2780 436 2864 ἐστιν,
467 2770 531 2845 ούκ
553 2768 596 2844 ἀν
623 2769 832 2861 ἀπιστήσαιτ’
862 2783 942 2855 ἴσως
965 2804 1034 2846 των

62 2880 255 3000 εἰρημένων
278 2873 403 2946 ούδενί.
444 2864 540 2955 ούτος
562 2903 625 2997 μεν
647 2871 710 2966 γάρ
736 2882 801 2964 ἔχει
823 2871 885 2963 τήν
901 2872 1032 2966 ούσίαν,

63 2976 130 3070 ἀφ’
151 2968 191 3066 ής
207 2982 273 3048 νύν
292 2982 360 3046 ἐστι
373 2975 532 3098 λαμπρός,
551 2971 739 3066 ἀλλοτρίαν,
757 2973 914 3064 ἀδελφων
930 3005 1034 3068 τριων

67 3079 283 3171 ὁμομητρίων
308 3076 494 3168 ἐπικλήρων
529 3081 816 3166 καταλειφθεισων
850 3073 952 3148 αύτόν
986 3106 1032 3148 τω

66 3182 171 3271 πατρὶ
190 3175 303 3250 αύτοῐν
322 3177 523 3266 εἰσποιήσας,
542 3173 705 3267 οὐδεμίαν
723 3181 852 3249 ἐκείνου
864 3181 940 3269 περὶ
957 3178 1032 3249 τού-

67 3311 138 3351 των
160 3283 385 3370 ποιησαμένου
409 3277 584 3367 διαθήκην.
625 3295 701 3348 ταῖν
725 3275 757 3348 δ’
776 3276 940 3367 ἀδελφαῖν
957 3294 1034 3348 ταῖν
1049 3298 1085 3350 41

71 3389 171 3454 δυοῖν
189 3379 304 3469 ε’πειδή
321 3378 361 3451 τά
378 3380 527 3473 χρήματα
546 3377 771 3470 εἰσεπράττετο
781 3375 847 3449 ύπὸ
864 3383 933 3449 των
950 3382 1033 3447 έκεί-

69 3512 145 3565 ναις
162 3481 429 3573 συνοικούντων,
447 3479 507 3552 τδν
524 3480 586 3569 μὲν
597 3477 659 3568 τήν
669 3482 898 3573 πρεσβυτέραν
917 3486 1033 3570 ἔχοντα

119 3598 232 3650 Imus.
857 3594 878 3659 8
