2340 3916
149 181 282 243 XXXII
370 159 374 165 ’
428 191 476 239 ιιπ
498 190 579 238 τιτι».
603 189 840 252 nmmum.

149 350 186 413 δέ
207 345 404 428 πραγμάτων
426 346 464 411 τὸ
487 345 645 425 εὔκαιρον,
668 348 725 424 τῆς
747 347 783 411 δέ
805 348 996 424 καταςκευῆς
1018 346 1056 410 τὸ
1078 346 1119 426 μὴ

149 434 301 513 τραγικὸν
325 432 403 511 μηδὲ
424 429 567 508 ὀγκῶδες
588 430 662 515 ἐχῃ·
684 435 784 496 ταῦτα
804 431 868 509 γὰρ
891 431 1019 510 μέγιςτα
1040 429 1119 497 ἐκεί-

150 539 211 584 νου
233 520 293 583 τού
315 516 435 596 ἀνδρὸς
456 514 523 581 ίδιά
545 516 640 581 ἐςτιν
663 515 852 596 Ὑπερείδου
876 515 1006 593 λεγέτω.

234 606 395 684 Longinus
418 607 471 684 qui
495 605 607 665 dicitur
628 601 701 679 περὶ
723 600 830 680 ὕψους
851 605 1011 665 XXXIV:

22 754 25 761 ,
235 687 267 750 Εἰ
290 687 319 751 δ’
340 684 478 769 ἀριθμῷ,
504 687 545 766 μὴ
568 692 613 768 τῷ
636 686 760 764 μεγέθει
782 685 922 765 κρίνοιτο
945 686 984 749 τὰ
1006 706 1119 764 κατορ-

25 832 28 837 .
150 773 300 855 θώματα,
328 771 434 836 ούτως
464 770 504 836 ἂν
532 771 584 836 καὶ
605 770 777 850 Ὑπερίδης
797 776 844 854 τῷ
866 771 963 836 παντὶ
984 771 1120 851 προέχοι

150 856 389 937 Δημοςθένους.
432 855 497 921 ἐςτι
528 857 591 935 γὰρ
625 854 727 920 αὐτού
760 854 1037 934 πολυφωνότερος
1071 856 1121 919 καὶ

150 943 283 1008 πλείους
313 940 429 1020 ἀρετὰς
457 940 544 1020 ἔχων
573 940 627 1006 καὶ
655 941 770 1020 ςχεδὸν
792 939 935 1020 ὕπακρος
957 940 992 1006 ἐν
1015 943 1120 1022 πᾶςιν,

150 1027 196 1092 ῶς
218 1026 238 1090 6
260 1026 455 1107 πένταθλος,
484 1026 563 1090 ῶςτε
590 1031 657 1091 τῶν
684 1027 742 1107 μέν
770 1025 939 1105 πρωτείων
967 1025 1002 1090 ἐν
1026 1024 1121 1089 ἅπαςι
1161 1062 1164 1093 ;

149 1112 245 1194 (τοῖς)
267 1117 334 1175 τῶν
357 1109 466 1176 ἄλλων
490 1110 677 1186 ἀγωνιςτῶν
693 1109 864 1194 λείπεεθαι,
886 1109 1065 1189 πρωτεύειν
1086 1111 1121 1174 δέ
1162 1116 1165 1195 ᾗ

150 1202 217 1263 τῶν
245 1195 392 1261 ἰδιωτῶν.
437 1194 455 1258 6
483 1195 541 1275 μέν
571 1215 608 1273 γε
630 1195 801 1274 Ὑπερίδης
828 1195 911 1272 πρὸς
939 1199 985 1278 τῷ
1015 1195 1121 1260 πάντα
1162 1200 1165 1261 ί

151 1281 212 1347 ἐξω
235 1300 272 1357 γε
300 1282 356 1356 τῆς
386 1280 559 1345 ςυνθέςεως
582 1282 736 1360 μιμεῖςθαι
762 1280 803 1345 τὰ
824 1279 1046 1360 Δημοςθένεια
1068 1299 1121 1343 κα·
1163 1294 1165 1301 ’

150 1366 342 1444 τορθῶματα
373 1364 425 1427 καὶ
451 1364 509 1428 τὰς
535 1363 690 1430 Λυςιακὰς
724 1364 759 1430 ἐκ
786 1367 937 1444 περιττοῦ
964 1364 1121 1441 περιείλη-

151 1470 214 1531 φεν
236 1447 354 1529 ἀρετάς
374 1467 410 1514 τε
431 1449 482 1512 καὶ
503 1449 641 1527 χάριτας.
678 1449 812 1527 καὶγὰρ
835 1451 928 1514 λαλεῖ
948 1450 1026 1529 μετὰ
1042 1449 1121 1528 ἀφε-

150 1533 249 1613 λείας,
280 1533 359 1599 ἔνθα
385 1533 464 1616 χρή,
492 1533 544 1598 καὶ
572 1532 612 1598 οὐ
640 1532 747 1598 πάντα
769 1533 840 1611 ἑξῆς
859 1533 911 1598 καὶ
932 1534 1123 1611 μονοτόνως

150 1620 196 1685 ὡς
218 1619 237 1683 6
259 1619 470 1698 Δημοςθένης
492 1617 587 1696 λέγει,
610 1616 648 1682 τό
671 1638 706 1684 τε
726 1617 838 1696 ἠθικὸν
861 1617 928 1696 ἔχει
944 1619 1022 1696 μετὰ
1045 1622 1121 1695 γλυ-

149 1706 285 1783 κύτητος
313 1703 402 1789 [ἡδὺ]
431 1707 527 1769 λιτῶς
554 1701 816 1783 ἐφηδυνόμενον·
844 1701 966 1782 ἄφατοί
989 1722 1024 1766 τε
1048 1703 1121 1782 περὶ

150 1789 250 1855 αὐτόν
274 1787 349 1855 εἰςιν
373 1787 540 1870 ἀςτείςμοί,
565 1789 683 1868 μυκτὴρ
706 1788 967 1870 πολιτικώτατος,
989 1797 1009 1863 θ
1032 1788 1121 1865 εὐγέ-

151 1895 232 1957 νεια,
254 1875 293 1939 τὸ
314 1875 395 1939 κατὰ
416 1874 474 1938 τὰς
496 1873 660 1952 εἰρωνείας
686 1872 931 1956 εὐπάλαιςτρον,
954 1873 1121 1952 ςκῶμματα

152 1960 212 2024 οὐκ
234 1957 358 2038 ἄμουςα
381 1957 451 2023 οὐδ’
473 1957 630 2036 ἀνάγωγα
656 1959 737 2024 κατὰ
764 1959 841 2023 τοὺς
862 1957 1023 2022 Ἀττικοὺς
1045 1956 1121 2022 ἐκεί-

152 2065 231 2111 νους
252 2042 305 2125 ἅμ’
327 2043 517 2128 ἐπικείμενα,
540 2044 709 2123 διαςυρμός
731 2062 766 2108 τε
789 2041 945 2110 ἐπιδέξιος
967 2043 1021 2107 καὶ
1034 2041 1120 2107 πολὺ

151 2131 189 2194 τὸ
212 2130 352 2206 κωμικὸν
373 2129 426 2192 καὶ
447 2130 525 2208 μετὰ
547 2131 676 2193 παιδιᾶς
698 2127 853 2208 εύςτόχου
873 2127 1027 2208 κέντρον,
1055 2125 1120 2207 ἀμί-

152 2233 253 2295 μητον
284 2213 320 2277 δέ
350 2210 452 2287 εἰπεῖν
481 2213 519 2275 τὸ
549 2211 584 2278 ἐν
616 2215 690 2276 πᾱςι
721 2211 850 2276 τούτοις
882 2211 1119 2291 ἐπαφρόδιτον·

153 2294 341 2364 οἰκτίςαςθαί
355 2315 390 2361 τε
412 2294 686 2378 προςφυέςτατος,
709 2294 755 2360 ἐτι
777 2297 815 2360 δέ
836 2299 1053 2377 μυθολογῆςαι
1074 2315 1123 2361 κε-

153 2382 293 2463 χυμένος
314 2381 366 2446 καὶ
388 2381 424 2447 ἐν
445 2379 535 2463 ὑγρῷ
556 2380 712 2458 πνεύματι
735 2381 928 2448 διεξοδεῦςαί
957 2403 987 2445 τι
1008 2380 1123 2461 εὐκαμ-

154 2469 216 2546 πὴς
238 2467 360 2546 ἄκρως·
384 2465 491 2545 ὥςπερ
507 2465 616 2544 ἀμέλει
631 2466 671 2529 τὰ
686 2465 744 2545 μέν
760 2466 834 2544 περὶ
848 2467 906 2545 τὴν
921 2465 1014 2544 Λητὼ
1030 2487 1122 2544 ποιη-

153 2552 324 2631 τικώτερα,
346 2549 405 2615 τὸν
427 2549 456 2616 δ’
478 2549 650 2629 ἐπιτάφιον
673 2551 886 2617 ἐπιδεικτικῶς
909 2551 955 2615 ὡς
978 2550 1038 2615 οὐκ
1062 2548 1124 2616 οἷδ’

154 2636 251 2702 εἴτις
274 2635 373 2699 ἄλλος
396 2633 528 2698 διέθετο.
568 2634 586 2698 6
610 2636 645 2699 δέ
660 2635 870 2716 Δημοςθένης
885 2634 1124 2714 ἀνηθοποίητος

155 2721 337 2800 ἀδιάχυτος,
361 2718 469 2797 ἥκιςτα
490 2718 590 2799 ὑγρὸς
605 2720 624 2798 6
641 2719 856 2793 ἐπιδεικτικός,
879 2719 1036 2785 ἁπάντων
1053 2719 1124 2798 ἑξῆς

154 2809 222 2870 τῶν
244 2804 488 2883 προειρημένων
504 2805 584 2869 κατὰ
597 2804 636 2869 τὸ
650 2805 753 2871 πλέον
775 2803 918 2885 ἄμοιρος.
956 2804 1035 2870 ἐνθα
1051 2806 1123 2885 μέν·

154 2911 206 2955 τοι
227 2892 357 2966 γελοῖος
379 2887 463 2956 εἶναι
485 2889 623 2969 βιάζεται
643 2891 696 2954 καὶ
718 2889 853 2974 ἀςτείος,
877 2890 917 2954 ού
938 2890 1066 2966 γέλωτα
1080 2910 1124 2956 κι-

151 2977 206 3041 νεῖ
227 2977 351 3054 μᾶλλον
373 2976 393 3054 6
415 2978 640 3056 καταγελᾶται,
663 2974 743 3041 ὅταν
766 2977 802 3040 δὲ
823 2974 957 3053 ἐγγίζειν
979 2974 1057 3059 θέλῃ
1079 2981 1125 3060 τῷ

156 3059 301 3139 ἐπίχαρις
322 3058 416 3143 εἶναι,
438 3060 511 3125 τότε
532 3061 635 3126 πλέον
658 3058 832 3141 ἀφίςταται.
869 3062 908 3126 τό
929 3061 967 3136 γέ
986 3081 1036 3126 τοι
1051 3060 1127 3140 περὶ

155 3144 284 3225 Φρύνης
304 3145 324 3224 6
347 3144 581 3224 Ἀθηνογένους
602 3144 747 3223 λογίδιον
766 3145 964 3227 ἐπιχειρήςας
986 3145 1125 3226 γράφειν

156 3229 202 3295 ἐτι
225 3233 348 3311 μᾶλλον
370 3230 410 3295 ἂν
426 3229 599 3311 Ὑπερίδην
615 3230 809 3310 ςυνέςτηςεν.
848 3229 919 3297 ἀλλ’
938 3230 1125 3314 ἐπειδήπερ,

157 3313 255 3395 οἶμαι,
278 3316 318 3381 τὰ
340 3317 397 3394 μέν
421 3315 559 3396 θατέρου
581 3318 673 3398 καλὰ,
696 3317 747 3382 καί
763 3315 790 3381 εἰ
805 3316 923 3400 πολλὰ,
945 3314 1034 3395 ὅμως
1049 3315 1124 3399 ἀμε-

155 3400 234 3480 γέθη
255 3401 306 3466 καὶ
329 3398 383 3466 οἷα
404 3401 570 3483 νήφοντος
592 3402 677 3481 ἀργὰ
705 3402 757 3466 καὶ
778 3403 837 3468 τὸν
866 3400 1026 3480 ἀκροατὴν
1051 3400 1124 3482 ἠρε-

148 3488 227 3566 μείν
255 3486 361 3554 ἐῶντα
388 3524 431 3534 -
458 3487 565 3554 οὐδεὶς
590 3489 672 3565 γοῦν
694 3487 868 3567 Ὑπερίδην
895 3487 1124 3564 ἀναγινιύςκων
