2340 3916
305 220 439 275 ΚΑΤΑ
463 219 842 278 ΚΤΗΣΙΦΩΝΤΟΣ.
994 216 1054 281 197
1131 274 1134 279 .

42 387 87 441 ι58
104 378 228 462 νόμων,
244 375 447 463 Ἀριστείδην
463 377 499 445 δέ
518 379 579 445 τὸν
597 374 676 456 τοδς
689 378 816 462 φόρους
827 380 969 459 τάξαντα
987 396 1055 458 τοῖς

96 475 269 560 Ἕλλησιν,
292 467 335 541 οὗ
351 476 608 562 τελευτήσαντος
627 473 686 554 τὰς
700 480 888 561 θυγατέρας
898 480 1055 558 ἐξέδωκεν

105 572 122 641 ὁ
135 580 255 661 δῆμος,
269 576 498 659 σχετλιάζοντα
511 577 562 643 ἐπὶ
574 581 620 661 τῷ
631 582 688 661 τῆς
699 575 913 663 δικαιοσύνης
925 602 1055 663 προπη-

103 681 253 763 λακισμῷ
264 674 318 741 καὶ
328 677 561 758 ἐπερωτῶντα,
574 677 604 740 ελ
613 670 675 740 οὐκ
687 672 896 759 αἰσχύνεσθε,
910 680 941 742 ελ
951 678 985 741 οἱ
993 676 1055 760 μὲν

104 777 240 855 πατέρες
258 768 534 859 ὑμῶν”Αρθμιον
551 772 611 840 τόυ
627 779 782 859 Ζελείτην
805 781 987 859 κομίσαντα
1010 780 1055 853 είς

103 870 165 957 τήν
174 869 313 938 Ἑλλάδα
329 870 366 940 τὸ
379 875 416 940 έκ
428 872 560 958 Μήδων
571 879 725 957 χρυσίον,
749 875 994 960 ἐπιδημήσαντα
1009 881 1054 952 εἰς

103 969 162 1056 τήν
174 970 287 1054 πόλιν,
310 972 475 1057 πρόξενον
485 970 567 1039 ὄντα
583 978 643 1039 τοῦ
658 972 767 1059 δήμου
777 982 845 1040 τῶν
855 973 1053 1061 Ἀθηναίων,

103 1069 176 1154 παρ’
196 1068 298 1138 οὐδὲν
315 1071 377 1157 μὲν
392 1064 503 1156 ήλθου
519 1069 725 1157 άποκτεῖναι,
749 1072 948 1158 ἐξεκήρυξαν
970 1072 1001 1141 δ’
1019 1077 1053 1142 ἐκ

101 1178 158 1255 τῆς
170 1171 295 1250 πόλεως
305 1173 360 1239 καὶ
373 1174 406 1252 ἐξ
417 1163 594 1258 ἆπάσηςής
602 1169 773 1257 Ἀθηναῖοι
784 1170 954 1256 άρχουσιυ,
962 1168 1055 1258 ὑμεῖς

42 1268 84 1321 ²59
102 1272 137 1335 δὲ
147 1277 389 1355 Δημοσθένην,
409 1267 450 1337 οά
468 1276 649 1355 κομίσαντα
665 1266 701 1336 τὸ
714 1271 750 1337 έκ
761 1270 894 1355 Μήδων
904 1280 1052 1356 χρυσίου,

101 1369 184 1437 άλλά
198 1370 476 1456 δωροδοκήσαντα
486 1371 542 1437 καὶ
554 1374 600 1437 ἔτι
611 1371 667 1437 καλ
677 1378 742 1437 νῦν
753 1372 965 1456 κεκτημένον,
972 1395 1054 1455 χρυ-

101 1476 148 1557 σῷ
162 1468 315 1558 στεφάνῳ
330 1472 464 1555 μέλλετε
476 1477 676 1554 στεφανοῦν.
710 1474 933 1555 Θεμιστοκλέα
952 1469 1054 1538 δὲκαὶ
1069 1487 1121 1543 648
1155 1524 1157 1529 .

102 1566 179 1646 τους
198 1571 234 1634 ἐν
250 1575 445 1654 Μαραθῶνι
460 1568 721 1654 τελευτήσαντας
737 1571 792 1635 καὶ
811 1566 889 1645 τοὺς
906 1571 943 1636 ἐν
953 1576 1054 1655 χΠλα-

99 1682 204 1746 ταιαῖς
225 1671 280 1737 καὶ
303 1666 426 1747 αὐτους
443 1666 522 1746 τούς
538 1667 667 1753 τάφους
687 1664 766 1745 τοὺς
785 1674 853 1732 τῶν
875 1666 1053 1750 προγόνων

100 1765 162 1834 οὐκ
174 1778 287 1835 οἴεσθε
299 1769 482 1851 στενάξειν,
496 1772 525 1833 εἰ
535 1763 553 1834 ὁ
564 1763 645 1851 μετά
657 1765 918 1852 τῶνβαρβάρων
931 1763 1053 1850 ὁμολο-

99 1863 967 1950 γωντοῐςἝλλησινἀντιπράττεινστεφανωθήσεται;

42 1969 81 2023 [60
181 1961 261 2047 Ἐγώ
280 1966 341 2048 μέν
358 1955 438 2049 οὖν,
462 1955 546 2048 οδγή
564 1963 619 2029 καὶ
631 1960 703 2048 ήλιε
718 1964 773 2030 καὶ
787 1960 886 2048 άρετή
899 1965 954 2031 καὶ
968 1963 1053 2031 σάν·
1163 2038 1167 2045 ,

100 2084 167 2140 εσις
187 2064 243 2130 καὶ
267 2067 415 2147 παιδεία,
438 2053 462 2150 ή
481 2061 767 2146 διαγιγνώσκομεν
782 2058 823 2128 τά
842 2059 927 2129 καλά
945 2061 1051 2130 καὶτὰ

99 2162 232 2248 αἰσχρά,
255 2161 451 2249 βεβοήθηκα
469 2163 525 2230 καὶ
543 2170 666 2248 ελρηκα.
700 2163 755 2229 καὶ
766 2167 797 2229 εί
805 2161 867 2247 μὲν
878 2168 986 2241 καλῶς
997 2164 1052 2230 καὶ

99 2262 195 2342 ἀξίως
206 2270 268 2330 τοῦ
279 2260 479 2349 άδικήματος
496 2261 724 2347 κατηγόρηκα,
749 2259 844 2330 εἷπον
855 2259 899 2340 ὡς
911 2263 1051 2348 ἐβουλό-

99 2390 181 2448 μην,
196 2368 226 2430 εἰ
236 2362 272 2431 δὲ
283 2365 513 2448 ἐνδεεστέρως,
529 2357 573 2440 ὡς
585 2360 764 2448 ἐδυνάμην.
797 2357 888 2447 ὑμεῖς
900 2360 936 2428 δὲ
949 2364 1002 2429 καὶ
1015 2365 1050 2430 έκ

97 2468 166 2527 των
186 2464 368 2547 εἰρημένων
391 2459 503 2544 λόγων
520 2462 576 2527 καὶ
592 2463 629 2527 ἐκ
648 2469 715 2528 τῶν
734 2461 1048 2547 παραλελειμμένων

98 2558 192 2625 αὐτοὶ
212 2557 253 2625 τά
272 2563 381 2626 δι’καια
399 2559 453 2625 καὶ
470 2557 510 2625 τά
530 2561 742 2644 συμφέροντα
758 2555 841 2645 ὑπὲρ
854 2566 910 2645 τῆς
922 2558 1050 2638 πόλεως

98 2663 300 2743 ψηφίσασθε.
