2340 3916
10 160 12 171 ’
54 214 81 267 9.
96 196 141 251 ει.
202 196 294 248 Imm
310 195 386 247 τον
404 195 678 247 Δικαιουεεουε
694 197 859 249 maror.
971 202 1015 267 65

58 362 351 457 ξηπατήθημεν’
330 362 392 436 υπ’
420 362 546 453 αὐτῶν,
575 396 601 436 ω
589 358 753 457 ἀνδρες
773 367 931 458 οὔτεγὰρ
949 381 1013 439 Δι·

58 472 226 557 καιογένης
251 465 292 537 τά
311 465 372 537 δόο
390 469 472 584 μέρη
489 462 570 555 ἡμῖν
587 496 647 537 τον
637 467 790 559 κλήρου
807 472 1013 559 παρέδωκεν,

10 572 20 657 ξ
58 565 256 659 ὁμολογήσας
292 571 344 637 ἐπὶ
378 571 439 637 τοῦ
465 573 694 690 δικαστηρίου,
731 567 808 639 οὔτε
833 568 1012 659 Λεωχάρης

10 720 20 759 4.
58 665 207 761 ὁμολογεῖ
223 663 508 757 ἐγγυήσασθαι’
464 697 569 739 αυτον
580 697 664 739 τοτε
691 677 798 740 καίτοι
811 678 840 740 εἰ
857 698 901 759 μη
891 667 1013 740 ἐυαν-
1030 694 1067 746 20

19 800 24 826 -·
59 779 126 841 τίον
150 771 276 860 μὲν
229 798 297 839 των
316 772 497 857 δικαστῶν,
524 769 785 841 πεντακοσίωυ”
768 799 892 857 οντων,
921 774 1015 841 ἐναυ-

60 879 126 941 τίον
151 872 188 941 δὲ
213 873 281 940 τών
306 867 567 960 περιεστηκότων
592 867 748 959 ἠγγυᾶτο,
774 867 837 941 οόκ
863 867 929 941 οἶδ’
948 867 967 939 ὅ
983 899 1016 940 τι

62 964 99 1041 δν
124 975 285 1060 ἐποίησεν.
330 965 375 1050 ώς
401 971 462 1058 μὲν
478 978 594 1041 τοίνυν
611 976 801 1064 περιφανῶς
819 971 1014 1059 ψεύδονται,

61 1070 220 1163 μάρτυρας
237 1067 319 1160 ὑμῖν
336 1069 549 1160 παρεχόμεθα
573 1070 650 1153 τούς
676 1072 852 1162 παρόντας,
880 1070 933 1142 ὅτε
952 1085 1014 1142 Λι·

62 1175 225 1260 καιογένης
249 1172 310 1261 μὲν
337 1168 495 1259 ἀφίστατο
521 1190 593 1242 τοῖν
612 1179 708 1243 δυοῖν
725 1190 841 1263 μεροῖν
859 1177 920 1243 606
936 1172 1013 1261 κλή-

62 1300 118 1361 ρου
142 1275 197 1343 καὶ
222 1268 382 1394 ὡμολόγει
406 1268 681 1362 ἀναμφισβήτητα
704 1273 917 1365 παραδώσειν
940 1290 1012 1354 ταῖς

63 1377 290 1495 Δικαιογὲνους
316 1369 494 1461 ἀδελφαῖς,
522 1373 699 1463 Λεωχάρης
723 1371 803 1444 δὲ’
783 1379 930 1462 ηγγυᾶτο
953 1371 1013 1444 66-

62 1470 114 1543 τόν
130 1502 150 1542 α
138 1469 352 1563 “ώμολόγησε
369 1475 424 1541 καὶ
442 1472 600 1561 ποιήσειν
622 1474 766 1564 δεόμεθα
779 1477 816 1544 δὲ
833 1470 925 1544 καὶ
906 1478 1013 1563 υμών,

64 1600 88 1641 ω
76 1562 235 1662 ἄνδρες,
263 1585 358 1654 εἴτις
377 1571 533 1663 ε’τόγχανε
550 1573 667 1666 παρών
683 1573 772 1696 τότε,
799 1573 1013 1663 ἀναμνησθή-

10 1762 15 1771 ,
64 1700 112 1743 ναι
137 1682 167 1744 εἰ
190 1678 328 1764 λε’γομεν
354 1670 466 1761 ἀληθῆ
491 1678 545 1744 καὶ
571 1672 772 1764 βοηθήσατ’
754 1693 849 1764 ημῖν
878 1678 966 1761 ἐπεί,
986 1664 1014 1743 ώ
1030 1703 1063 1780 ².¹

10 1788 14 1867 ξ
63 1768 192 1865 ἀνδρες,
220 1782 251 1844 ελ
267 1779 486 1862 Δικαιογένης
503 1772 615 1863 άληθή
631 1780 736 1863 λέγει,
763 1784 798 1845 τι
812 1771 906 1863 ήμεῖς
924 1771 1012 1862 ώφε-

10 1872 14 1975 J
62 1872 202 1964 λοόμεθα
218 1874 428 1964 νικήσαντες,
455 1904 475 1961 η
493 1905 525 1944 τι
541 1866 637 1956 οὗτος
656 1874 822 1965 ἐζημιώθη
839 1871 1012 1963 ήττηθείς;
1104 1866 1109 1876 ’

63 1981 91 2042 ελ
111 1974 173 2067 γάρ
200 1973 324 2063 ἀπέστη
350 1974 453 2064 μόνον
480 1973 539 2064 (ώς
565 1976 661 2065 φησι)
688 1993 761 2047 τοῖν
780 1983 878 2046 δυοῖν
895 1992 1012 2066 μεροῖν

36 2124 39 2130 -
61 2102 115 2145 του
104 2075 267 2168 κλήρου,
287 2073 560 2165 αναμφισβητητα
579 2079 616 2146 δ
632 2107 676 2167 μη
666 2075 704 2165 l
730 2073 890 2166 ὡμολόγει
908 2103 1012 2167 παρα-

10 2220 13 2227 ·
63 2174 198 2299 δήσειν,
218 2185 253 2248 τί
277 2173 489 2266 ἐζημιοάτο’
470 2177 690 2299 αφιστήμενος
717 2167 765 2248 ών
788 2175 886 2266 τιμήν
905 2177 1011 2266 εἷχεν;

60 2272 198 2347 οόδδ
159 2307 223 2369 γαρ
249 2281 329 2365 πρὶν
346 2273 529 2407 ήττηθήναι
547 2276 608 2365 τήν
626 2279 778 2366 δίκην
747 2306 834 2368 ειχεν
852 2267 900 2347 ών
917 2273 1012 2408 ἡμεῖς

61 2376 269 2469 δικαζόμεθα,
287 2373 362 2447 ἀλλ’
389 2385 424 2446 οἱ
438 2376 527 2467 παρά
543 2377 663 2448 τούτου
690 2377 863 2469 πριάμενοι
881 2381 936 2447 καὶ
953 2381 1012 2447 θέ-

56 2506 161 2569 μενοι,
188 2475 238 2560 οἷς
264 2485 333 2549 ἔδει
360 2475 462 2548 αὐτόν
487 2475 655 2549 ἀποδόντα
680 2476 742 2565 τήν
758 2475 856 2566 τιμήν
874 2473 956 2565 ήμῖυ
973 2476 1013 2545 66

55 2582 135 2703 μέρη
160 2577 353 2659 ἀποδοῦναι.
392 2577 447 2647 διά
472 2583 576 2648 ταυτα
600 2577 664 2700 γάρ
683 2582 738 2647 καὶ
755 2576 833 2656 6069
852 2575 1013 2698 ἐγγυητάς
1030 2606 1065 2657 22

55 2677 130 2772 παρ’
158 2677 262 2750 αὐτου
249 2678 457 2768 ἐλάβομεν,
484 2676 525 2748 06
545 2677 755 2759 πιστεύοντες
781 2673 873 2769 αότφ
889 2673 911 2745 6
929 2672 1012 2766 ώμο-

54 2780 172 2869 λόγησε
190 2780 349 2869 ποιήσειν.
386 2777 473 2867 πλήν
490 2777 553 2871 γάρ
582 2786 677 2849 δυοῖν
695 2812 712 2849 ο
715 2785 850 2848 ῖκιδίοιυ
869 2782 930 2862 ἔξω
948 2788 1012 2849 τεί-

51 2910 130 2970 χους
156 2884 212 2951 καὶ
239 2886 275 2951 ἐν
300 2887 415 2973 Πεδίῳ
444 2879 601 2967 ἑξήκοντα
626 2883 783 2970 πλέθρων
800 2875 903 2949 οὐδὲν
921 2908 1012 2950 κεκο-

50 2991 217 3072 μίσμεθα,
244 2979 316 3051 ἀλλ’
345 2986 379 3050 οἱ
401 2978 490 3070 παρά
514 2980 633 3051 τούτου
650 2984 785 3069 θέμενοι
804 2983 858 3049 καὶ
877 2979 1012 3070 πριάμε-

49 3112 111 3153 νοι.
139 3079 234 3172 ἡμεῖς
252 3079 284 3151 δ’
303 3079 366 3151 οὐκ
379 3081 548 3170 ἐξάγομεν·
569 3085 703 3170 δέδιμεν
714 3079 777 3171 γάρ
794 3077 839 3169 μή
857 3077 1014 3171 ὄφλωμεν

50 3190 155 3265 δίκας.
192 3185 248 3253 καὶ
273 3180 339 3273 γάρ
364 3190 537 3270 Μικίωνα,
565 3180 757 3271 κελεόονηος
775 3185 1032 3277 ΛικαιογένουςΙ

49 3286 105 3354 καὶ
123 3283 310 3374 φάσκοντος
328 3281 372 3373 μή
391 3281 606 3372 βεβαιώσειν,
635 3282 804 3371 ἐξάγοντες
823 3285 858 3350 ἐκ
875 3286 937 3351 606
954 3289 1013 3367 βα-

49 3393 186 3457 λανείου
213 3383 368 3474 ώφλομευ
394 3382 631 3474 τετταράκοντα
657 3388 740 3472 μνάς
768 3378 822 3451 διά
839 3384 1014 3467 Δικαιογέ·

48 3515 129 3576 νην,
150 3477 177 3556 ώ
194 3484 325 3577 ἀνδρες.
370 3481 547 3574 ήγοόμενοι
564 3481 626 3574 γάρ
643 3480 705 3554 0666
722 3478 764 3553 ἀν
782 3477 884 3551 αὐτόν
901 3488 1013 3568 βεβαι·
1029 3497 1065 3550 23

104 3604 218 3654 Imus.
840 3598 859 3657 5
