2340 3916
192 203 232 266 16
568 202 783 254 ΔΕΙΝΔΡΧΟΤ

189 362 395 453 Ἀριστείδην
422 364 478 429 καὶ
498 363 734 449 Θεμιστοκλέα,
762 359 842 442 τοὺς
869 358 1090 450 ὀρθώσαντας
1118 362 1159 429 τὰ

190 477 279 558 τείχη
308 472 365 558 τῆς
391 467 518 549 πόλεως
549 469 605 537 καλ
633 467 712 548 τούς
739 468 868 557 φόρους
900 472 947 548 εἰς
975 465 1160 557 άκρόπολιν

84 565 111 751 u
192 573 431 662 ἀνενεγκόντας
462 572 541 664 παρ’
577 575 722 643 ἑκόντων
754 576 810 642 καὶ
842 576 1060 662 βουλομένων
1091 578 1161 643 τῶν

142 697 175 747 38
189 680 372 771 Ἑλλήνων,
396 678 480 751 άλλά
503 682 598 750 ταυτὶ
620 679 661 749 τά
683 679 804 771 μικρὸν
828 679 892 770 πρὸ
916 683 974 768 τῆς
1000 676 1161 769 ἡμετέρας

191 786 322 876 ἡλικίας
345 790 550 878 γεγενημένα
572 782 639 856 ύπὸ
662 788 823 876 Κεφάλου
850 790 912 856 τού
935 787 1076 876 ῥήτορος
1104 789 1161 856 καὶ

194 897 376 985 Θράσωνος
398 897 460 963 τοῦ
479 891 631 984 Ἐρχιέως
654 895 710 963 καλ
730 892 861 963 Ἠλείου
889 896 945 963 καὶ
971 901 1161 983 Φορμισίου

192 1003 248 1070 καλ
267 1004 390 1091 ἑτέρων
414 999 550 1089 ἀνδρῶν
573 998 729 1088 ἀγαθάν,
754 993 802 1069 ὦν
825 1003 925 1069 ἐνίων
949 1006 997 1069 ἔτι
1019 1002 1075 1069 καὶ
1094 1004 1161 1070 νύν

194 1112 230 1196 ζῇ
254 1108 338 1197 (καὶ)
362 1106 403 1176 τά
426 1105 570 1195 σώματα.
606 1107 736 1177 τούτων
759 1106 823 1197 γάρ
847 1111 883 1175 ολ
902 1107 964 1195 μέν
988 1134 1161 1197 φρουρου-

193 1216 294 1300 μένης
317 1209 383 1282 ύτιὸ
403 1218 680 1302 Λακεδαιμονίων
698 1217 756 1302 τῆς
774 1219 944 1302 Καδμείας
966 1212 1161 1301 βοηθήσαν-

193 1347 245 1399 τες
277 1334 347 1400 τοῖς
380 1325 426 1401 είς
460 1320 573 1408 Θήβας
605 1323 757 1389 κατιοῦσι
792 1324 861 1388 τῶν
892 1319 1059 1407 φυγάδων
1089 1335 1162 1401 τοῖς

195 1431 295 1506 ίδίοις
320 1427 497 1508 κινδύνοις
534 1423 774 1516 ἠλευθέρωσαν
805 1426 905 1496 πόλιν
941 1425 1162 1512 άστυγείτονα

144 1548 176 1597 39
194 1534 250 1599 καὶ
280 1531 389 1602 πολύν
421 1533 544 1623 χρόνον
573 1533 821 1620 δουλεύουσαν,
854 1537 890 1601 οί
919 1526 956 1601 δέ
987 1539 1162 1614 πείσαντες

194 1640 343 1719 ἐξελθεῖν
355 1636 452 1727 ύμῶυ
466 1637 544 1719 τούς
557 1640 759 1729 προγόνους,
777 1639 938 1727 Κεφάλου
953 1638 990 1708 τὸ
1005 1639 1162 1728 ψήφισμα

194 1745 400 1834 γράψαντος,
429 1743 466 1826 ὃς
490 1742 531 1815 ού
559 1749 778 1834 καταπλαγεὶς
799 1745 861 1834 τὴν
885 1751 1163 1832 Λακεδαιμονίων

195 1851 356 1939 δύναμιν,
385 1848 465 1920 ούδδ
489 1853 706 1941 λογισάμενος
730 1850 840 1922 ὅτιτὸ
869 1852 1082 1921 κινδυνεύειν
1105 1855 1162 1920 καὶ

194 1956 231 2025 τὸ
251 1958 395 2046 γράφειν
412 1955 496 2049 ὑπὲρ
515 1963 574 2047 της
592 1960 718 2040 πόλεως
741 1961 921 2048 ἐπισφαλές
939 1961 1044 2046 ἐστιν,
1063 1963 1162 2047 ἒγρα-

11 2052 20 2125 ’.·
121 2076 129 2089 ‘
194 2078 258 2144 ψεν
285 2065 405 2144 ἐξιέναι
428 2066 664 2154 βοηθήσοντας
685 2063 888 2152 Ἀθηναίους
914 2079 985 2146 τοῖς
1012 2073 1162 2153 κατειλη-

13 2182 16 2189 ’
107 2159 139 2235 Κ
195 2169 277 2255 φόσι
300 2173 368 2239 τῶν
396 2172 562 2258 φυγάδων
586 2173 711 2260 Θήβας·
739 2174 795 2240 καλ
823 2172 1163 2266 έξελθόντωνωίκεῖσε

14 2330 18 2337 .
122 2279 132 2301 '
194 2278 262 2342 τῶν
286 2272 455 2369 ὑμετέρων
477 2281 629 2368 πατέρων
652 2275 780 2363 ὀλίγαις
801 2266 1162 2367 ἡμέραιςέξεβλήδηό

195 2387 474 2472 Λακεδαιμονίων
497 2383 727 2474 φρούραρχος,
750 2381 981 2473 ηλευδέρωντο
1007 2391 1163 2471 Θηβαῖοι,

196 2493 415 2579 διεπέπρακτο
435 2487 456 2577 ἡ
475 2491 571 2572 πόλις
588 2486 609 2577 ἡ
629 2486 769 2580 ύμετέρα
793 2489 868 2572 άξια
886 2493 955 2559 τόν
973 2490 1163 2580 προγόνων.

144 2610 178 2659 40
197 2595 318 2664 ἐκεῖνοι
344 2588 447 2683 ἦσαν,
471 2598 592 2665 ἐκεῖνοι
617 2589 643 2665 ὦ
664 2594 837 2684 Ἀθηναῖοι
860 2594 947 2678 άξιοι
975 2597 1163 2684 σύμβουλοι

195 2703 251 2768 καὶ
274 2697 433 2789 ἡγεμόνες
455 2699 552 2789 ύμῶν
579 2705 635 2771 καλ
657 2706 718 2772 τού
746 2704 870 2792 δήμου,
894 2702 939 2792 μά
962 2700 1025 2771 Δί’
1057 2701 1098 2771 ού
1121 2703 1163 2772 τά

196 2906 260 2956 mal.
279 2897 514 2970 ἀνορθώσαντες.

264 2977 305 3026 38.
321 2968 457 3040 Ἐρχιέως
465 2977 518 3026 W.:
528 2967 669 3043 Ἐρχιέως.
678 3005 709 3015 -
717 2971 832 3029 Ἠλείου
843 2993 904 3028 curn
915 2976 1034 3030 R.Turr.
1044 2992 1051 3024 ι
1062 2966 1165 3027 Ἠλιοῦ

195 3040 229 3103 N,
235 3033 336 3093 Ἡλίου
345 3059 371 3094 v.
382 3075 416 3084 -
429 3041 480 3094 καὶ
490 3042 751 3111 Φορμ.ΒςΙε.Τοτε.ε
762 3043 920 3111 Φορμισίου
929 3040 1107 3109 (Φορμησίσυ
1116 3044 1162 3107 N).

196 3107 285 3159 -καλ
295 3114 359 3160 ante
370 3103 479 3177 τάσωμ.
487 3111 594 3175 addidi3
605 3109 1164 3176 cf.autemAesch.3,138.-Ka0placN.

265 3180 306 3228 39.
329 3170 362 3229 τὸ
380 3171 457 3258 φηφ.
469 3179 554 3230 Dobr.
568 3180 738 3232 eoll.Aesch.
758 3184 783 3245 3,
803 3182 865 3242 187;
884 3181 950 3231 Din.
966 3183 980 3229 1
999 3179 1014 3240 5
1033 3181 1079 3230 63:
1098 3174 1165 3231 τού·

197 3259 248 3323 τρο
266 3237 343 3311 ψήφ.
363 3245 459 3311 (τουτο
477 3239 510 3298 τό
528 3258 561 3312 φ.
580 3249 615 3299 ci.
634 3245 708 3328 Bk).
727 3275 759 3285 -
789 3238 823 3299 ού
841 3249 907 3298 αντε
925 3265 988 3299 κατ.
1007 3263 1059 3298 om.
1077 3247 1111 3297 N.
1132 3275 1164 3285 -

197 3327 229 3362 το
248 3313 362 3365 κινδυν.
384 3330 435 3365 om.
459 3314 524 3366 mal.
547 3315 643 3379 Wolf.;
670 3331 703 3367 το
726 3309 934 3382 συμβουλεύειν
959 3316 1053 3380 Emp.;
1081 3316 1162 3366 Dem.

198 3378 293 3431 Cheru.
313 3382 346 3432 68
369 3382 405 3432 ef.
423 3382 476 3437 Mr.
494 3410 528 3421 -
557 3382 613 3435 τῶν
637 3388 703 3435 ante
727 3400 795 3450 φυγ.
820 3399 871 3440 om,
893 3398 934 3449 pr.
951 3382 985 3436 A.
1008 3409 1040 3419 —
1070 3373 1165 3434 ἐκεῖσε

195 3447 245 3497 NA
263 3448 330 3499 Bk.:
350 3443 462 3506 ἐκελ-
481 3450 589 3503 Λακεδ.
605 3453 630 3501 N
645 3451 706 3505 Fr.:
726 3449 898 3503 τῶνΛακεδ.
909 3478 941 3488 -
959 3442 1164 3516 ἡλευθέρωντο

185 3515 220 3567 σι’.
240 3515 314 3568 Bk:
333 3508 564 3590 ἠλευθεροῦντο.
577 3511 749 3588 -ἡμετέρα
763 3518 819 3582 Nm,
832 3519 907 3584 quod
917 3519 1042 3584 praefert
1053 3519 1125 3569 Wm.

11 3560 134 3656 ἢ
