2340 3916
149 226 211 292 ιον
267 227 273 234 ·
498 225 755 284 mmor
848 210 850 214 “

150 387 260 475 όληθή
279 389 381 473 λέγω,
404 386 497 454 κάλει
514 410 571 470 μοι
586 382 665 462 τούς
681 383 940 469 σπονδοφόρους
959 388 1013 452 καὶ
1024 410 1103 462 τους

149 484 238 571 παρά
260 486 430 568 Προξένου
460 490 521 550 τοῦ
549 490 735 569 στρατηγοῦ
761 482 1031 569 πρεσβεύσαντας
1056 487 1102 562 είς

149 586 294 669 Φωκέας,
307 580 540 667 Καλλικράτην
551 584 606 649 καὶ
617 583 824 667 Μεταγένην.
836 583 959 668 καὶτῆς
970 585 1103 650 ἐπιστο-

149 690 207 768 λῆς
218 680 382 751 άκούσατε
393 689 451 767 τῆς
461 681 643 764 Προξένου,

353 785 614 847 ΜΑΡΤῬΡῙΑΙ.
637 784 884 848 ΕΠΙΣΤΟΛΗ.

232 878 388 958 Ἀκούετε,
402 869 614 960 ώἈθηναῖοι,
626 884 694 942 τών
704 875 836 961 χρόνων
845 901 1102 962 παραυαγιγνω-
1121 890 1147 944 λέ

149 978 322 1062 σκομένων
339 979 374 1044 έκ
393 982 461 1042 τών
473 978 642 1060 δημοσίων
651 975 856 1061 γραμμάτων
866 978 922 1044 καί
932 984 1001 1044 τών
1012 1003 1101 1062 μαρ-

148 1073 261 1159 τύρων
273 1072 351 1160 ύμῖν
361 1074 798 1160 προσδιαμαρτυρησάντων,
811 1072 862 1142 ὅτι
873 1076 952 1160 πρὶν
963 1076 1017 1160 ἐμὲ
1032 1101 1101 1160 χει-

114 1164 116 1168 ’
149 1179 376 1257 ροτονηθήναι
396 1168 604 1257 πρεσβευτήν
627 1168 792 1248 Φάλαικος
819 1167 837 1238 ό
862 1179 930 1237 τών
953 1175 1099 1239 Φωκέων

147 1269 313 1353 τύραννος
332 1267 412 1354 ἡμῖν
429 1267 490 1353 μὲν
507 1271 561 1336 καὶ
577 1273 851 1354 Λακεδαιμονίοις
867 1268 1013 1356 ήπίστει,
1038 1278 1100 1336 Φι-

148 1374 256 1455 λίππω
272 1365 301 1435 δ’
316 1370 494 1435 ἐπίστευεν.

229 1464 315 1535 Ἀλλ’
329 1460 427 1546 οὗτος
438 1467 539 1553 μόνος
549 1468 586 1534 τό
599 1466 855 1554 συμβησόμενον
865 1465 996 1553 ἠγνόεις
1007 1464 1100 1553 ύμεῖς
1120 1473 1147 1527 13

150 1567 184 1635 δὲ
196 1565 290 1635 αὐτοὶ
309 1571 449 1655 δημοσία
466 1574 536 1645 πώς
548 1570 727 1646 διέκεισθε;
750 1563 792 1633 ού
803 1564 924 1644 πάντες
935 1570 1099 1650 προσεδο-

78 1677 130 1734 θολ
149 1673 226 1733 κάτε
245 1672 413 1734 Φίλιππον
429 1663 645 1732 ταπεινώσειν
662 1671 829 1751 Θηβαίους
845 1661 975 1750 ὁρώυτα
988 1662 1101 1731 αύτών

146 1762 208 1850 τήν
219 1764 413 1850 θρασύτητα
430 1766 485 1830 καὶ
499 1771 548 1852 τῷ
558 1761 602 1849 μή
612 1763 798 1850 βούλεσθαι
809 1763 953 1847 δύναμιν
961 1759 1101 1845 άνθρώ-

148 1888 221 1930 πων
232 1861 378 1930 άπίστων
391 1866 586 1948 ἐπασκήσαι;
599 1862 856 1948 Λακεδαιμόνιοι
868 1862 903 1930 δέ
915 1860 957 1930 ού
969 1860 1047 1948 μεθ’
1059 1858 1100 1948 ή-

148 1969 222 2046 μώυ
233 1958 390 2028 τάναντία
402 1967 559 2047 Θηβαίοις
569 1964 787 2048 ἐπρέσβευον,
809 1963 864 2029 κάὶ
880 1953 1098 2038 τελευτῶντες

149 2062 378 2145 προσέκρουον
395 2068 550 2145 φαυερώς
567 2062 604 2127 έν
620 2064 816 2148 Μακεδονία
835 2061 892 2128 καὶ
908 2064 1099 2147 διηπείλουν

146 2172 213 2236 τοῖς
228 2165 296 2224 τών
313 2164 469 2244 (θηβαίων
487 2161 680 2245 πρέσβεσιν;
703 2157 796 2226 αὐτοὶ
816 2157 851 2226 δὲ
865 2157 928 2226 ούκ
947 2155 1100 2244 ήπόρουυ

148 2259 202 2325 καὶ
219 2259 404 2344 ἐφοβοῦντο
427 2262 462 2325 οί
482 2265 550 2324 τών
573 2263 729 2345 Θηβαίων
749 2262 918 2344 πρέσβεως
942 2259 1100 2325 Θετταλοὶ

149 2355 184 2422 δὲ
202 2352 243 2421 ού
260 2358 446 2440 κατεγέλων
456 2364 523 2423 τών
541 2353 669 2439 άλλων,
692 2353 775 2440 ὑπὲρ
788 2353 901 2422 αύτεδν
912 2355 1098 2440 φάσκοντες

147 2452 208 2538 τήν
220 2461 393 2538 στρατείαν
405 2452 505 2536 εἶναις
528 2461 596 2522 τών
608 2454 639 2522 δ’
652 2457 792 2542 ἑταίρων
802 2456 888 2532 τινες
899 2463 966 2521 τών
978 2461 1100 2521 Φιλίπ-
1117 2461 1147 2515 13

147 2575 213 2617 που
224 2549 265 2618 ού
278 2551 461 2639 διαρρήδην
472 2552 555 2640 πρός
565 2543 657 2631 τινας
665 2552 761 2639 ήμών
770 2559 900 2638 ἔλεγον,
924 2549 975 2619 ότι
992 2549 1049 2630 τάς
1062 2554 1099 2618 ἐν

145 2656 302 2728 Βοιωτοῖς
318 2652 428 2729 πόλεις
444 2666 605 2719 κατοικιεῖ
625 2659 803 2733 Φι’λιππος;
826 2656 965 2739 Θηβαῖοι
983 2648 1016 2717 δ’
1035 2648 1098 2717 οὐκ

145 2748 389 2832 ἐξεληλύθεσαν
401 2750 572 2835 πανδημεὶ,
585 2748 798 2829 ἀπιστοῦντες
812 2764 879 2828 τοῖς
888 2750 1079 2835 πράγμασιν
1087 2778 1096 2829 3

149 2841 229 2926 ύμῖν
246 2842 281 2910 δὲ
297 2843 398 2912 ταῦθ’
416 2842 506 2932 ὀρῶν
523 2845 585 2913 ούκ
604 2853 749 2934 ἐπεμψεν
760 2845 935 2935 ἐπιστολήν
946 2845 964 2916 ὁ
977 2855 1097 2915 Φίλιπ-

76 2960 129 3017 305
146 2965 206 3017 πος
229 2944 346 3021 ἐξιέναι
367 2944 456 3031 πάσῃ
475 2951 517 3031 τή
543 2945 682 3031 δυνάμει
702 2947 935 3034 βοηθήσοντας
955 2961 1023 3026 τοῖς
1045 2951 1098 3014 δι-

144 3047 267 3122 καίοις;
280 3047 314 3108 ολ
323 3042 358 3110 δὲ
372 3050 436 3111 νῦν
445 3048 617 3131 πολεμικοὶ
627 3049 681 3114 καὶ
692 3046 754 3134 τήν
765 3046 900 3134 εἰρήνην
912 3045 1098 3132 αἰυαυδρίαυ

146 3145 325 3216 καλοῦντες
343 3137 385 3206 ού
404 3143 611 3211 διεκώλυσαν
628 3141 715 3230 ὑμᾶς
732 3148 881 3225 ἐξελθεῖν
899 3147 1030 3233 εἰρήνης
1041 3148 1097 3214 καὶ

145 3234 358 3357 συμμαχίας“
340 3252 419 3357 υμῖν
429 3245 666 3364 γεγενημένης,
681 3247 824 3312 δεδιέναι
835 3243 1039 3329 φάσκοντες,
1050 3271 1095 3331 μη

144 3334 223 3414 τούς
240 3336 439 3419 στρατιώτας
455 3336 551 3426 ύμοδν
569 3339 715 3463 ὁμήρους
732 3342 817 3430 λάβη
830 3348 1007 3423 Φίλιππος;
1030 3341 1094 3410 πό·
1114 3355 1147 3409 13

140 3459 170 3497 ἴ
159 3458 241 3514 θον
259 3426 325 3502 οὖν
340 3434 405 3522 ἐγώ
422 3436 501 3518 τούς
519 3441 708 3527 προγόνους
729 3441 880 3509 ἐκώλυσα
904 3437 965 3507 τόν
989 3445 1097 3527 δημον
