2340 3916
374 326 377 331 .
437 249 730 308 ΕΠΙΣΤΟΛΑΙ.
1003 246 1063 310 211

78 426 93 483 7
113 410 242 497 άγαθης
263 408 352 497 ὑμεῖς
373 411 558 494 δεομένους.
591 406 769 493 προσήκειν
790 401 853 474 οὖν
874 417 1062 497 μεμνῆσθαι

113 509 168 575 καὶ
180 506 266 592 ὑμᾶς
277 505 530 592 ὑπελάμβανον,
549 503 599 581 ὅτι
606 503 794 590 Ἀθηναίοις
803 505 863 590 μὲν
876 509 1062 574 ἐπιστέλλο-

67 605 70 611 ’
113 632 185 690 μεν,
197 604 383 690 Ἀθηναίοις
395 605 429 672 δὲ
441 602 503 670 οὐκ
515 607 552 670 ἐν
560 600 608 682 οἷς
616 610 837 691 Θεμιστοκλῆς
848 604 1061 673 ἐπολιτεύσα-

112 728 159 785 το7
172 698 238 768 άλλ’
248 709 281 768 οἳ
289 699 347 780 τόις
358 701 419 787 μὲν
430 700 562 786 γυάμας
573 703 627 768 καὶ
634 700 691 778 τάς
699 702 829 787 νοήσεις
835 705 970 769 ἐκείνων
977 712 1059 787 λ’σας,

111 797 169 876 τάς
180 802 329 884 μέντοιγε
341 800 423 883 πρὸς
435 797 513 876 τούς
529 802 693 885 πολέμους
705 797 857 887 ἀφορμάς
874 799 934 887 οὐχ
947 799 1060 886 ὁμοίας

111 903 250 982 ἔχουσιν.
285 901 353 966 ἐπεὶ
375 899 525 965 δότωσαν
536 898 597 984 μὲν
617 896 696 985 ἡμῖν
714 908 902 982 τριακοσίας
916 900 1061 985 τριήρεις

113 1004 146 1064 οί
160 998 199 1064 τά
220 1007 276 1084 τῆς
293 997 446 1078 Ἑλλάδος
462 996 536 1078 άξια
552 999 737 1085 γράφοντες
748 998 843 1085 ἡμῖν,
863 999 1014 1066 δότωσαν
1026 998 1061 1065 δὲ

114 1097 289 1180 τρισμύρια
313 1098 457 1163 τάλαντα
475 1096 639 1181 άργυρίον
660 1100 713 1165 καὶ
740 1105 878 1184 χρυσίου
900 1095 1057 1182 άπέφθου

113 1200 268 1279 δισχίλια,
291 1195 442 1261 δότωσαν
462 1196 497 1263 δὲ
513 1194 648 1281 ἀνδρῶν
665 1200 703 1263 ἐν
719 1197 784 1284 ἥβη
810 1199 896 1264 νέων
918 1204 1056 1263 τοσοῦτο
1072 1211 1124 1266 689

114 1301 259 1380 πλῆθος,
285 1292 348 1379 ἤδη
365 1299 645 1380 γεγυμνασμένων
662 1299 698 1363 ἐν
716 1294 847 1376 ὅπλοις·
881 1302 934 1366 καὶ
946 1298 1060 1382 μηκέτι

80 1411 96 1461 ε
114 1398 441 1481 σνμβουλευέτωσαν.
476 1394 569 1463 αὐτοὶ
587 1395 651 1481 γάρ
664 1396 838 1483 είδήσομεν
849 1394 871 1463 δι’
881 1395 941 1482 χρὴ
955 1395 1060 1479 πράτ-

112 1522 196 1579 τειν,
210 1496 390 1580 δυνάμενοι
401 1492 440 1561 τά
455 1495 594 1575 δόξαντα
607 1496 779 1582 πράττειν,
798 1496 879 1581 μηδὲ
895 1499 1059 1583 ῥαψωδεί-

111 1617 222 1661 τωσαν
240 1595 346 1680 μάτην
370 1598 582 1672 ἐπαινοῦντες
603 1592 700 1681 ἡμῶν
721 1593 799 1671 τούς
820 1594 1008 1678 προγόνους
1024 1618 1059 1658 τε

112 1698 166 1762 καὶ
177 1696 238 1779 την
248 1694 377 1780 χάραν,
402 1695 451 1761 ότι
462 1697 615 1778 ἐγένοντο
628 1697 665 1759 ἐν
676 1690 761 1779 αὐτῇ
777 1695 831 1758 καὶ
846 1691 928 1774 ὑπὲρ
946 1689 1058 1775 αὐτῆς,

112 1797 316 1877 εἰσεγένοντο
330 1796 365 1857 ἐν
378 1791 461 1878 αὐτῇ
475 1796 508 1857 οί
516 1797 599 1856 θεοί.
625 1792 694 1857 ἐπεὶ
706 1790 858 1857 πύθεσθε
872 1787 1003 1875 αὐτῶν,
1029 1796 1062 1855 τί

111 1897 147 1957 ἐν
167 1899 207 1978 τῇ
229 1893 303 1974 περὶ
321 1891 529 1974 Χαιρώνειαν
551 1890 637 1976 μάχη
658 1888 720 1974 τὴν
741 1890 841 1957 πόλιν
863 1889 970 1973 εόνησε
992 1896 1059 1954 των

110 1991 312 2075 Ἀθηναίων,
330 1990 380 2056 ότι
392 1990 493 2076 ’Ἀρης
510 1987 593 2073 πρός
609 1995 804 2057 Ποσειδῶνα
821 1987 1060 2073 ὑπὲρἈλιρρο-

77 2102 92 2154 9
113 2097 193 2156 θίου
212 2093 246 2155 ἐν
266 2087 377 2179 Ἀρείηι
394 2091 488 2178 πάγῳ
507 2094 641 2176 ἐκρίθη·
674 2086 742 2157 ἄλλ’
761 2097 791 2157 εί
808 2089 891 2175 πρός
909 2086 1059 2155 Ἀντίπα-

112 2217 208 2275 τρου,
237 2187 259 2274 η’
283 2189 372 2266 ὅστις
391 2189 491 2268 άλλος
512 2189 733 2257 ΜακεδόνωνΙ
746 2186 919 2275 βασιλεὺς,
951 2192 1063 2254 ίκανοί

112 2292 208 2373 ἐσμεν
227 2287 472 2373 ἀγωνίσασθαι,
494 2294 594 2355 τοῦτο
611 2286 672 2375 χρη
693 2286 837 2355 σκοπεῖν.
870 2283 935 2352 κάν
951 2288 1058 2352 ἱκανοὶ

111 2381 215 2474 εἶμεν,
228 2388 341 2473 άγαθῇ
352 2390 433 2475 τάχη
444 2387 666 2475 ἀναλαβόντες
677 2390 716 2455 τά
729 2386 815 2456 όπλα
828 2385 955 2464 εὐθέως
966 2390 1060 2453 ἐλευ-

110 2497 265 2572 θερσῖμεν
275 2488 353 2566 τούς
362 2488 535 2573 Ἕλληνας·
558 2495 588 2555 εί
598 2489 633 2554 δὲ
649 2488 771 2554 τούτου
782 2486 842 2571 μὲν
855 2484 1060 2570 ὀλιγωρήσο-

112 2613 190 2671 μευ,
202 2587 462 2670 κολακευόμενοι
475 2590 509 2652 δέ
518 2583 757 2670 ἡσθησόμεθα,
777 2592 844 2660 πῶς
857 2582 897 2649 οὐ
907 2582 987 2668 μετά
999 2583 1061 2649 τοῦ

113 2691 223 2751 δοκεῖν
234 2687 361 2762 ἑαυτοῖς
372 2694 469 2751 αλτιοι
480 2689 653 2769 γεγονέναι
662 2690 731 2750 τῶν
742 2688 943 2768 συμφοράν,
963 2678 981 2749 δ
994 2682 1058 2767 μό·
1077 2700 1128 2758 690

111 2811 173 2850 νον
195 2783 273 2852 οὐδὲ
295 2790 513 2869 παραμυθίαν
537 2788 601 2868 ἔχει
622 2796 689 2860 τοῖς
710 2789 819 2859 κακῶς
845 2780 1057 2864 πράττουσιν,

60 2907 94 2957 10
111 2884 333 2969 άτυχησομενς
356 2889 422 2949 ἔστι
445 2881 480 2949 δὲ
501 2885 555 2949 καί
577 2882 703 2959 πόλεως
721 2883 774 2947 καὶ
785 2878 908 2963 άνδρός
921 2872 959 2946 εὖ
972 2907 1058 2965 φρο-

111 2990 251 3059 νοῦντος
263 2988 361 3066 ἔργον
379 2979 463 3066 πρός
473 2979 531 3059 τάς
548 2981 718 3066 παρούσας
730 2977 882 3065 άφσρμάς
894 2977 976 3063 ὑπὲρ
989 2987 1056 3047 τῶν

111 3080 289 3163 παρόντων
306 3082 572 3167 βουλεύσασθαι·
604 3077 640 3147 τό
661 3080 696 3147 δέ
713 3078 774 3166 τὴν
791 3081 852 3164 μὲν
868 3081 994 3164 τόλμαν
1013 3086 1058 3147 εί*

110 3176 148 3244 τά
161 3178 351 3264 πράγματα,
374 3175 422 3258 οἷς
440 3184 641 3266 ἐπιχειρεῖτε,
664 3183 699 3247 ἐκ
712 3186 768 3264 τῆς
784 3178 936 3258 πρόσθεν
947 3178 1060 3263 ίσχόος

110 3282 210 3360 ἔχειν,
235 3273 296 3360 την
319 3276 353 3342 δὲ
373 3276 470 3362 ίσχύυ
491 3278 592 3344 πάλαι
614 3274 689 3344 ποτ’
710 3278 879 3362 ἐσχηκέναι
900 3277 1057 3363 μεγάλην,

110 3370 209 3460 ὅμοιά
220 3400 258 3458 γε
269 3379 423 3458 φαίνεται
430 3425 439 3458 ,
453 3373 563 3458 ὥσπερ
574 3371 618 3440 άυ
632 3384 663 3442 εί
671 3401 718 3452 τις
729 3372 922 3459 Ὀλυμπίασι
934 3374 1059 3442 πολλά-

109 3501 159 3550 κις
182 3473 318 3559 νικήσας
337 3470 478 3559 Ιὕστερον
497 3479 605 3561 γέρων
624 3469 673 3542 τόν
690 3471 921 3622 άπογράφρηητο
940 3480 989 3540 ἔτι
1007 3477 1070 3539 «καλ

126 3590 129 3594 ⁴
892 3566 910 3599 κ
