2340 3916
57 169 81 218 p.
98 149 139 204 ω.
192 151 283 202 ΠΕΡι
299 151 375 202 νου
393 151 693 204 ουοκυεαοαοε
710 153 874 206 mom
973 159 1016 221 79

56 320 141 418 ἀλλμ
159 323 226 393 τινί
244 319 372 416 τρόπῳ,
400 325 455 393 καὶ
475 326 511 392 ἐκ
527 320 655 393 τούτων
673 330 799 394 ἔσοιντο
818 331 865 394 ἔτι
882 333 1015 414 μείζους

10 460 12 505 5
58 429 229 514 διαφοραί,
249 428 403 513 ἔπειθον,
431 414 612 514 ύάνδρες,
635 420 694 494 τόν
713 423 942 515 Φιλοκτήμονα
961 431 1013 497 ἐοῖ-

55 546 105 594 σαι
133 532 323 612 εἰσαγαγεῖν
347 527 468 596 τούτου
493 521 552 595 τόν
576 531 681 596 παῖδα
708 520 764 613 ἐφ’
791 522 840 606 οἷς
868 525 969 616 ἐζήτει
992 523 1010 599 ὅ

58 622 255 715 Εὐκτήμων,
274 633 396 716 χωρίου
415 631 453 697 ἓν
471 622 581 696 δόντα.
618 628 674 696 καί
691 621 710 696 ὁ
730 625 947 716 Φιλοκτήμων
964 636 1016 706 αἰῑ
1030 650 1065 701 επ

56 724 251 816 σχυυόμενος
269 726 331 815 μὲν
349 728 402 796 ἐπὶ
418 729 462 817 τή
478 728 540 796 τού
551 724 673 818 πατρὸς
692 723 805 818 ἀνοίᾳ,
825 724 960 818 ἀπορεῖν
979 725 1012 798 δ’
1152 732 1156 739 ’

57 823 116 897 ότι
134 825 291 919 χρήσαιτο
318 829 366 921 τῷ
382 826 521 918 παρόντι
539 830 646 920 κακῷ,
673 824 738 897 ούκ
763 825 940 916 ἀντέλεγεν
957 825 1013 898 ού-

58 931 116 998 δίν.
168 923 443 1017 ὁμολογηθέντων
477 928 514 998 δὲ
539 927 683 1016 τούτων,
718 929 774 998 καί
802 933 1013 1018 εἰσαχθέντος

56 1031 110 1098 τού
132 1026 252 1109 παιδός
277 1031 331 1098 ἐπὶ
356 1027 502 1117 τούτοις,
529 1024 701 1118 ἀπηλλάγη
726 1032 784 1118 τής
809 1028 968 1117 γυναικός
994 1027 1013 1100 ὅ

58 1125 253 1218 Εὐκτήμων,
271 1131 327 1199 καί
346 1133 533 1213 ἐπεδείξατο
549 1126 601 1200 ὅτι
618 1126 658 1198 ού
677 1136 810 1200 παίδων
824 1134 921 1200 ἕνεκα
940 1130 1013 1218 ἐγύ-

58 1257 121 1319 μει,
147 1226 222 1298 ἀλλ’
248 1235 306 1300 ἵνα
321 1232 443 1301 τούτου
470 1228 647 1318 εἰσαγάγοι.
684 1237 720 1298 τί
733 1228 796 1321 γάρ
824 1237 893 1300 ἔδει
911 1229 1014 1302 αὐτόν
1030 1238 1065 1292 ²5

58 1346 186 1419 γαμεῖν,
213 1319 485 1422 ω’Ἀνδρόκλεις,
512 1342 627 1422 εἰπερ
651 1335 724 1401 οἵδε
747 1321 834 1419 ήσαν
857 1336 889 1415 ἐξ
909 1329 1015 1403 αύτού
1094 1381 1097 1387 ·

59 1433 107 1500 καὶ
131 1428 289 1519 γυναικός
314 1428 433 1521 ἀστής,
461 1427 506 1512 ὥς
523 1429 566 1501 σύ
583 1429 856 1554 μεμαρτύρηκας,
882 1441 932 1513 τίς
949 1431 1014 1524 γάρ

59 1523 95 1600 ἂν
110 1539 266 1620 γνησίους
292 1528 389 1613 ὄντας
415 1528 484 1612 οἷός
510 1561 547 1601 τε
573 1561 617 1621 ην
634 1535 782 1602 κωλύσαι
807 1541 1013 1620 εἰσαγαγεῖν,

60 1625 144 1717 ήδιά
170 1640 206 1702 τί
230 1635 282 1702 ἐπὶ
309 1637 419 1724 ῥητοῖς
438 1629 540 1703 αὐτόν
565 1632 735 1722 εἰσήγαγε,
761 1636 823 1702 τού
838 1632 944 1722 νόμον
961 1660 1013 1702 κε-

59 1731 205 1814 λεύοντος
216 1731 363 1814 ἅπαντας
380 1731 457 1814 τούς
474 1741 632 1822 γνησίους
645 1740 831 1823 ἰσομοίρους
849 1732 1014 1803 εἶναιτῶν

59 1831 230 1927 πατρῴων,
255 1828 277 1923 ή
305 1833 412 1905 διὰτί
431 1832 490 1904 τόν
512 1835 574 1924 μὲν
597 1831 825 1925 πρεσβύτερον
847 1851 920 1904 τοῖν
937 1842 1012 1905 παί-
1030 1843 1067 1898 26

52 1938 125 2012 ,δοιν
153 1936 206 2017 ἐπὶ
224 1938 335 2025 ῥητοῖς
363 1932 532 2025 εἰσήγαγε,
560 1936 622 2004 τού
640 1935 678 2004 δὲ
695 1936 860 2025 νεωτέρου
877 1932 943 2024 ήδη
959 1964 1012 2024 γε·

55 2033 183 2137 γονότος
207 2032 287 2105 οὐδὲ
311 2035 411 2124 λόγον
433 2039 573 2106 ἐποιεῖτο
597 2039 716 2120 ζῶντος
739 2035 744 2123 Ι
769 2035 1012 2126 Φιλοκτήμονος

58 2131 127 2204 οὔτε
143 2133 226 2227 πρὸς
252 2134 354 2207 αύτόν
381 2140 509 2207 ἐκεῖνον
539 2133 617 2207 οὔτε
643 2134 725 2227 πρὸς
750 2134 827 2217 τούς
853 2144 1011 2223 οἰκείους,
1141 2178 1146 2195 ι

58 2232 109 2316 οὓς
126 2235 168 2306 σύ
186 2239 253 2307 νύν
272 2236 456 2329 διαρρήδην
473 2235 725 2329 μεμαρτύρηκας
750 2245 909 2326 γνησίους
927 2238 1013 2308 εἰναι

58 2339 108 2407 καί
125 2336 349 2429 κληρονόμους
366 2343 434 2410 των
450 2334 673 2428 Εύκτήμονος.
707 2342 818 2408 Ταῦτα
834 2346 951 2409 τοίνυν
969 2334 1013 2418 ἀς

57 2433 164 2527 ἀληθή
181 2441 284 2530 λέγω,
302 2436 533 2529 ἀναγίγνωσκε
549 2436 607 2519 τὰς
625 2447 828 2530 μαρτυρίας..

361 2631 364 2637 ·
424 2604 636 2656 ΜΑΡΤΤΡΙΑΙ.

125 2740 223 2815 Μετά
248 2748 355 2815 ταῦτα
380 2751 497 2816 τοίνυν
523 2740 541 2815 ὃ
570 2741 788 2832 Φιλοκτήμων
805 2746 1014 2834 τριηραρχεῖν
1030 2759 1064 2809 27

10 2840 13 2893 Ρ
52 2849 126 2937 περὶ
146 2854 230 2916 Χίον
247 2841 453 2934 ἀποθνήσκει
479 2841 545 2916 ύπὸ
562 2847 629 2915 τεόν
646 2852 828 2933 πολεμίων·
856 2839 874 2914 ὁ
895 2839 927 2913 δ’
945 2840 1012 2914 Εύ·

51 2946 184 3037 κτήμων
201 2942 343 3038 ὕστερον
360 2944 468 3039 χρόνω
480 2943 561 3037 πρός
577 2943 656 3026 τούς
673 2941 833 3033 κηδεστής
852 2943 944 3015 ἐἶπεν
962 2941 1014 3016 ὅτι

50 3047 205 3136 βούλοιτο
230 3043 271 3117 τοὶ
296 3045 377 3140 πρὸς
402 3045 461 3118 τόν
486 3045 562 3117 υίόν
587 3052 622 3117 οἰ
645 3047 859 3137 πεπραγμένα
883 3043 1013 3136 γράψας

50 3151 267 3220 καταθέσθαι.
304 3152 359 3219 καί
375 3142 394 3218 ὁ
412 3149 473 3238 μὲν
492 3146 722 3238 Φανόστρατος
749 3150 882 3216 ἐκπλεῖν
900 3153 1014 3235 ἔμελλε

49 3250 258 3341 τριηραρχεῖν
284 3247 365 3340 μετά
387 3251 568 3338 Τιμοθέου,
597 3250 651 3318 καί
669 3243 690 3336 ή
707 3250 790 3327 ναῦς
808 3243 900 3340 αύτῷ
916 3245 1013 3338 ἐξωρ-

50 3381 102 3442 μει
113 3358 343 3441 Μουνυχίασι,
362 3353 418 3421 καὶ
436 3345 453 3420 ὁ
472 3348 633 3438 κηδεστής
644 3351 785 3439 Χαιρέας
800 3344 916 3438 παροίν
933 3367 1014 3416 συν·

50 3456 252 3525 ἀπέστελλεν
270 3449 388 3525 αὐτόν·
406 3445 425 3522 ό
445 3447 477 3521 δ’
496 3446 684 3540 Εύκτήμων
701 3445 905 3541 παραλαβών
921 3474 1014 3531 τινας
