2340 3916
277 218 398 274 ΠΕΡΙ
415 219 716 276 ΠΑΡΑΠΡΕΣΒ
729 221 853 279 ΕΙΑΣ.
977 220 1039 282 105

13 390 66 447 145
87 379 184 462 ἐμοῦ·
209 375 334 455 πάντας
350 374 414 462 γάρ
433 380 556 461 λέγειν,
578 374 622 455 άς
638 379 786 464 χρήματα
803 385 866 465 ἔχω
877 380 1039 464 παράΦι-

86 481 217 544 λίππον.
240 470 280 542 εύ
292 474 322 543 δ’
337 485 423 561 ῖστε,
437 468 651 562 ύἈθηναῖοι,
664 476 714 544 ὅτι
724 487 878 548 πλεῖστον
888 484 1039 569 διαφέρει

85 575 177 661 φήμη
189 580 244 643 καί
256 580 470 661 συκοφαντία.
494 576 587 662 φήμη
600 576 661 662 μὲν
674 574 739 661 γάρ
751 575 793 645 ού
803 595 959 647 κοινωνεῖ
966 584 1039 647 δια-

83 680 185 761 βολή,
209 670 345 760 διαβολή
364 672 400 740 δὲ
417 671 566 759 άδελφόν
582 676 650 741 ἐστι
661 678 716 742 καὶ
727 684 944 762 συκοφαντία.
967 684 1038 746 διο-

84 780 145 856 ριῶ
159 771 191 839 δ’
209 770 320 840 αὐτῶν
331 773 489 858 ἑκάτερον
501 780 624 858 σαφῶς.
643 773 736 861 φήμη
753 777 816 860 μέν
827 779 932 860 ἐστιν,
955 772 1038 844 ὅταν

84 868 120 937 τὰ
139 879 269 957 πλῆθος
285 880 353 938 τῶν
370 878 514 938 πολιτῶν
534 870 721 956 αὐτόματον
733 876 769 939 ἐκ
781 877 942 960 μηδεμιᾶς
953 899 1037 956 προ-

87 970 220 1055 φάσεως
231 973 309 1060 λίγη
321 970 394 1038 τινά
408 968 451 1049 ὦς
469 974 693 1057 γεγενημένην
710 976 844 1058 πρᾶξιν·
864 995 1036 1061 συκοφαν-

84 1076 136 1137 τία
153 1066 187 1136 δ’
206 1073 310 1156 ἐστὶν,
333 1069 415 1137 ὅταν
432 1071 515 1153 πρὸς
529 1070 608 1149 τούς
619 1071 763 1151 πολλούς
775 1068 820 1152 εἰς
830 1071 916 1159 άνήρ
929 1082 1037 1144 αἰτίαν

84 1167 236 1254 ἐμβαλάν
256 1175 345 1237 ἔατε
363 1184 433 1248 ταῖς
450 1174 633 1255 ἐκκλησίαις
651 1169 794 1250 άπάσαις
815 1173 897 1257 πρός
920 1200 955 1241 τε
976 1173 1037 1259 τήν

82 1267 210 1355 βουλήν
222 1271 382 1359 διαβάλλη
393 1269 476 1338 τινά.
499 1273 554 1337 καί
566 1278 607 1356 τῇ
617 1271 678 1356 μὲν
690 1273 784 1359 φήμη
796 1275 936 1360 δημοσίᾳ
947 1273 1037 1341 θύο-

83 1393 144 1452 μεν
162 1368 205 1446 ὡς
222 1376 309 1456 θεῷ,
332 1377 399 1435 τῶν
417 1368 453 1436 δὲ
468 1378 690 1454 συκοφαντῶν
708 1369 753 1449 ὦς
764 1371 965 1456 κακούργων
975 1376 1037 1456 δη-

82 1472 181 1553 μοσίμ
193 1465 361 1553 προβολάς
372 1467 569 1554 ποιούμεθα.
589 1467 633 1554 μή
647 1461 710 1536 σύν
722 1470 847 1555 σύναγε
859 1478 905 1549 εἰς
914 1469 1037 1539 ταύτόν

82 1564 122 1633 τά
133 1565 290 1633 κάλλιστα
301 1580 368 1645 τοῖς
379 1574 564 1652 αἰσχίστοις.

10 1681 64 1736 146
162 1662 232 1731 Ἐπὶ
248 1673 381 1744 πολλοῖς
397 1665 458 1751 μὲν
475 1660 539 1734 οὖν
556 1671 658 1752 ἔγωγε
675 1663 747 1733 τοῖν
757 1670 1036 1754 κατηγορημένων
1053 1677 1104 1731 312

81 1762 313 1851 ήγανάκτησα,
332 1765 472 1849 μάλιστα
484 1765 518 1832 δὲ
528 1761 627 1850 ἡνίκα
640 1762 754 1852 η’τιοῖτό
765 1792 806 1851 με
817 1765 899 1832 εἰναι
910 1765 1034 1849 προδό-

82 1891 158 1952 την·
181 1862 248 1950 άμα
265 1865 329 1949 γάρ
340 1878 410 1941 ταῖς
420 1869 537 1943 αἰτίαις
548 1864 683 1942 ταύταις
696 1871 847 1950 φανῆναί
858 1890 897 1949 με
909 1868 960 1929 δεῖ
969 1873 1035 1948 θη-

82 1963 185 2049 ριώδη
203 1964 258 2031 καὶ
273 1962 334 2048 τήν
358 1960 468 2047 ψυχήν
490 1960 655 2049 ἄστοργον
677 1966 733 2031 καί
754 1972 888 2042 πολλοῖς
913 1965 1034 2046 ἑτέροις

81 2060 290 2150 ἁμαρτήμασι
307 2063 472 2147 πρότερον
490 2067 617 2148 ἔνοχον.
640 2070 701 2130 τοῦ
717 2062 779 2148 μὲν
791 2055 854 2130 ούν
864 2064 947 2147 ἐμοῦ
958 2069 1035 2148 βίον

81 2165 135 2229 καί
147 2170 205 2248 τῆς
216 2159 296 2228 καθ’
316 2159 443 2247 ἡμέραν
456 2166 579 2248 διαίτης
589 2160 677 2248 ύμάς
689 2162 888 2248 δοκιμαστὰς
899 2162 1035 2240 ίκανούς

81 2259 164 2328 εἶναι
176 2267 311 2348 νομίζω·
323 2259 345 2328 δι’
356 2261 388 2330 δ’
400 2264 468 2330 ἕστί
477 2278 545 2342 τοῖς
556 2262 617 2348 μὲν
628 2271 761 2341 πολλοῖς
772 2259 956 2345 άσύνοπτα,
969 2274 1035 2338 τοῖς

83 2360 118 2428 δὲ
129 2373 281 2446 χρηστοῖς
290 2358 348 2439 τάς
361 2358 468 2445 ψυχάς
484 2363 636 2445 μέγιστα,
658 2361 788 2428 τούτων
800 2360 880 2445 ύμῖν
890 2357 930 2426 τά
943 2368 1034 2427 πλεῖ-

80 2480 141 2526 στα
158 2461 213 2527 καί
229 2466 339 2538 καλῶς
356 2465 472 2544 ἔχοντα
489 2463 525 2526 ἐκ
538 2466 607 2526 τῶν
617 2463 707 2544 ἐμάν
718 2458 803 2545 ὁράν
814 2456 1033 2544 άναβιβώμαι,

79 2555 124 2623 ἵν’
140 2561 247 2643 εἰδήτε
258 2554 315 2634 τάς
331 2555 410 2642 ε’μάς
428 2557 725 2643 παρακαταθήκας,
748 2553 787 2634 ἃς
804 2562 1035 2624 οἰκοικαταλι-

10 2667 61 2725 147
79 2653 153 2722 πων
164 2661 210 2733 εἰς
221 2658 439 2721 Μακεδονίαν
451 2657 664 2743 ἐπρέσβευσα.
686 2653 729 2722 σύ
746 2656 807 2740 μὲν
817 2653 899 2739 γάρ,
925 2647 951 2720 τά
961 2662 1034 2739 Λη-

78 2753 260 2838 μόσθενες,
280 2761 384 2821 ταῦτα
395 2754 528 2822 ἐπλάσω
539 2752 592 2821 ἐπ’
604 2753 677 2840 ἐμὲ,
700 2749 764 2839 ἐγω
777 2750 808 2820 δ’
823 2749 867 2832 ὡς
878 2753 1032 2819 ἐπαιδεύ-
1051 2770 1102 2828 313

78 2863 146 2938 θην
163 2856 216 2920 καὶ
234 2856 370 2932 δικαίως
387 2855 593 2940 ἐξηγήσομαι.
619 2853 733 2922 οὑτοσὶ
750 2856 811 2940 μέν
822 2880 878 2939 μοι
889 2855 957 2921 ἐστὶ
968 2878 1034 2920 πα-

79 2950 139 3038 τήρ
159 2950 371 3038 Ἀτρόμητος,
394 2950 514 3038 σχεδόν
537 2954 764 3040 πρεσβύτατος
780 2960 849 3020 τῶν
870 2959 1031 3019 πολιτῶν·

79 3057 132 3136 ἔτη
150 3051 215 3139 γάρ
231 3051 296 3139 ήδη
320 3060 483 3140 βεβίωκεν
503 3054 703 3139 ἐνενήκοντα
721 3055 776 3120 καὶ
800 3056 955 3136 τέτταρα,
977 3052 1033 3119 καὶ

79 3157 287 3239 συμβέβηκεν
299 3150 388 3242 αὐτῷ
407 3155 471 3240 νέῳ
482 3151 544 3237 μὲν
555 3148 643 3235 άντι,
655 3155 735 3234 πρὶν
745 3149 807 3237 τήν
819 3148 937 3218 ούσίαν
948 3147 1031 3216 άπο-

78 3251 170 3317 λε’σαι
187 3249 241 3317 διά
254 3252 314 3318 τὸν
326 3251 489 3336 πόλεμον,
507 3248 625 3317 άθλεῖν
634 3257 681 3335 τῷ
693 3250 836 3335 σώματι,
859 3249 1032 3316 ἐκπεσόντι

79 3350 114 3415 δὲ
131 3346 197 3417 ύπό
217 3358 285 3417 τῶν
301 3350 478 3434 τριάκοντα
496 3346 736 3432 στρατεύεσθαι
753 3349 813 3433 μὲν
825 3352 861 3416 ἐν
872 3356 914 3436 τῇ
927 3345 1029 3434 Ἀσίᾳ,

79 3445 266 3529 ἀριστεύειν
284 3447 315 3515 δ’
334 3451 370 3515 ἐν
389 3464 456 3527 τοῖς
473 3449 659 3532 κινδύνοις,
682 3447 766 3515 εἰναι
787 3445 818 3514 δ’
837 3451 874 3514 ἐκ
892 3453 1031 3532 φατρίαις
