2340 3916
127 188 149 250 4
480 183 701 237 Annomon

128 356 206 409 κως
247 325 504 416 ἀνθρώπους
545 323 861 412 ἀπολέσαντες,
904 323 1098 395 ἑάλωσαν

129 428 226 519 παρ’
258 427 363 516 ἀμίν
387 430 793 516 ψευδομαρτυριῶν,
824 422 933 514 ἡνίκ’
969 425 1098 497 οὐδὲν

129 523 178 619 ἦν
203 537 261 600 ἔτι
285 532 414 599 πλέον
437 542 529 608 τοῖς
553 528 825 597 πεπονθόσιν.
875 526 989 597 ὁπότ’
1019 519 1098 597 οὖν

129 631 203 722 ἤδη
228 632 361 700 πολλὰ
386 634 565 700 τοιαῦτα
591 629 830 718 γεγένηται,
855 629 967 710 είκός
991 629 1099 717 ὖμάς

132 738 217 805 ε’στι
254 733 371 821 μήπω
402 732 502 812 τούς
538 736 621 799 τῶν
656 731 905 819 κατηγόρων
941 730 1100 817 λόγους

130 834 313 914 πιστούς
337 834 544 923 ἡγεῖσθαι.
580 839 618 902 εί
639 831 714 921 μὲν
732 832 811 923 γάρ
836 833 953 902 όεινά
972 859 1100 921 κατη-

130 938 307 1027 γόρηται
332 933 440 1024 ἣμη,
472 929 630 1003 οἷόντε
655 936 883 1020 γνοῖναιέκ
913 937 994 1003 τῶν
1024 939 1099 1004 τοῦ

131 1037 370 1127 κατηγόρου
389 1036 538 1123 λόγων·
559 1042 597 1105 εἰ
613 1036 658 1104 δὲ
676 1034 812 1125 ἀληθῆ
831 1037 963 1106 ταῦτά
988 1039 1101 1106 ἐστιν

131 1137 325 1228 ἣψευδῆ,
349 1138 423 1225 οὐχ
448 1133 542 1207 ολόν
565 1165 606 1207 τε
623 1137 733 1226 όμάς
757 1137 964 1228 πρότερον
987 1139 1098 1207 είὸἑ-

132 1269 201 1310 ναι
219 1239 320 1327 πρὶν
344 1236 395 1308 ἀν
413 1240 482 1309 καὶ
501 1242 601 1326 ἐμοῦ
631 1238 842 1328 ἀκούσητε
860 1239 1102 1326 ἀπολογου-

133 1344 276 1432 με’νου.

98 1460 114 1511 8
211 1446 338 1513 Σκοπῶ
363 1440 426 1530 μὲν
453 1432 517 1510 οὖν
542 1448 666 1531 ἔγωγε,
691 1434 717 1510 ὦ
741 1441 881 1533 ἀνδρες,
905 1442 1012 1512 πόθεν
1039 1442 1103 1532 χρὴ

134 1543 302 1633 ἀρξασθαι
314 1547 373 1632 της
387 1543 587 1633 ἀπολογίας,
605 1544 749 1633 πότερον
764 1547 800 1614 ἐκ
813 1546 884 1612 τῶν
897 1551 1102 1614 τελευταίων

134 1646 264 1734 λόγων,
284 1645 329 1726 οἱς
344 1645 550 1735 παρανόμως
568 1673 608 1733 με
624 1647 810 1734 ἐνέδειξαν,
828 1642 849 1733 ἣ
863 1647 940 1735 περὶ
958 1650 1019 1714 τοῦ
1034 1659 1103 1734 ψη-

135 1756 303 1838 φίσματος
322 1751 384 1817 τοῦ
401 1747 621 1836 Ἰσοτιμίδου,
639 1746 686 1828 τός
704 1746 835 1836 ἀκυρόν
854 1750 943 1817 ἐστιν
953 1799 963 1835 ,
987 1743 1008 1834 ἢ
1025 1749 1103 1835 περὶ

135 1855 204 1919 τῶν
213 1850 331 1939 νόμων
345 1850 403 1918 καί
416 1851 486 1917 τῶν
496 1845 608 1939 ὅρκων
621 1853 691 1917 τῶν
705 1850 952 1938 γεγενημένων,
965 1858 1032 1917 εἴτε
1046 1851 1104 1917 καλ

138 1954 171 2032 ἐξ
190 1951 295 2041 ἀρχῆς
312 1950 403 2037 ὑμᾶς
421 1950 546 2032 θιιλάξω
563 1950 604 2019 τά
623 1951 839 2040 γεγενημένα.
867 1946 885 2018 ὃ
902 1952 944 2020 (λε’
957 1977 999 2038 με
1016 1965 1107 2019 ποιεῖ

136 2051 268 2141 μάλιστ’
290 2051 451 2141 ἀπορεῖν,
471 2051 537 2138 ἐγώ
555 2051 641 2140 ὑμίν
656 2055 722 2143 ἐρῶ
732 2105 742 2140 ,
760 2050 811 2121 ότι
828 2050 869 2121 οὐ
884 2052 1008 2131 πάντες
1022 2061 1105 2132 ίσως

137 2156 192 2224 ἐπὶ
217 2155 298 2222 πάσι
321 2168 393 2233 τοῖς
427 2155 731 2243 κατηγορουμένοις
762 2153 887 2243 ὁμοίως
918 2152 1105 2243 ὀργίζεσθε,

136 2249 212 2323 ἀλλ’
236 2253 377 2334 ἕκαστός
401 2280 433 2322 τι
454 2252 552 2341 ἀμῶν
578 2261 643 2343 ἔχει
665 2255 750 2345 πρὸς
774 2252 792 2324 ὃ
815 2254 973 2344 βούλοιτο
997 2252 1040 2322 ἀν
1064 2283 1106 2342 με

136 2359 273 2446 πρῶτον
296 2355 555 2442 ἀπολογεῖσθαι·
582 2354 650 2446 ἅμα
675 2356 713 2427 δὲ
737 2358 814 2447 περὶ
839 2356 976 2425 πόντων
994 2363 1105 2425 είπείν

136 2457 318 2528 ἀδύνατον.
360 2458 540 2549 κράτιστον
558 2449 624 2528 οὖν
650 2486 706 2547 μοι
723 2456 811 2527 εἶναι
836 2464 931 2528 δοκεῖ
948 2457 981 2538 ἐξ
999 2456 1106 2545 ἀρχῆς

136 2559 228 2650 ὑμᾶς
252 2559 422 2630 διδάσκειν
440 2560 552 2629 πάντα
573 2561 615 2629 τά
633 2560 800 2648 γενόμενα
817 2561 875 2628 καὶ
901 2567 1106 2649 παραλιπεῖν

135 2664 252 2751 μηθέν.
279 2657 323 2730 ἀν
340 2663 406 2751 γάρ
421 2660 537 2752 ὀρθῶς
554 2663 685 2751 μάθητε
698 2661 739 2730 τά
753 2662 963 2752 πραχθέντα,
977 2663 1106 2752 ῥᾳδίως

102 2793 118 2843 9
136 2761 306 2849 γνώσεσθ’
327 2761 348 2830 ἀ
367 2791 434 2850 μου
448 2762 702 2844 κατεψεύσαντο
716 2768 753 2832 ολ
767 2763 954 2853 κατήγοροι.
981 2761 1023 2830 τά
1042 2760 1105 2850 μὲν

137 2855 202 2932 οὖν
228 2869 342 2933 δίκαια
366 2863 566 2950 γιγνώσκειν
592 2863 683 2953 ὑμᾶς
712 2863 860 2954 ἡγοῦμαι
889 2865 946 2933 καὶ
977 2861 1106 2943 αάτούς

205 3085 358 3161 ηγελσθαι]
347 3087 497 3160 ]πρλν
478 3111 514 3145 αν
538 3087 628 3146 καλ’
611 3098 695 3213 ηηιεῖς
718 3094 844 3161 εἴπωμεν
862 3095 1108 3162 add.1,ys.,qui

138 3177 189 3214 om.
208 3177 283 3240 (μιαν1
297 3165 449 3226 sequuntur
466 3177 552 3228 usqne
572 3163 606 3214 ad
644 3179 705 3214 nem
723 3164 898 3242 paragraphi

205 3230 230 3281 8.
250 3223 342 3295 λόγων
359 3244 411 3280 om.
430 3230 477 3280 LZ
495 3232 630 3286 Dobr.-
647 3223 768 3291 ἕκαστός
786 3249 814 3282 τι
825 3231 896 3281 ABL
908 3232 976 3283 Bk:
996 3225 1036 3284 iu.
1054 3247 1107 3290 τις

137 3324 170 3334 -
188 3297 307 3379 παραλ.
299 3299 378 3349 ιπεῖν
395 3294 441 3348 Ad.

205 3368 229 3416 9.
238 3358 323 3445 υμᾶς
344 3362 381 3416 Ad
399 3366 450 3416 ΖΜ
456 3366 590 3446 Turta]
573 3360 709 3433 ἡμᾶς.-
676 3363 776 3417 -ιιαλ
793 3357 898 3425 αάτους
915 3366 995 3432 Emp.
1013 3366 1106 3417 Turn:

138 3432 188 3485 καλ
213 3427 314 3500 λόγους
341 3430 405 3499 (καλ
427 3427 466 3500 μὴ
495 3426 555 3502 λόγ.
580 3430 675 3501 soni..)
711 3433 765 3485 sen
792 3439 857 3485 ante
884 3428 985 3501 οίοπερ
1011 3433 1107 3500 aliqua

138 3502 314 3553 intercidisse
327 3508 407 3568 puto,
425 3501 712 3568 quibusiurisinrnndi
729 3503 834 3554 mentio
852 3502 1055 3555 continebatur
1074 3528 1107 3538 —
