2340 3916
144 177 186 240 64
490 177 742 238 ΑΙΣΧΙΝΟΤ

77 352 127 408 187
144 310 278 403 δύνου
249 364 282 402 το
292 341 429 444 μέγεθος,
448 365 498 401 και
514 334 553 412 ὦς
570 341 688 446 ψευδῶς
704 345 944 417 συκοφαντεῖται·
969 341 1000 402 έν
1012 304 1093 402 δέ
1054 367 1093 424 τῳ

145 424 270 523 δευτέρῳ
287 424 410 505 νοήματι
425 428 545 523 πρᾶγμα
564 423 744 523 εἰρημένον
737 421 770 483 έν
790 428 827 530 τῇ
848 427 1007 526 κατηγορίᾳ
1030 426 1093 486 δια-

144 487 258 611 βύλλει,
281 509 332 568 καὶ
348 511 499 568 πιστούται
516 497 744 582 ἆξισπίστως,
726 531 764 578 ως
780 506 830 566 καί
849 499 947 569 αὑτῶν
964 507 1092 585 εἰδότων,

144 588 189 653 ότι
206 586 344 692 ψεῦδόςέ
345 610 398 650 στι
421 589 572 651 καὶτοῦτο
592 589 666 650 δὲί
640 613 679 662 ες
696 582 838 697 διαβολην
855 596 907 652 τοῦ
925 587 1091 654 αντιδίκον’

144 676 195 736 καὶ
207 668 242 735 τδι
259 668 350 753 ἑξῆς
338 675 444 752 ομοίως
461 674 501 745 είς
514 670 632 734 εύνοιαν
648 673 752 734 ἑαυτοῦ
763 698 813 734 και
804 669 966 754 διαβολὴν
976 680 1029 737 τοῦ
1040 669 1092 736 ἆν-

143 761 265 820 τιδίκσυ.

511 889 736 898 *mn-..n

228 1021 354 1104 Λέομαι
365 1017 471 1105 ὑμῶν,
485 1011 698 1107 (όἈθηναῖοι,
710 1025 867 1107 ἐθελῆσαι
877 1018 947 1107 μετ’
962 1018 1094 1096 εὐνοίας

145 1115 288 1183 ἀκοῦσαί
296 1142 361 1201 μου
372 1120 535 1201 λέγοντος,
551 1116 847 1205 ὑπολογιζομένους
857 1119 894 1186 τό
905 1145 940 1186 τε
951 1121 1093 1204 μέγεθος

145 1222 205 1282 τοῦ
216 1215 379 1282 κινδύνου
390 1219 445 1282 καὶ
456 1214 492 1284 τὸ
506 1224 634 1302 πλῆθος
646 1225 713 1285 τῶν
724 1224 854 1303 αἰτιῶν,
867 1214 949 1303 πρὸς
959 1216 998 1294 δίς
1008 1215 1094 1283 τίπο-

145 1314 356 1399 ίογήσασθαί
364 1340 404 1399 με
416 1320 480 1400 δεῖ,
499 1318 554 1384 καὶ
564 1316 622 1395 τοὶς
632 1323 747 1402 τέχνας
756 1319 811 1384 καὶ
821 1317 879 1396 τὰς
889 1313 1094 1391 κατασκευὰς

145 1422 206 1479 τοῦ
216 1412 404 1499 κατηγόρου
418 1416 472 1481 καὶ
489 1414 551 1500 τὴν
569 1413 736 1501 ὠμότητα,
758 1411 794 1493 ὃς
810 1414 967 1499 ἐτόλμησε
985 1437 1095 1497 παρα,

80 1519 130 1575 188
146 1511 369 1579 κελεύσασθαι
381 1510 464 1637 πρὸς
475 1512 632 1598 ἅνδρας’
616 1513 828 1632 ομωμοκβτας
838 1519 905 1579 τῶν
917 1510 1096 1579 ἀντιδίκων

112 1608 267 1696 ὁμοίως
286 1607 484 1696 ἀμφοτέρων
502 1609 709 1680 ακούσεσθαι
725 1609 786 1697 την
803 1637 863 1678 του
849 1609 1096 1678 κινδυνεύον-

145 1734 200 1785 τος
211 1733 330 1793 φωνην
339 1734 383 1792 μη
395 1703 583 1793 ὑπομένειν.
595 1712 650 1776 καὶ
662 1707 749 1776 ταῦτ’
765 1707 855 1775 ειπεν
865 1734 907 1776 ου
898 1705 989 1775 ”δι’
972 1708 1092 1792 οργήν·
1108 1721 1125 1771 2

145 1803 253 1884 ούδεδς
270 1805 333 1891 γὰρ
352 1834 420 1874 των
436 1813 651 1894 ψευδομένων
668 1823 735 1887 τοις
746 1806 1095 1895 αδίκωςδιαβαλλομέ-

148 1932 218 1984 νοις
230 1904 405 1993 ὀργίζεται,
424 1905 498 1973 οὐδ’
513 1911 548 1975 oc
555 1907 684 1993 τύληθῆ
698 1913 847 1992 λέγοντες
857 1907 1025 1974 κωλυουσι
1036 1905 1095 1973 λό-

146 2031 209 2089 γου
220 2020 330 2090 τυχεῖν
341 2006 401 2073 τόν
413 2006 595 2090 φεύγοντα·
609 2005 725 2092 οὐγὰρ
738 2007 901 2088 πρότερον
912 2005 1096 2090 κατήγορος

147 2101 237 2188 παρὰ
248 2118 315 2182 τοῖς
326 2102 510 2172 οίκούουσιν
523 2105 645 2191 ἰσχύει,
668 2107 746 2189 πρὶν
762 2100 804 2171 δυ
820 2101 837 2172 6
856 2104 993 2189 φεύγων
1010 2102 1096 2170 αἰπο-

78 2208 128 2264 189
148 2210 260 2288 λογίας
268 2202 376 2288 τυχοδν
385 2202 575 2292 ἀδυνατήσῃ
585 2202 643 2284 τδτς
651 2209 888 2290 προειρημένας
898 2210 1000 2282 αἰτίας
1011 2203 1096 2270 ύπο-

146 2302 323 2369 λύσασθαι.
347 2299 420 2369 ἀλλ’
436 2301 525 2388 οἶμαι
541 2307 762 2390 Δημοσθένης
780 2301 822 2371 ού
838 2309 943 2388 χαίρει
960 2306 1128 2380 δικαίοις3

146 2399 267 2483 λόγοις,
280 2395 355 2467 τύδ’
368 2400 458 2468 οὑτω
470 2402 748 2488 παρεσκεύασται,
766 2399 849 2470 ἀλλὰ
861 2399 922 2487 τὴν
932 2398 1096 2487 ὑμετέραν

147 2495 252 2583 ὀργὴν
269 2501 509 2567 ἐκκαλέσασθαι
524 2500 724 2587 βεβούληται
740 2501 795 2567 καὶ
811 2499 1017 2586 κατηγόρηκε
1029 2504 1096 2567 δω-

147 2599 309 2680 ροδοκίας,
322 2594 487 2676 ἀνεύθυνος
499 2593 547 2666 οδν
557 2599 640 2682 πρὸς
651 2598 714 2684 τὴν
724 2596 873 2680 ὑποψίαν
882 2599 1022 2685 ταύτην·
1036 2597 1096 2665 τόν

145 2691 209 2779 γὰρ
228 2697 279 2763 ἐπὶ
295 2710 365 2776 ταῖς
382 2701 597 2781 δωροδοκίαις
613 2698 882 2786 προτρεπόμενον
898 2695 977 2776 τούς
1001 2701 1097 2765 δικα-

146 2792 223 2872 στδις
234 2793 424 2880 όργιῖεσθαι
443 2793 547 2863 αύτόν
562 2794 623 2882 χρη
641 2797 879 2864 τῶντοιούτων
890 2802 997 2881 ἔργων
1008 2798 1095 2864 πολύ

146 2889 336 2975 ἀφεστάναι.
350 2895 421 2978 ἐμοὶ
432 2889 476 2975 δ’,
489 2886 516 2960 ω’
526 2893 704 2981 Ἀθηναῖοι,
717 2897 903 2982 συμβέβηκε
914 2903 971 2981 τῆς
977 2901 1095 2980 Δημο-
1109 2911 1127 2963 4

146 2991 290 3068 σθένους
299 2987 456 3058 σίκούοντι
473 3000 669 3078 κατηγορίας
678 2993 759 3081 μήτε
771 2998 875 3062 δεῖσαι
885 2991 1020 3061 πώποθ’
1035 2991 1097 3060 οὑ-

146 3114 220 3173 τως,
234 3085 278 3166 οδς
288 3091 325 3156 έν
335 3095 412 3178 τῇδε
422 3097 461 3179 τῇ
472 3087 593 3180 ἡμέρα,
612 3090 688 3179 μήτ’
700 3090 924 3179 ἀγανακτῆσαι
935 3100 1061 3176 μᾶλλον
1073 3087 1096 3179 η’

147 3195 228 3272 νύν,
250 3183 326 3272 μήτ’
346 3193 391 3265 είς
406 3184 596 3276 ὑπερβολὴν
611 3188 896 3279 ὁμοίωςὴσθῆναι.
919 3192 1096 3278 ἐφοβήθην

146 3285 208 3369 μέν
217 3282 297 3369 γὰρ,
317 3286 372 3352 καὶ
383 3290 430 3353 ἔτι
441 3290 495 3355 καί
507 3294 571 3356 νῦν
583 3289 827 3376 τεθορύβημαι,
845 3288 890 3376 μή
902 3316 988 3368 τινες
1000 3286 1096 3374 ὑμῶν

147 3377 339 3468 ἀγνοήσωσί
351 3410 392 3469 με
413 3388 711 3472 ψυχαγωγηθέντες
730 3402 798 3466 τοῖς
819 3391 1096 3476 ἐπιβεβουλευμέ·
