2340 3916
337 287 470 343 ΚΑΤΑ
491 286 873 345 ΚΤΗΣΙΦΩΝΤΟΣ.
1022 284 1083 348 163

130 464 233 530 κησεν
241 495 250 526 ,
264 442 363 513 ὅτιτὸ
375 442 616 532 βουλευτήριον
627 442 663 510 τό
677 453 734 529 τής
744 445 872 524 πόλεως
883 448 937 514 καλ
948 445 1010 534 τήν
1023 451 1084 534 δη-

130 550 314 627 μοκρατιάν
330 541 437 629 ἀρδην
454 548 576 610 ἔλαθεν
594 538 800 627 ὑφελόμενος
818 546 872 610 καὶ
883 545 1083 630 μετήνεγκεν

130 648 176 720 είς
189 642 301 728 Θήβας
312 649 357 719 εἰς
367 640 428 727 τήν
439 645 627 727 Καδμείαν,
650 637 711 726 τήν
723 650 903 709 κοινωνίαν
914 650 982 710 τῶν
994 646 1083 729 προί-

130 746 214 818 ξεων
229 755 298 818 τοῖς
310 741 532 826 Βοιωτάρχαις
548 743 771 825 συνθέμενος·
804 743 859 808 καὶ
877 743 1079 829 τηλικαύτην

129 835 229 915 αύτός
245 836 335 928 αύτῷ
355 844 553 906 δυναστείαν
570 842 829 924 κατεσκεύασεν,
855 837 928 907 ὥστ’
939 839 1003 927 ήδη
1015 865 1081 908 πα-

131 933 213 1016 ριάν
231 937 284 1003 ἐπὶ
303 934 339 1003 τὸ
353 943 442 1022 βῆμα
459 936 678 1022 πρεσβεύσειν
694 936 755 1021 μὲν
766 941 829 1023 ἔφη
848 935 925 1005 ὅποι
936 933 979 1004 ἀν
991 935 1081 1026 αὑτῷ

60 1048 110 1102 146
130 1037 229 1118 δοκῇ,
252 1027 317 1100 κάν
336 1032 380 1120 μή
397 1033 490 1118 ὑμεῖς
507 1037 705 1119 ἐκπέμπητε,
729 1040 760 1101 εί
775 1039 814 1103 δέ
832 1062 880 1114 τις
900 1034 991 1126 αύτῷ
1012 1042 1083 1102 τῶν

128 1141 322 1217 στρατηγῶν
334 1131 497 1219 ἀντείποι,
510 1131 820 1217 καταδουλούμενος
830 1129 910 1212 τούς
920 1133 1080 1219 ἀρχοντας
1097 1143 1148 1198 536

128 1233 182 1296 καὶ
195 1235 380 1309 συνεθίζων
392 1231 494 1316 μηδὲν
506 1226 596 1317 αύτῷ
602 1227 785 1314 ἀντιλέγειν
794 1235 1002 1300 διαδικασίαν
1014 1237 1078 1318 ἔφη

128 1327 270 1412 γράυειυ
292 1337 339 1417 τςό
360 1328 482 1414 βήματι
500 1326 584 1410 πρὸς
601 1327 637 1395 τδ
656 1329 867 1415 στρατήγιον·
895 1340 998 1398 πλείω
1015 1330 1078 1416 γὰρ

127 1425 213 1512 ύμάς
226 1423 337 1511 ἀγαθά
356 1423 411 1512 ὑφ’
426 1429 545 1494 ἑαυτοῦ
557 1432 620 1513 ἔφη
638 1426 775 1496 ἀπὸτοῦ
790 1427 936 1514 βήματος
953 1454 1080 1497 πεπον-

125 1530 225 1593 θέναι
240 1522 262 1613 ή
280 1523 344 1593 ύπὸ
363 1534 431 1593 τοῖν
448 1533 642 1610 στρατηγῶν
659 1528 695 1592 ἐκ
711 1533 772 1592 τού
785 1534 992 1612 στρατηγίου.
1023 1553 1079 1611 μι-

126 1633 310 1710 σθοφορῶν
322 1621 354 1691 δ’
367 1627 459 1708 ἐντῷ
472 1630 589 1712 ξενικῷ
599 1639 709 1701 κεναῖς
719 1624 850 1709 χώραις,
859 1626 913 1691 καὶ
923 1622 963 1690 τά
976 1645 1078 1709 στρα-

126 1724 258 1789 τιωτικά
277 1723 425 1808 χρήματα
447 1724 613 1804 κλέπτων,
638 1723 692 1787 καὶ
709 1718 787 1798 τούς
806 1728 947 1806 μυρίους
963 1724 1077 1800 ξένους

126 1819 559 1906 έκμισθωσαςἈμφισσεύσι
580 1817 685 1886 πολλὰ
699 1824 1008 1904 διαμαρτυρομένου
1021 1822 1076 1886 καὶ

127 1919 369 2003 σχετλιάζοντος
380 1922 417 1986 ἐν
428 1933 498 1996 ταῖς
509 1920 695 2004 ἐκκλησίαις
707 1921 805 2003 ἐμοῦ,
827 1922 1002 2005 προσέμιξε
1015 1923 1076 2004 φέ-

126 2044 195 2102 ρων
206 2016 492 2101 ἀναρπασθέντων
505 2024 572 2084 τιόν
587 2020 692 2095 ξένων
702 2017 762 2083 τὸν
774 2021 935 2084 κίνδυνον
947 2016 1077 2104 ἀπαρα-
1092 2032 1143 2088 537

60 2137 106 2190 147
125 2118 233 2206 σκεύῳ
251 2127 292 2208 τῇ
308 2118 409 2186 πόλει.
442 2125 475 2185 τί
488 2116 553 2202 γὰρ
575 2113 619 2184 ἀν
641 2127 755 2185 οίεσθε
766 2124 933 2186 Φίλιππον
955 2121 991 2185 ἐν
1007 2133 1076 2198 τοῖς

124 2217 198 2284 τότε
210 2232 336 2303 καιροῖς
348 2215 523 2296 εύξασθαι;
544 2214 584 2282 ού
600 2218 698 2303 χωρὶς
708 2217 771 2303 μὲν
782 2213 865 2301 πρὸς
875 2215 938 2303 τήν
948 2227 1075 2286 πολιτι-

124 2314 187 2401 κήν
198 2314 357 2401 δύναμιν,
379 2317 477 2400 χωρὶς
496 2315 528 2381 δ’
540 2318 577 2383 έν
588 2310 753 2402 Ἀμφίσση
771 2314 855 2401 πρὸς
871 2317 950 2394 τούς
960 2323 1074 2398 ξένους

123 2420 402 2499 διαγωνίσασθαι,
415 2411 571 2499 ἀθύμους
584 2414 618 2480 δὲ
628 2411 706 2490 τούς
716 2410 877 2498 Ἕλληνας
889 2422 1003 2501 λαβεῖν
1014 2441 1074 2500 τη-

123 2513 279 2596 λικαύτης
301 2519 426 2595 πληγῆς
455 2518 753 2597 προγεγενημένης;
787 2513 841 2577 καὶ
867 2511 1073 2596 τηλικούτων

122 2616 234 2676 κακῶν
246 2618 348 2686 αίτιος
358 2613 576 2693 γεγενημένος
586 2611 810 2694 Δημοσθένης
822 2605 883 2675 ούκ
897 2606 1026 2697 ἀγαπᾷ,
1045 2615 1074 2676 εί

121 2706 164 2793 μὴ
176 2713 270 2792 δίκην
278 2709 431 2788 δέδωκεν,
440 2702 507 2773 ἀλλ’
516 2712 546 2773 εί
550 2704 594 2793 μή
603 2708 658 2773 καὶ
664 2712 777 2794 χρυσῷ
786 2705 938 2796 στεφάνῳ
949 2728 1072 2790 στεφα-

120 2808 324 2893 νωθήσεται,
337 2804 527 2890 ἀγανακτεῖ·
541 2802 616 2871 οὐδ’
629 2804 747 2873 ίκανύν
761 2808 850 2872 ἐστιν
867 2802 958 2893 αύτῷ
974 2808 1072 2872 ἐναν-

120 2917 191 2975 τιόν
203 2905 299 2991 υμῶν
309 2904 542 2992 κηρύττεσθαι,
551 2902 619 2972 ἀλλ’
627 2913 658 2974 εί
666 2908 710 2993 μή
723 2903 962 2992 τῶνἙλλήνων
973 2911 1072 2974 ἐναν-

119 3014 191 3074 τίον
201 3002 480 3090 ἀναρρηθήσεται,
493 3001 577 3071 τοῦτ’
587 3003 772 3089 ἀγανακτεῖ.
796 3002 911 3088 οὕτως,
921 3002 964 3082 ἀς
975 3011 1070 3091 έοικε,

120 3105 249 3191 πονηρά
262 3106 363 3190 φύσις
373 3105 516 3190 μεγάλης
523 3108 671 3183 ἐξουσίας
682 3108 900 3191 ἐπιλαβομένη
913 3109 1071 3190 δημοσίας

119 3205 331 3291 ἀπεργάζεται
341 3206 525 3291 σνμφοράς.

60 3315 103 3374 [4⁸
206 3310 325 3386 Τρίτον
342 3304 377 3372 δὲ
396 3306 534 3370 καὶτῶν
552 3306 800 3389 προειρημένων
814 3300 970 3387 μέγιστόν
982 3305 1071 3370 ἐστιν

118 3405 137 3473 ὃ
158 3407 266 3490 μέλλω
288 3408 404 3488 λέγειν.
440 3411 609 3471 Φιλίππου
626 3402 690 3489 γάρ
711 3401 752 3471 ού
778 3411 1071 3487 καταφρονοῦντος

118 3498 373 3587 τῶνἙλλήνων,
386 3499 460 3568 οὐδ’
475 3501 700 3589 ἀγνοοῦντος,
721 3499 763 3569 οὐ
774 3499 841 3587 ηὰρ
852 3491 896 3583 ἦν
911 3495 1095 3618 ἷχισυυετοςὶ
