2340 3916
142 194 185 258 20
517 191 735 246 εαιοιαλου

230 327 377 409 Ταυρέας·

146 419 263 488 οότοσὶ
282 418 420 498 ἀνεψιός
438 420 499 486 τοῦ
519 417 655 507 πατρός.

228 517 370 588 Νισαῖος·

143 607 220 685 υἱός
245 607 407 692 Ταυρέου.

228 702 358 774 Καλλίας
374 697 608 777 δἈλκμαίονος·

145 790 283 871 ιἰνευιδς
301 793 362 859 τοῦ
382 789 516 876 πατρός.

228 887 393 965 Εὔνομος·
488 956 494 965 ,

147 985 302 1047 Καλλίου
320 978 382 1043 τοῦ
408 976 614 1062 Τηλεκλέους
632 973 790 1062 ἀδελφός,

228 1071 377 1152 Φρύνιχος
393 1067 409 1131 ὃ
424 1067 638 1150 ὀρχησάμενος·

146 1162 294 1241 ἀνεψιός.

229 1255 387 1337 Εὐκράτης
401 1253 417 1316 ό
430 1257 540 1318 Νικίου
555 1254 700 1334 ἀδελφός·

144 1345 308 1435 κηδεστὴς
327 1337 426 1427 οὗτος
445 1355 599 1416 Καλλίου
619 1401 625 1414 .

228 1444 368 1524 Κριτίας·

145 1531 282 1614 όνευιός
300 1536 357 1602 καὶ
377 1524 477 1613 οὗτος
495 1535 556 1601 τοῦ
576 1533 703 1622 πατρός
712 1551 724 1628 ᾗ
743 1538 781 1602 αἱ
797 1535 934 1621 μητέρες
953 1531 1111 1619 ἀδελφαί.

228 1635 380 1714 Τούτους
399 1635 529 1714 πάντας
545 1638 581 1703 έν
598 1650 670 1714 τοῖς
683 1634 929 1723 τετταράκοντα
948 1632 1114 1721 ἀνδράσιν

146 1734 352 1826 ἀπέγραψεν.

219 1836 349 1926 Ἐπειδὴ
378 1836 415 1906 δέ
441 1837 622 1925 ἐδεδέμεθα
645 1836 769 1916 πάντες
795 1839 832 1905 έν
855 1839 902 1928 τῷ
933 1835 1028 1927 αὐτῷ
1055 1838 1114 1903 καὶ

93 1958 127 2009 48
145 1939 208 2020 νόξ
227 1966 263 2008 τε
286 1931 329 2026 ἦν
347 1939 403 2006 καὶ
427 1938 465 2006 τό
491 1937 718 2027 δεσμωτήριον
736 1939 1007 2025 συνεκέκλειστο,
1030 1927 1114 2024 ἧκον

146 2039 184 2109 δέ
210 2044 256 2132 τῷ
288 2039 350 2128 μὲν
380 2038 488 2128 μήτηρ
511 2044 558 2130 τῷ
584 2039 622 2109 δέ
647 2038 777 2128 ἀδελφὴ
802 2042 849 2131 τῷ
878 2038 916 2109 δέ
942 2038 1031 2127 γυνὴ
1056 2043 1115 2107 καὶ

145 2146 284 2230 παῖδες,
302 2133 344 2228 ἦν
362 2140 400 2210 δέ
417 2140 480 2229 βοὴ
498 2143 554 2209 καί
573 2139 684 2221 οίκτος
702 2140 888 2210 κλαιόντων
910 2143 968 2209 καλ
987 2139 1116 2230 ὀδυρο-

145 2243 260 2330 μένων
284 2244 325 2310 τὰ
351 2242 503 2331 παρόντα
521 2242 625 2329 κακοί,
650 2243 738 2330 λέγει
756 2243 841 2332 πρός
866 2270 907 2330 με
925 2248 1116 2330 Χαρμίδης,

147 2340 195 2411 τόν
213 2344 275 2433 μέν
293 2343 451 2432 ἀνεψιός,
475 2341 650 2432 ἡλικιώτης
676 2345 713 2413 δέ
736 2346 794 2413 καί
813 2345 1057 2432 συνεκτραφεὶς
1078 2347 1116 2412 έν

147 2449 188 2534 τῇ
209 2453 302 2537 οίκίηι
320 2448 362 2534 τῇ
377 2443 572 2535 ημετέρηιέκ
587 2445 727 2534 παιδός,
745 2442 795 2513 ότι
815 2444 1027 2541 ,ζἈνδοκίδη,
1045 2447 1116 2512 τῶν

94 2580 129 2629 49
147 2547 209 2635 μέν
234 2547 415 2636 παρόντων
439 2550 553 2615 κακῶν
578 2545 662 2637 όρᾷς
686 2545 724 2615 τό
750 2548 911 2634 μέγεθος,
937 2546 1003 2633 έγιό
1023 2545 1055 2614 δ’
1079 2549 1115 2614 έν

148 2649 211 2737 μέν
241 2652 289 2740 τῷ
321 2648 526 2739 παρελθόντι
555 2648 669 2740 χρόνῳ
700 2647 804 2718 οόδέν
832 2647 973 2736 ἐδεόμην
1004 2648 1117 2734 λέγειν

148 2749 233 2819 οόδέ
241 2771 278 2819 σε
288 2759 423 2836 λυπεῖν,
439 2753 506 2818 νῦν
516 2749 554 2818 δέ
565 2749 792 2838 ἀναγκάζομαι
801 2750 856 2818 διδι
865 2748 926 2838 την
936 2751 1116 2837 παροῦσαν

147 2850 230 2940 ἡμῖν
249 2851 440 2940 συμφοράν.
469 2846 521 2931 οἷς
539 2851 605 2940 γὰρ
620 2854 706 2940 έχρῶ
720 2854 777 2921 καὶ
793 2846 844 2931 οἷς
860 2853 1016 2938 συνῆσθα
1031 2848 1115 2919 όίνευ

147 2951 244 3041 ἡμῶν
269 2955 338 3019 τῶν
357 2956 553 3040 συγγενῶν,
577 2943 671 3021 οὗτοι
689 2955 746 3022 έπὶ
764 2968 838 3032 ταῖς
861 2959 984 3033 αἰτίαις
1003 2949 1047 3021 δι’
1074 2946 1116 3031 δὶς

148 3052 246 3142 ἡμεῖς
269 3051 491 3141 ἀπολλύμεθα
516 3059 552 3124 οί
575 3054 638 3142 μὲν
665 3053 781 3123 αὐτῶν
804 3059 982 3142 τεθνᾶσιν,
1013 3058 1050 3122 οί
1078 3053 1117 3121 δέ

149 3305 180 3351 ut
199 3316 327 3354 numerus
345 3307 462 3365 constet,
481 3308 556 3355 certe
574 3302 626 3354 duo
648 3307 755 3354 tantum
777 3302 936 3353 consobrini
955 3317 1117 3353 commemo-

149 3369 204 3419 rati
223 3374 310 3420 erunt.
329 3370 392 3421 fort.
411 3367 462 3422 τοῦ
479 3361 587 3436 πατρός
606 3369 695 3422 altero
714 3371 776 3421 loco
793 3369 947 3424 delendum.
960 3397 990 3407 -
1003 3363 1117 3428 πάντας

149 3437 196 3487 ΑΒ
215 3437 281 3491 Bk.:
301 3427 442 3497 ἅπαντας.
461 3463 494 3473 -
514 3432 682 3505 ἀπέγραψεν
701 3437 813 3502 Steph..·
829 3431 1000 3504 ἐπέγραψεν.

216 3508 259 3558 48.
278 3506 378 3569 „immo
397 3502 603 3572 συνεκέκλητο“
623 3505 650 3561 S.
669 3533 702 3544 -
720 3501 867 3557 κλαόντων
886 3504 957 3560 Sohi.
