2340 3916
142 224 181 286 78
550 216 684 270 ΙΣΑΙΟΤ
1004 217 1057 269 On.
1076 216 1104 272 δ.

140 418 208 459 των
232 396 312 478 μίαν
337 389 492 477 ἐκτήσατο
510 380 535 480 ή
551 387 654 480 ὄνομα
672 379 715 477 ήν
729 386 845 478 Ἀλκή,
872 384 915 477 ἣν
932 390 988 458 καί
1004 383 1105 478 ὑμῶν

140 490 230 580 οἶμαι
256 487 397 571 πολλούς
425 495 556 561 εἰδέναι.
602 487 685 579 αὕτη
713 488 750 561 δὲ
771 486 792 579 ή
813 486 910 579 Ἀλκή
929 485 1119 576 άνηθεῖσα·

140 588 245 662 πολλά
270 593 331 680 μὲν
358 598 413 679 ἔτη
444 595 592 679 καθῆστο
616 594 652 661 ἐν
676 590 844 681 οἰκήματι,
871 587 936 678 ήδη
961 590 999 659 δὲ
1023 616 1102 681 πρε-

88 709 122 760 20
139 695 283 783 σβυτέρα
294 683 378 763 ούσα
395 689 460 762 άπδ
477 693 539 782 μὲν
555 695 616 761 τοῦ
632 691 805 781 οἰκήματος
815 687 997 779 ἀνίσταται,
1018 695 1101 760 διαι-

138 796 268 883 τωμίνη
301 795 339 863 δὲ
370 789 456 882 αύτή
482 795 517 862 ἐν
542 795 584 882 ιη’
609 800 761 884 συνοικίᾳ
787 795 895 880 συνῆν
920 788 1101 882 ἅνθρωπος

81 980 83 984 λ
138 889 376 983 άπελεύθερος,
403 901 499 964 Δίων
516 889 619 982 ύνομα
645 889 750 986 αύτῷ,
779 897 811 977 ἐξ
836 882 880 963 ού
897 899 961 982 ἔφη
987 895 1101 982 ἐκείνη

137 992 274 1074 τούτους
299 997 487 1082 γεγονέναι·
514 996 569 1063 καί
596 1000 741 1084 ἔθρεψεν
766 991 887 1074 αύτούς
903 988 921 1064 5
940 1000 1037 1064 Δίων
1054 988 1101 1074 ὥς

137 1091 235 1174 ὄντας
254 1096 384 1165 εἀντοῦ.
419 1093 529 1188 χρόνῳ
548 1095 584 1164 δὲ
601 1091 742 1186 ὕστερον
759 1091 777 1165 5
794 1095 856 1186 μὲν
867 1102 964 1164 Δίων
980 1101 1101 1182 ζημίαν

139 1198 352 1285 εἰργασμένος
369 1197 425 1265 καὶ
444 1201 555 1275 δείσας
579 1191 666 1286 ὑπὲρ
693 1191 799 1266 αὑτοῦ
815 1190 1032 1285 ὑπεχώρησεν
1051 1201 1100 1276 εἰς

138 1299 311 1365 Σικυῶνα·
344 1293 405 1384 τήν
432 1292 465 1364 δ’
498 1292 681 1387 άνθρωπον
705 1295 847 1384 ταύτην,
881 1292 942 1384 τήν
965 1292 1100 1386 Ἀλκήν,

137 1403 335 1484 καθίστησιν
352 1393 538 1486 Εὐκτήμων
556 1401 783 1486 ἐπιμελεῖσθαι
805 1400 863 1485 τής
882 1399 919 1466 ἐν
935 1406 1098 1487 Κεραμει·

136 1499 186 1589 κρῖ
212 1505 398 1587 συνοικίας,
424 1501 483 1585 τής
514 1495 602 1588 παρά
627 1494 689 1585 τήν
714 1504 857 1585 πυλίδα,
889 1486 931 1566 ού
956 1491 974 1567 5
1007 1495 1099 1579 οἰνος

85 1626 116 1677 21
136 1594 242 1679 ὤνιος.
286 1611 533 1669 κατοικισθεῖσα
560 1594 591 1667 δ’
620 1601 779 1669 ἐνταυθοῖ
803 1600 935 1668 πολλῶν
960 1599 1017 1681 καὶ
1039 1626 1097 1668 κα-

135 1699 204 1768 κῶν
221 1689 338 1790 ἦρξεν,
358 1686 387 1768 ω’
402 1696 530 1789 άνδρες.
573 1702 699 1787 φοιτῶν
721 1696 784 1789 γάρ
802 1694 820 1768 5
837 1694 1024 1788 Εὐκτήμων
1042 1701 1090 1770 ἐπ.

133 1797 170 1869 τό
197 1803 339 1871 ἐνοίκιον
367 1797 520 1870 ἑκάστοτε
544 1796 585 1869 τά
610 1797 715 1870 πολλά
742 1803 906 1889 διέτριβεν
925 1802 961 1869 ἐν
977 1803 1021 1889 τῇ
1036 1819 1097 1868 συ-

133 1908 260 1991 νοικίᾳ,
289 1905 393 1972 ε’νίοτε
419 1902 537 1970 δὲκαὶ
565 1904 701 1971 ἐσιτεῖτο
717 1898 800 1989 μετά
814 1903 873 1988 τῆς
898 1894 1096 1990 ἀνθρώπου,

133 1998 324 2071 καταλιπών
341 2004 397 2072 καί
414 1999 476 2089 τήν
492 2017 636 2089 γυναῖκα
653 2005 708 2071 καὶ
725 1999 803 2082 τούς
820 2006 941 2080 παῖδας
958 2001 1015 2070 καὶ
1033 1997 1097 2089 τήν

134 2106 245 2170 οἰκίαν
261 2096 304 2189 ἢν
321 2099 408 2193 φύκει.
445 2105 594 2191 χαλεπούς
622 2103 659 2172 δί
676 2100 842 2192 φερούσης
858 2105 918 2190 τῆς
935 2097 1107 2188 γυναικὸς

134 2202 189 2269 καὶ
215 2204 283 2271 τοῖν
307 2202 410 2272 νίίων
433 2198 494 2291 ούχ
512 2199 600 2282 ὅπως
620 2200 801 2292 ἐπαύσατο,
829 2198 912 2272 άλλά
927 2204 1095 2272 τελευταῖν

133 2305 302 2382 παντελῶς
329 2305 461 2392 διητάτο
488 2306 572 2391 ἐκεῖ,
599 2305 655 2373 καί
680 2301 767 2374 οὕτω
787 2307 920 2391 διετέθη
939 2298 1007 2372 εἴθ’
1026 2297 1094 2372 ύιτδ

133 2400 317 2492 φαρμάκων
350 2399 419 2474 εἶθ’
453 2398 519 2472 ὑπὸ
545 2401 647 2474 νάσου
675 2401 744 2474 είθ’
771 2399 832 2473 ὑπ’
860 2399 963 2473 άλλου
987 2400 1092 2492 τινός,

134 2497 218 2571 ὥστε
244 2506 383 2592 ἐπείσθη
401 2498 461 2573 ὑπ’
489 2500 591 2590 αύτής
606 2502 666 2575 τόν
683 2503 910 2594 πρεσβύτερον
926 2519 999 2573 τοῖν
1016 2510 1093 2572 παί-

134 2607 207 2675 δοιν
242 2612 431 2693 εἰσαγαγεῖν
466 2611 512 2685 εἰς
544 2602 622 2686 τούς
650 2603 815 2695 φράτορας
840 2606 893 2674 ἐπὶ
916 2605 966 2698 τῷ
986 2598 1094 2673 αύτοῦ

80 2719 113 2768 22
130 2699 274 2793 ὀνόματι.
312 2703 426 2793 ἐπειδή
453 2707 490 2774 δὲ
515 2701 594 2776 οὔθ’
621 2700 640 2774 5
662 2703 735 2787 νίδς
757 2702 849 2798 αύτῷ
872 2700 1093 2793 Φιλοκτήμων

131 2803 312 2895 συνεχώρει
351 2801 429 2876 οὔθ’
471 2811 507 2875 οἰ
542 2803 703 2896 φράτορες
743 2808 964 2894 εἰσεδέξαντο,
1013 2800 1091 2874 ἀλλ’

130 2899 302 2994 ἀπηνέχθη
319 2903 537 2995 τδκούρειον,
565 2901 771 2997 ὀργιζόμενος
795 2901 814 2977 5
832 2903 1020 2995 Εὐκτήμων
1041 2909 1093 2998 σφ’

129 3009 200 3074 νίεῖ
230 3007 286 3074 καί
318 3003 507 3096 ἐπηρεάζειν
537 3005 737 3096 βουλόμενος
764 3010 919 3097 ἐγγυᾶται
943 3020 1092 3094 γυναῖκα

130 3104 367 3196 Δημοκράτους
383 3109 445 3177 τού
458 3102 652 3195 Ἀφιδναίου
669 3104 837 3198 άδελφήν,
854 3103 900 3189 άς
918 3109 955 3177 ἐκ
963 3103 1091 3194 ταύτης

129 3212 251 3287 παῖδας
277 3203 460 3296 ἀποφανῶν
486 3210 542 3277 καί
561 3207 761 3297 εἰσποιήσειν
779 3217 826 3290 εἰς
842 3205 900 3279 τδν
916 3206 1028 3296 οἰκον,
1056 3215 1092 3279 εἰ

76 3322 111 3374 23
129 3304 173 3395 μή
207 3316 393 3399 συγχωροίη
425 3311 544 3380 τούτου
580 3312 784 3398 εἰσαχθήναι.
838 3307 961 3390 εἰδότες
993 3303 1026 3378 δ’
1052 3313 1094 3378 οί

129 3402 302 3497 άναγκαῖοι
326 3405 377 3480 δτι
404 3413 436 3493 ἐξ
463 3413 594 3481 ἐκείνου
620 3410 681 3499 μὲν
706 3407 769 3481 ούκ
794 3405 836 3481 άν
862 3417 910 3480 ἔτι
934 3412 1089 3498 γίνοιντο

129 3516 246 3591 παῖδες
267 3508 392 3599 ταύτην
416 3508 479 3598 τήν
503 3506 635 3599 ἡλικίαν
653 3516 800 3602 ἔχοντος,
827 3508 1032 3600 φανήσοιντο
1049 3505 1091 3580 δ’
