2340 3916
401 212 522 267 τινα
546 212 812 269 Τεντπιυεου.
1039 213 1080 274 61

129 371 184 439 καί
202 367 262 438 τόν
277 376 418 454 αἰσχροῖς
429 376 515 436 οίκοι
526 367 709 454 βεβιωκότα
721 374 781 449 ἔξω
793 378 851 455 τῆς
862 371 990 451 πόλεως
1001 397 1082 454 πρε.

130 468 272 558 σβευτὴν
283 471 471 554 πέμψομεν,
484 470 539 536 καὶ
549 465 656 557 τούτῳ
671 471 824 553 περὶτῶν
835 477 998 555 μεγίστων
1009 476 1081 537 δια-

130 567 364 654 πιστεύσομεν;
385 573 420 634 τί
433 565 464 634 δ’
485 565 547 633 οὐκ
565 561 608 633 ἀν
625 565 781 634 ἀποδοῖτο
793 563 811 634 ὁ
823 564 956 652 τήντοῦ
968 569 1082 654 σάμα-

130 693 185 744 τος
196 663 296 752 ύβριν
308 664 499 750 πεπρακοός;
518 670 591 732 τίνα
603 662 634 731 δ’
648 661 692 731 άν
703 656 801 742 ούτος
814 664 977 750 ἐλεήσειεν
988 663 1006 732 ὁ
1019 663 1081 731 αὑ-

130 764 190 831 τὸν
201 760 264 831 ούκ
277 762 428 849 ἐλεησας;

63 877 113 930 189
217 868 290 930 Τίνι
307 860 339 929 δ’
359 860 454 948 ύμοῑν
471 860 533 928 ούκ
551 857 737 945 εὔγνωστός
759 863 847 928 ἐστιν
867 856 887 946 η
913 859 1081 944 Τιμάρχου

131 967 302 1050 βδελυρία;
327 958 437 1044 ὥσπερ
458 959 522 1046 γάρ
545 957 623 1038 τούς
643 962 928 1045 γυμναζομένους,
950 953 1016 1026 κάν
1037 956 1080 1042 μὴ

131 1065 289 1144 παρῶμεν
307 1061 343 1126 ἐν
360 1074 427 1138 τοῖς
447 1067 656 1146 γυμνασίοις,
679 1064 724 1136 είς
745 1057 804 1136 τοὶς
824 1054 949 1137 εὐεξίας
970 1055 1082 1123 αὐτῶν

132 1155 373 1242 ἀποβλέποντες
388 1157 633 1243 γιγνώσκομεν,
655 1155 743 1223 οὕτω
760 1153 839 1235 τούς
855 1157 1081 1239 πεπορνευμέ-

132 1281 222 1339 νους,
234 1250 300 1322 κάν
310 1255 354 1341 μὴ
367 1264 525 1341 παρεῖμεν
535 1252 645 1322 αύτων
656 1269 723 1332 τοῖς
732 1260 856 1340 ἔργοις,
869 1258 904 1321 ἐκ
916 1262 973 1339 τῆς
984 1250 1082 1319 ἀναι-

132 1356 219 1429 δείας
229 1353 284 1418 καὶ
300 1361 361 1418 τοῦ
377 1352 528 1436 θράσους
539 1354 593 1419 καὶ
604 1360 671 1419 των
681 1352 948 1438 ἐπιτηδευμάτων
958 1351 1082 1438 γιγνοί-

133 1462 262 1536 σκομεν.
287 1448 305 1519 ὁ
318 1450 381 1537 γάρ
393 1452 467 1535 περὶ
479 1460 546 1518 των
557 1458 721 1536 μεγίστων
732 1450 811 1530 τούς
821 1453 945 1539 νόμους
956 1455 1010 1519 καὶ
1021 1452 1082 1537 τὴν

133 1547 358 1633 σωφροσύνην
379 1545 548 1633 ύπεριδίιν
572 1555 636 1632 ἔχει
657 1547 730 1615 τινά
751 1551 819 1628 ἕξιν
841 1555 898 1634 τῆς
916 1557 1037 1635 ψυχης,
1061 1546 1081 1632 ἣ

132 1644 286 1730 διάδηλος
297 1647 333 1711 ἐκ
344 1653 402 1730 τῆς
413 1642 570 1731 ἀκοσμίας
580 1654 642 1714 τοῦ
653 1645 779 1729 τρόπου
789 1654 943 1731 γίγνεται.

64 1755 115 1810 190
216 1749 398 1822 Πλείστους
412 1743 444 1810 δ’
457 1740 499 1812 άν
511 1743 637 1828 εὕροιτ’
648 1749 682 1811 ἐκ
693 1743 933 1811 τῶντοιούτων
944 1743 1081 1831 ἀνθρά-

131 1865 204 1906 πων
215 1842 326 1919 πόλεις
343 1839 607 1927 ἀνατετροφότας
624 1843 678 1908 καὶ
693 1855 762 1919 ταῖς
772 1849 938 1927 μεγίσταις
949 1863 1076 1928 σνμφο·

132 1953 203 2019 ραῖς
214 1936 336 2017 αύτούς
347 1941 641 2023 περιπεπτωκότας.
663 1938 707 2026 μη
719 1938 784 2025 γάρ
796 1949 925 2025 οἴεσθε,
945 1934 971 2008 ά
980 1938 1082 2025 Ἀθη-

133 2051 238 2122 ναῖοι,
254 2034 313 2115 τάς
323 2046 391 2104 τῶν
402 2037 613 2124 ἀδικημάτων
625 2038 726 2125 ἀρχάς
736 2036 801 2106 ἀπό
814 2047 921 2123 θεων,
935 2036 1007 2107 ἀλλ’
1021 2037 1082 2124 ούχ
1101 2041 1150 2097 ¹8⁰

133 2134 189 2203 ὑπ’
209 2135 401 2223 ἀνθρώπων
418 2135 588 2222 ἀσελγείας
605 2145 796 2222 γίγνεσθαι,
817 2135 899 2222 μηδὲ
914 2135 1082 2223 τούςήσε-

132 2234 290 2320 βηκότας,
313 2235 467 2319 καθάπερ
484 2239 824 2326 ἐνταῖςτραγφδίαις,
846 2234 1081 2314 Ποινάςίλαύ-

64 2353 113 2406 191
134 2358 205 2399 νειν
218 2335 273 2399 καί
288 2333 439 2413 κολάζειν
457 2337 554 2422 δᾳσὶν
570 2331 744 2420 ἡμμέναις·
768 2331 840 2402 ἀλλ’
861 2337 897 2400 αί
911 2347 1082 2415 προπετεῖς

131 2441 192 2500 τοῦ
215 2433 365 2520 σώματος
384 2431 502 2521 ἡδοναὶ
523 2436 579 2503 καὶ
599 2433 636 2502 τό
657 2436 761 2521 μηδὲν
782 2430 900 2501 ίκανόν
916 2429 1080 2519 ἡγεῖσθαι,

132 2537 235 2597 ταῦτα
254 2538 377 2616 πληροῖ
389 2528 429 2599 τά
446 2531 626 2618 λῃστήρια,
648 2528 742 2598 ταῦτ’
757 2537 803 2609 είς
813 2527 873 2597 τόν
884 2531 1084 2610 ἐπακτροκέ-

132 2635 213 2714 λητα
224 2629 404 2717 ἐμβιβάζει,
416 2628 519 2697 ταῦτά
529 2631 618 2696 ἐστιν
628 2627 753 2718 ἑκάστω
764 2624 888 2712 Ποινη,
903 2634 1006 2693 ταῦτα
1017 2650 1082 2692 πα-
1099 2635 1149 2689 181

133 2727 343 2806 ρακελεύεται
365 2724 525 2812 σφάττειν
546 2723 625 2806 τούς
645 2732 795 2811 πολίτας,
818 2722 996 2811 ὑπηρετεῖν
1015 2737 1083 2802 τοῖς

132 2823 318 2910 τυράννοις,
328 2821 638 2909 συγκαταλύειντὸν
646 2827 763 2911 δῆμον.
774 2821 815 2890 ού
823 2819 887 2908 γάρ
897 2820 959 2909 τὴν
967 2821 1083 2908 αίσχύ-

132 2946 194 3005 νην
212 2917 287 2989 οὐδ’
305 2918 327 2988 ά
343 2928 512 2991 πείσονται
522 2928 721 3009 λογίζονται,
744 2917 817 2988 ἀλλ’
830 2917 886 3006 ἐφ’
900 2914 1082 3003 οίςκατορ-

131 3016 302 3096 θύσαντες
313 3017 624 3107 εὐφρανθήσονται,
636 3021 765 3100 τούτοις
776 3018 981 3106 κεκήληνται.
996 3020 1082 3098 ἐξαι-

132 3107 305 3202 ρεῖτόύν,
331 3109 553 3203 οἷἈθηναῖοι,
578 3119 637 3198 τὰς
652 3119 805 3198 τοιαύτας
816 3117 952 3204 φύσεις,
975 3116 1030 3182 καί
1040 3110 1081 3180 τά

131 3219 198 3278 τῶν
209 3214 296 3281 νίων
307 3214 478 3302 ζηλώματα
490 3214 543 3283 ἐπ’
554 3213 677 3302 ἀρετὴν
687 3220 927 3303 προτρέψασθε.

62 3327 113 3381 191
213 3304 266 3380 Εύ
283 3311 316 3379 δ’
335 3318 532 3400 ἐπίστασθε,
554 3320 613 3382 καί
625 3341 682 3401 μοι
697 3315 830 3400 σφόδρα
841 3312 878 3382 τό
891 3313 1082 3399 με’λλονρη-

130 3407 298 3493 θήσεσθαι
309 3410 597 3497 διαμνημονεύετε,
609 3417 640 3478 εί
649 3414 711 3498 μὲν
718 3409 818 3478 δύσει
828 3418 896 3478 τῶν
907 3413 1081 3496 ἐπιτηδεν·
1101 3420 1151 3477 182
