2340 3916
420 669 729 746 PRAEFATIO.
764 726 767 734 .

176 887 259 954 Satis
281 890 363 953 miro
393 911 467 954 casu
489 889 611 952 factum
634 868 696 972 est,
724 893 815 954 utet
841 891 1058 974 antiquissimi

89 991 173 1054 inter
196 994 338 1055 oratores
350 992 477 1055 Atticos
500 993 532 1054 et
553 991 722 1054 novissimi
737 1012 775 1055 ea
790 1012 872 1075 quae
887 997 1060 1076 supersunt

91 1114 188 1174 opera
215 1091 328 1155 iisdem
357 1091 519 1156 codicibus
547 1092 641 1156 nobis
669 1092 790 1157 tradita
816 1094 897 1157 sint:
920 1115 1058 1177 quorum

90 1194 234 1258 codicum
268 1194 353 1257 inter
380 1215 413 1257 se
442 1214 511 1257 non
539 1193 603 1258 alia
630 1194 665 1257 in
692 1192 858 1258 Dinarcho
892 1199 988 1278 atque
1022 1196 1058 1258 in

90 1296 293 1378 Antiphonte
328 1295 473 1359 condicio
508 1298 603 1377 atque
637 1295 720 1359 ratio
750 1299 806 1359 est.
852 1293 957 1370 Quare
984 1317 1058 1360 cum

91 1397 131 1459 ad
153 1418 191 1460 ea
213 1397 344 1480 quaein
365 1396 567 1479 praefatione
581 1396 796 1479 Antiphontis
812 1396 946 1461 editioni
967 1418 1058 1480 prae-

90 1498 186 1561 missa
207 1497 246 1562 de
274 1498 334 1561 hac
361 1519 396 1562 re
426 1498 559 1581 exposui
585 1497 721 1561 fortasse
750 1497 898 1582 ablegare
926 1499 1058 1582 possim,

91 1600 189 1663 satius
217 1604 326 1662 tamen
348 1600 476 1664 videtur
502 1599 555 1662 hic
578 1620 706 1682 quoque
734 1598 844 1662 eadem
870 1599 981 1681 paucis
1009 1619 1058 1663 re-

89 1704 207 1782 petere.

172 1801 296 1865 Eorum
317 1802 471 1866 vitiorum
494 1801 610 1884 quibus
631 1799 752 1864 Aldina
780 1799 878 1864 editio
905 1801 1057 1884 princeps

90 1904 253 1966 orationes
268 1901 425 1966 Dinarchi
448 1901 654 1967 confoedatas
675 1902 817 1985 praebet,
840 1923 959 1987 magna
980 1923 1057 1986 pars

90 2005 233 2072 omnium
270 2026 324 2068 sex
361 2004 507 2068 codicum
542 2001 754 2067 NABLZM
791 2025 948 2069 consensu
984 2005 1056 2068 sub·

88 2106 153 2168 lata
181 2109 244 2189 est3
273 2106 336 2169 alia
357 2106 460 2170 multa
480 2106 583 2169 tribus
610 2104 773 2170 codicibus
795 2105 899 2170 NAB
923 2126 1056 2190 coargu-

91 2211 204 2290 untur3
236 2211 311 2270 sunt
338 2207 434 2271 etiam
463 2207 526 2270 loci
552 2228 621 2270 non
642 2207 737 2290 pauci
760 2208 876 2290 quibus
905 2208 966 2271 soli
986 2205 1055 2272 NA

89 2309 154 2391 (vel
183 2310 214 2371 A
241 2307 306 2392 pr.)
335 2330 444 2372 veram
471 2308 644 2372 lectionem
671 2308 886 2390 servaverim,
917 2309 1057 2391 denique

88 2430 239 2492 persaepe
273 2430 356 2473 unus
386 2409 578 2473 Oxoniensis
606 2407 638 2472 N
667 2408 783 2471 vitium
812 2408 924 2471 ceteris
954 2408 1056 2472 omni·

88 2511 147 2572 bus
186 2531 354 2574 commune
391 2511 488 2575 tollit.
539 2509 660 2575 Contra
687 2529 847 2591 nusquam
873 2508 941 2572 fere
974 2509 1056 2573 acci·

89 2610 149 2693 dit,
173 2616 209 2674 ut
230 2609 262 2675 N
267 2610 331 2674 AB
355 2611 479 2676 codices
506 2612 636 2694 falsam,
664 2611 773 2673 veram
802 2610 900 2674 ceteri
930 2608 1056 2675 codices

87 2712 258 2777 lectionem
286 2713 444 2797 habeant3
478 2712 587 2796 paullo
617 2711 744 2794 saepius
772 2716 809 2774 ut
835 2710 905 2776 NA
935 2712 1000 2796 (vel
1023 2714 1054 2775 A

86 2815 151 2898 pr.)
185 2818 312 2898 praeter
345 2820 467 2879 ceteros
500 2816 535 2878 in
563 2815 681 2880 erroris
712 2813 939 2878 communione
972 2814 1053 2897 sint3

87 2915 142 2976 sed
173 2921 206 2978 et
237 2914 269 2980 N
302 2921 334 2979 et
367 2919 398 2979 A
430 2916 615 2999 saepissime
648 2916 713 2981 suis
746 2936 782 2979 ao
814 2915 954 2998 propriis
987 2937 1055 2980 cor·

86 3015 220 3097 ruptelis
258 3023 333 3081 sunt
365 3018 486 3082 infecti.
538 3016 571 3082 Si
603 3038 773 3082 numerare
807 3016 904 3099 velis,
943 3016 1054 3099 paullo

86 3117 192 3182 minus
213 3117 303 3182 LXX
326 3119 414 3183 locos
437 3119 597 3202 invenias,
621 3119 737 3203 quibus
758 3115 827 3182 NA
851 3117 914 3200 (vel
936 3120 967 3180 A
988 3119 1053 3202 pr.)

86 3219 172 3282 aliud
194 3224 291 3303 atque
313 3221 411 3285 ceteri
429 3220 553 3285 codices
575 3221 760 3304 praebeant,
784 3240 921 3303 quarum
942 3218 1054 3282 lectio-

85 3343 163 3384 num
185 3321 258 3404 plus
273 3320 331 3385 XL
353 3322 467 3405 procul
490 3322 587 3385 dubio
609 3342 703 3386 verae
726 3326 819 3405 sunt3
844 3319 1054 3404 Orippsianus

84 3425 115 3485 A
148 3423 296 3505 proprias
328 3423 483 3489 lectiones
516 3423 588 3507 plus
615 3421 674 3488 XL
703 3423 755 3487 vel
783 3422 882 3486 habet
913 3422 965 3486 vel
996 3422 1057 3485 ha«

800 3527 839 3575 a*
