2340 3916
434 200 725 260 ΕΠΙΣΤΟΛΑΙ.
994 198 1057 263 201

111 357 214 442 ταύτῃ
236 363 276 440 τῇ
300 354 393 422 πόλει
409 362 570 442 Αἰσχίνην
591 355 650 425 τὸν
670 330 869 446 Ἀτρομήτου
890 323 1057 447 φεβγοντα

111 456 309 538 ἀγανακτεῖν
321 465 452 522 οίεσθαι
464 460 550 542 δεῖν,
572 467 606 525 εί
612 485 644 524 τι
654 465 722 526 τῶν
734 461 905 528 εἰωθότων
913 459 1057 550 Ἀθήνη-
1074 467 1127 530 667

77 581 94 632 ς
113 570 167 618 σιν
179 557 315 618 ἔπαθεν.
349 550 417 620 ἀλλ’
429 558 531 639 ἔγωγε
547 559 602 622 καί
619 556 772 642 λαμπρὸν
786 557 920 637 εἰκότως
932 585 987 645 μοι
999 586 1058 627 νο-

108 647 231 735 μίσαιμ
245 645 288 716 ι’ἱν
308 648 388 717 αὐτὸ
406 655 580 736 γενέσθαι,
601 651 637 720 τὸ
657 652 721 738 μετ’
735 657 873 723 ἐκείνων
890 659 926 722 ἐν
943 654 1057 746 ἀδοξίᾳ

109 745 199 830 παρὰ
216 761 283 825 τοίς
302 754 411 815 ἔπειτα
429 745 624 832 ἀνθρώποις
641 754 695 818 καὶ
712 749 801 831 ἄξιος
812 762 872 819 τοῦ
885 751 983 838 ὅμοια
994 779 1058 820 πα-

108 856 183 911 θείν
195 848 331 923 ἐκείνοις
342 853 521 931 γεγονέναι.

567 997 596 1056 4.

189 1129 273 1199 Ἐπεὶ
296 1137 389 1200 δοκεῖ
407 1153 459 1199 σοι
476 1135 712 1202 πυνθάνεσθαι
730 1139 803 1218 περὶ
816 1137 1057 1221 Κλεοκράτους,

108 1228 197 1307 ὅστις
207 1232 295 1297 ἐστίν
306 1228 323 1297 ὁ
334 1231 559 1318 Κλεοκράτης,
574 1232 690 1300 ἄκουε·
713 1234 824 1322 παύση
834 1232 899 1319 γὰρ
911 1230 953 1300 οὐ
961 1248 1058 1316 προί-

108 1353 150 1392 κα
168 1336 476 1413 πολυπραγμονεῖν,
498 1327 571 1396 οὐδ’
587 1329 663 1397 ἄπει
681 1332 761 1413 πρὶν
777 1338 904 1415 μακρᾶς
917 1327 1058 1396 οἰκοῦσαι

109 1425 297 1509 διηγήσεως.
329 1424 367 1493 τὸ
386 1427 447 1512 μὲν
463 1424 528 1512 γὰρ
546 1428 641 1512 γένος
652 1429 741 1496 ἐστὶν
753 1425 912 1494 ἁπάντων
923 1425 1057 1508 ἀνδρῶν

103 1513 269 1608 Ἑλλήνων
280 1523 342 1592 οὐκ
355 1527 392 1592 ἐν
403 1523 659 1609 οέφανεστοὶτοις,
676 1522 854 1610 Ἀρίφρονα
865 1521 925 1589 τὸν
937 1525 972 1590 ἐκ
983 1531 1056 1589 Δα-

106 1622 256 1706 μαγήτου
267 1631 299 1690 εί
306 1642 373 1690 που
384 1622 574 1690 πννθοὶνοιο
581 1672 591 1705 ,
617 1618 658 1687 ὃν
668 1624 722 1689 καλ
734 1618 752 1687 ὁ
763 1621 864 1706 μέγας
876 1627 960 1701 αίρει
971 1625 1056 1684 Πίν-
1072 1628 1125 1685 668

106 1722 213 1800 δαρος.
237 1716 305 1786 ἄλλ’
318 1717 407 1796 ὅπως
420 1719 465 1804 μη
476 1717 602 1803 γε’λωτα
615 1715 820 1804 ὀφλισκάνης
831 1721 952 1800 ζητεῖν,
967 1713 1056 1792 ὅστις

75 1841 92 1892 η
109 1816 198 1880 ἐστὶν
214 1812 420 1898 ὁΠίνδαρος.
454 1818 545 1882 τουτί
560 1813 621 1900 μὲν
637 1810 702 1896 γάρ
720 1811 809 1897 οἶμαι
826 1810 877 1878 ὅτι
893 1814 948 1878 καί
965 1809 1056 1899 παρὰ

110 1917 244 1995 Μαντίηι
265 1919 311 2000 τῷ
333 1919 563 1997 γραμματιστῇ
584 1909 652 1996 ἅμα
679 1914 752 1994 ἐμοί
772 1933 851 1976 ποτε
874 1915 996 1995 ἔμαθες
1017 1913 1054 1978 τὸ

107 2008 257 2093 γράμμα·
277 2012 329 2076 καὶ
342 2015 372 2077 εί
385 2007 527 2096 μηδενὸς
538 2015 584 2077 ἔτι
600 2017 668 2076 των
679 2007 767 2091 παρὰ
780 2015 916 2097 Μαντίηι
927 2034 1056 2095 μνημο-

107 2107 231 2191 νεύεις,
249 2110 286 2172 ἐν
297 2117 382 2192 γοῦν
399 2122 469 2187 ταῖς
479 2112 665 2194 ἐκκλησίαις
676 2107 890 2176 Μελανωπον
902 2108 1055 2177 ἑκάστοτε

108 2203 240 2284 ἀκούεις
250 2211 404 2292 λέγοντος
415 2201 466 2294 ,ὦ
477 2211 530 2275 ταὶ
541 2210 675 2291 λιπαραὶ
683 2209 737 2275 καί
750 2205 893 2293 ἀοίδιμοι
901 2205 1055 2287 Ἑλλάδος

73 2326 91 2379 s
108 2303 225 2390 ἔρεισμ’
238 2304 411 2390 Ἀθᾶναι,“
422 2309 477 2374 καί
490 2304 540 2376 ὅτι
546 2307 721 2389 Πινδάρου
727 2315 788 2375 τοῦ
794 2313 944 2399 Θηβαίου
954 2314 1053 2373 τοῦτο
1071 2311 1124 2368 669

104 2402 141 2471 τὸ
151 2407 312 2489 ἔποςέστί,
320 2408 484 2491 λέγοντος,
491 2407 546 2473 καὶ
557 2403 607 2473 ὅτι
619 2408 800 2491 ἐζημίωσαν
807 2400 910 2470 αὐτὸν
917 2409 1055 2488 Θηβαῖοι

106 2512 205 2571 τοῦτο
218 2506 402 2592 ποιήσαντα
414 2507 450 2572 τὸ
463 2512 559 2590 ἔπος,
577 2509 612 2572 οί
620 2505 656 2572 δὲ
667 2501 818 2590 ἡμέτεροι
830 2502 991 2586 πρόγονοι
1003 2505 1055 2567 δι-

105 2611 193 2688 πλην
203 2600 293 2688 αὐτῷ
304 2603 366 2688 την
377 2609 493 2689 ζημίαν
503 2603 671 2671 ἀπέδοσαν
693 2599 774 2687 μετὰ
798 2609 860 2669 τοῦ
877 2603 932 2668 καί
949 2602 1056 2669 εἰκόνι

105 2712 211 2791 χαλκῇ
221 2713 368 2789 τιμῆσαι·
397 2708 452 2772 καὶ
462 2697 507 2791 ἦν
518 2702 601 2790 αὕτη
613 2704 667 2771 καί
679 2710 726 2781 είς
736 2699 822 2788 ἡμᾶς
832 2706 879 2768 ἔτι
886 2753 895 2786 ,
918 2701 983 2785 πρὸ
995 2709 1055 2787 τῆς

105 2808 274 2887 βασιλείου
284 2810 391 2884 στοοῖς,
403 2803 594 2890 καθήμενος
605 2802 762 2888 ἑνδύματι
774 2801 829 2868 καὶ
840 2800 926 2886 λύρη
938 2797 956 2868 ὁ
967 2805 1053 2867 Πίν-
1111 2862 1116 2869 .

105 2907 220 2987 δαρος,
240 2902 382 2987 διάδημα
398 2906 481 2987 ἔχων
492 2903 547 2970 καὶ
563 2905 692 2970 ἐπὶτῶν
703 2895 1051 2993 γονοὶτωνᾶνειλιγμέ-

71 3013 88 3066 4
103 3024 164 3065 νον
181 3006 329 3085 βιβλίον..
356 2991 455 3079 οὗτος
473 2999 514 3086 δὴ
532 2998 549 3066 ὁ
567 3003 735 3084 Πίνδαρος
755 2996 958 3083 Δαμάγητον
980 2996 1054 3084 ᾄδει

106 3096 359 3181 ἑκείνον,είς-ὸ“ν
370 3096 533 3167 ἀνατείνει
543 3098 580 3165 τὸ
591 3098 824 3183 Κλεοκροὲτονς
835 3099 937 3181 γένος.
968 3100 1054 3179 λέγει

105 3199 143 3261 δέ
151 3219 217 3261 πον
229 3192 246 3261 ὁ
260 3193 360 3275 αὐτὸς
370 3200 539 3280 Πίνδαρος
549 3197 604 3264 καί
614 3196 654 3263 τὰ
666 3197 741 3278 περὶ
751 3194 1053 3279 τούςΔιαγορείονς

101 3295 158 3360 καὶ
170 3291 209 3359 τοὶ
220 3295 295 3377 περὶ
306 3295 367 3378 την
384 3300 582 3381 πρεσβῦτιν,
603 3285 644 3380 ἧς
661 3293 698 3361 τό
715 3299 870 3382 μητρῷον
880 3289 986 3358 αὐτοῦ
995 3296 1053 3375 γε’-

103 3418 159 3468 νος
171 3390 313 3458 ἅπτεται.
349 3393 403 3461 καί
420 3399 451 3461 εί
467 3392 511 3479 μὴ
530 3393 663 3479 σφόδρα
680 3389 775 3480 ᾔδειν
790 3397 937 3475 ποιητῶν
948 3386 1053 3472 ὑπέρ-
