2340 3916
136 221 176 283 98
545 213 675 266 ΙΣΑΙΟΤ
997 215 1052 270 On.
1069 218 1097 272 7.

135 390 286 479 φανεροῦ
310 377 571 511 τριηραρχοῦντα
601 381 801 477 ἀνηρήκασι,
833 340 924 455 κάλει
956 416 1011 477 μοι
1037 391 1098 460 καὶ

134 486 265 560 τούτων
282 485 359 570 τοῦς
375 485 551 579 μάρτυρας.

510 702 717 756 ΜΑΡΤΤΡΕΣ.

82 907 117 962 33
209 899 255 965 Et
269 902 385 965 τοίνυν
402 897 457 963 καὶ
474 896 616 964 τοιοῦτοι
633 891 690 974 τάς
707 891 826 983 φῦσεις
837 895 913 984 περὶ
931 889 1098 981 ἀλλήλους

136 996 199 1063 είσὶ
223 996 279 1063 καὶ
303 1001 419 1085 ἔχθραι
442 991 523 1085 πρὸς
538 990 786 1084 Ἀπολλόδωρον
807 990 867 1064 τὸν
885 995 941 1083 ἐμὲ
957 991 1097 1081 ποιησά-

134 1121 236 1182 μενον
252 1089 402 1185 ὑπῆρχον
413 1091 526 1175 αῦτοϊς
543 1096 735 1183 τηλικαῦται
751 1091 789 1163 τῦ
799 1095 951 1182 μέγεθος,
970 1101 1006 1163 τί
1021 1096 1097 1181 βέλ-

115 1222 205 1282 τιον
222 1189 266 1264 ἀν
284 1199 423 1285 ἔπραξεν
440 1189 461 1283 ή
478 1198 582 1265 ταῦτα
599 1192 864 1284 βουλευσάμενος
881 1190 965 1285 δπερ
984 1197 1098 1282 ἐποίη-

134 1314 208 1379 σεν,
236 1323 258 1382 η
282 1324 324 1383 νη
350 1304 419 1367 Δία
444 1302 580 1366 παιδίον
605 1294 778 1384 ἐποιήσατο
796 1292 911 1384 λαβεδν
927 1292 1017 1385 παρά
1034 1323 1098 1365 τον

132 1423 201 1464 τωυ
227 1394 379 1484 φίλωυ”
361 1424 484 1484 οντων,
511 1400 567 1467 καὶ
591 1394 697 1489 τοῦτφ
723 1393 786 1484 τήν
810 1391 931 1469 οῦσίαν
949 1401 1097 1480 έδωκεν;

133 1491 216 1563 ἀλλά
233 1498 288 1564 καὶ
305 1493 397 1566 τοῦτ’
422 1486 465 1585 ήν
482 1494 608 1585 ἀδηλον
626 1466 683 1567 καΙ
697 1513 766 1578 τοϊς
784 1494 1003 1584 γεννήσασιν,
1028 1507 1098 1565 είτε

133 1603 319 1667 σπουδαιου
345 1607 411 1667 είτε
436 1595 578 1686 μηδενὸς
594 1594 686 1681 ἀξιον
704 1604 840 1687 ἔμελλεν
858 1603 1010 1685 ἔσεσθαι,
1039 1594 1097 1665 διά

80 1715 115 1768 34
132 1693 194 1783 τήν
219 1692 312 1785 ήλικί
310 1726 361 1768 αν.
407 1701 488 1788 ἐμοῦ
514 1699 551 1768 δὲ
577 1714 696 1788 πεῖραν
723 1695 867 1787 εἰλήφει,
896 1703 1096 1786 δοκιμασίαν

133 1795 252 1885 ίκανήν
277 1797 399 1886 λαβών.
445 1810 491 1879 είς
516 1827 552 1869 τε
575 1797 639 1912 γάρ
656 1795 716 1868 τόν
732 1801 857 1889 πατέρα
882 1794 991 1867 καὶ
954 1825 1017 1885 την
1034 1826 1095 1887 μη·

131 1900 210 1985 τέρα
232 1894 296 1985 Ιῖ
260 1927 278 1968 ο
293 1928 328 1978 ος
345 1889 388 1986 ήν
405 1895 549 1991 ἀκριβοῦς
566 1897 652 1989 ήδει,
670 1928 738 1970 των
755 1928 773 1968 τ
776 1896 937 1968 ὀἰκείων
957 1901 1097 1987 ἐπιμελῆ

132 1994 237 2065 καί’
198 2003 372 2121 ταμαυτοῦ
378 1997 533 2090 πράττειν
546 1999 774 2122 ἐπιστάμενον·
794 1994 866 2069 ἐν’
847 2000 933 2089 αρχή
947 2027 995 2086 τε,
1014 2011 1095 2068 θεσ-

131 2095 328 2188 μοθετήσας,
348 2126 393 2178 ως
401 2097 626 2222 ἐγευόμην’
586 2128 649 2169 ουκ
659 2097 772 2180 αδικος
790 2096 870 2170 οῦδὲ
882 2101 1094 2189 πλεονέκτης,

130 2193 289 2284 ήπίστατο
316 2219 438 2287 σαφως.
483 2196 560 2269 ὡστ’
579 2196 641 2269 οῦκ
658 2196 789 2288 ἀγνοοῦν
815 2196 898 2269 ἀλλά
914 2221 1029 2288 σαφως
1049 2207 1095 2269 εί

78 2314 113 2367 35
132 2295 197 2376 δοδς
225 2301 298 2368 ἐποί
284 2307 327 2366 ίει
344 2327 390 2422 με
401 2328 470 2368 των
487 2295 594 2369 αῦτοῦ
610 2298 735 2391 κῦριον.
780 2295 895 2370 καί
853 2328 920 2389 μην
937 2296 1018 2369 οῦδὲ
1035 2295 1094 2370 ἀλ·

131 2396 263 2489 λότριον
280 2395 382 2469 ἀλλ’
371 2398 452 2469 όντα
467 2396 684 2489 ἀδελφιδοῦν,
703 2397 779 2470 οὐδ’
799 2391 843 2469 αῦ
859 2397 959 2490 μικρά
969 2427 1094 2471 πεπον-

132 2496 203 2580 δῦς
221 2495 304 2569 ἀλλά
329 2498 455 2590 μεγάλα
471 2496 583 2588 ἀγαδά
599 2496 663 2590 ἀφ’
690 2496 798 2590 ήμῦν,
817 2496 893 2571 οὐδ’
913 2530 956 2570 αυ
945 2491 1093 2590 ἀφιλό-

131 2629 241 2690 τιμον,
268 2596 304 2681 δς
330 2598 370 2670 τά
394 2599 474 2672 ὅντα
499 2598 633 2691 ἀφιέναι
659 2599 839 2691 ἒμελλον“
812 2622 924 2692 ωσπερ
941 2591 1034 2671 οῦτοι
1051 2600 1094 2671 τά

131 2704 192 2769 τοῦ
225 2699 349 2792 κλήρου
383 2701 616 2790 πεποιήκασιν,
652 2698 735 2772 ἀλλά
761 2698 1008 2791 βουλησόμενον
1034 2705 1094 2772 καὶ

129 2818 339 2922 τριηραρχεῖν
370 2804 427 2871 καὶ
451 2813 608 2891 πολεμεῖν
639 2805 695 2872 καὶ
716 2819 874 2925 χορηγεῖν
900 2805 956 2871 καί
981 2799 1091 2872 πάνθ’

75 2912 112 2966 36
128 2894 212 2988 ῦμῖν
229 2897 269 2969 τά
286 2899 551 2991 προσταττόμενα
567 2919 686 2993 ποιεῖν,
706 2900 815 2994 ὥσπερ
833 2899 992 2983 κάκεῖνος.
1018 2911 1092 2972 καί·

129 3028 179 3069 τοι
198 3007 230 3069 εί
216 3003 301 3070 ίκαὶ
318 2998 481 3090 συγγενής
499 3005 555 3073 καὶ
578 3011 675 3092 φίλος
693 3006 748 3073 καὶ
766 3000 939 3122 εὐεργέτης
961 3006 1017 3073 καὶ
1035 3032 1091 3093 φι-

129 3099 258 3189 λότιμος
275 3104 331 3172 καὶ
350 3099 671 3194 δεδοκιμασμένος
651 3108 801 3194 υπήρχον
822 3107 969 3184 τοιοῦτος
989 3104 1089 3193 εἶναι,

128 3209 177 3281 τίς
195 3195 237 3272 ἀν
254 3198 514 3292 ἀμφισβητήσειε
539 3202 584 3295 μή
601 3200 663 3275 οῦκ
680 3200 802 3295 ἀνδρδς
827 3194 866 3274 εῦ
882 3208 1090 3295 φρονοῦντος

130 3301 215 3371 εἶναι
231 3300 356 3391 ταύτην
372 3301 434 3392 τήν
451 3313 600 3394 ποίησιν;
619 3301 682 3392 ἐγώ
699 3313 815 3375 τοίνυν
829 3308 866 3375 ἕν
882 3333 922 3392 γε
938 3306 1008 3376 τόν
1024 3301 1089 3375 ἀπ’

130 3406 258 3492 ἐκείνου
277 3409 547 3495 δοκιμασθέντων
563 3403 628 3494 ήδη
645 3412 822 3494 πεποίηκα
844 3403 1088 3497 γεγυμνασιάρ·

126 3531 212 3594 χηκα
227 3501 291 3595 γάρ
309 3512 356 3587 είς
373 3504 570 3598 Προμήθεια
593 3508 694 3613 τοῦδε
709 3509 771 3577 τοῦ
789 3509 945 3578 ἐνιαυτοῦ
960 3512 1089 3596 φιλοτί-
