<?xml version="1.0" encoding="UTF-8"?>
<!DOCTYPE html PUBLIC "-//W3C//DTD XHTML 1.0 Transitional//EN"
    "http://www.w3.org/TR/xhtml1/DTD/xhtml1-transitional.dtd">
<html xmlns="http://www.w3.org/1999/xhtml" xml:lang="en" lang="en">
 <head>
  <title>
</title>
<meta http-equiv="Content-Type" content="text/html;charset=utf-8" />
  <meta name='ocr-system' content='tesseract 3.04.00' />
  <meta name='ocr-capabilities' content='ocr_page ocr_carea ocr_par ocr_line ocrx_word'/>
</head>
<body>
  <div class='ocr_page' id='page_1' title='image "./orationescumali00isaegoog/orationescumali00isaegoog_0653.png"; bbox 0 0 2340 3916; ppageno 0'>
   <div class='ocr_carea' id='block_1_1' title="bbox 172 185 778 253">
    <p class='ocr_par' dir='ltr' id='par_1_1' title="bbox 172 185 778 253">
     <span class='ocr_line' id='line_1_1' title="bbox 172 185 778 253; baseline -0.021 0"><span class='ocrx_word' id='word_1_1' title='bbox 172 190 232 253; x_wconf 73' lang='lat'><em>172</em></span> <span class='ocrx_word' id='word_1_2' title='bbox 521 185 778 244; x_wconf 74' lang='grc' dir='ltr'><em>ΑΙΣΧΙΝΟΥ</em></span> 
     </span>
    </p>
   </div>
   <div class='ocr_carea' id='block_1_2' title="bbox 106 341 1166 3490">
    <p class='ocr_par' dir='ltr' id='par_1_2' title="bbox 106 341 1166 3490">
     <span class='ocr_line' id='line_1_2' title="bbox 172 341 1126 437; baseline -0.009 -21"><span class='ocrx_word' id='word_1_3' title='bbox 172 377 246 437; x_wconf 85' lang='grc' dir='ltr'><em>μιος</em></span> <span class='ocrx_word' id='word_1_4' title='bbox 257 345 300 417; x_wconf 82' lang='grc' dir='ltr'><em>ἀν</em></span> <span class='ocrx_word' id='word_1_5' title='bbox 312 357 361 433; x_wconf 81' lang='grc' dir='ltr'><em>εἴη</em></span> <span class='ocrx_word' id='word_1_6' title='bbox 373 354 419 436; x_wconf 73' lang='grc' dir='ltr'><em>τῷ</em></span> <span class='ocrx_word' id='word_1_7' title='bbox 431 346 541 434; x_wconf 81' lang='grc' dir='ltr'><em>δήμφ,</em></span> <span class='ocrx_word' id='word_1_8' title='bbox 564 344 716 413; x_wconf 74' lang='grc' dir='ltr'><em>θάνατον</em></span> <span class='ocrx_word' id='word_1_9' title='bbox 731 342 795 430; x_wconf 80' lang='grc' dir='ltr'><em>γάρ</em></span> <span class='ocrx_word' id='word_1_10' title='bbox 807 341 912 409; x_wconf 80' lang='grc' dir='ltr'><em>αὑτοῦ</em></span> <span class='ocrx_word' id='word_1_11' title='bbox 922 349 990 409; x_wconf 81' lang='grc' dir='ltr'><em>των</em></span> <span class='ocrx_word' id='word_1_12' title='bbox 1001 343 1126 425; x_wconf 89' lang='grc' dir='ltr'><em>προγό-</em></span> 
     </span>
     <span class='ocr_line' id='line_1_3' title="bbox 173 439 1125 531; baseline -0.009 -15"><span class='ocrx_word' id='word_1_13' title='bbox 173 473 244 516; x_wconf 91' lang='grc' dir='ltr'><em>νων</em></span> <span class='ocrx_word' id='word_1_14' title='bbox 254 451 448 531; x_wconf 80' lang='grc' dir='ltr'><strong><em>κατέγνωτε,</em></strong></span> <span class='ocrx_word' id='word_1_15' title='bbox 460 441 499 510; x_wconf 83' lang='grc' dir='ltr'><em>τά</em></span> <span class='ocrx_word' id='word_1_16' title='bbox 512 441 542 510; x_wconf 86' lang='grc' dir='ltr'><em>δ’</em></span> <span class='ocrx_word' id='word_1_17' title='bbox 558 441 622 510; x_wconf 84' lang='grc' dir='ltr'><em>ἀπό</em></span> <span class='ocrx_word' id='word_1_18' title='bbox 634 450 691 528; x_wconf 83' lang='grc' dir='ltr'><em>τῆς</em></span> <span class='ocrx_word' id='word_1_19' title='bbox 701 439 824 527; x_wconf 84' lang='grc' dir='ltr'><em>μητρός</em></span> <span class='ocrx_word' id='word_1_20' title='bbox 835 440 984 526; x_wconf 77' lang='grc' dir='ltr'><em>Σκύθης,</em></span> <span class='ocrx_word' id='word_1_21' title='bbox 996 441 1125 527; x_wconf 76' lang='grc' dir='ltr'><em>βάρβα-</em></span> 
     </span>
     <span class='ocr_line' id='line_1_4' title="bbox 176 537 1126 632; baseline -0.008 -19"><span class='ocrx_word' id='word_1_22' title='bbox 176 573 233 628; x_wconf 85' lang='grc' dir='ltr'><em>ρος</em></span> <span class='ocrx_word' id='word_1_23' title='bbox 251 545 428 629; x_wconf 79' lang='grc' dir='ltr'><em>ἑλληνίζων</em></span> <span class='ocrx_word' id='word_1_24' title='bbox 443 553 484 632; x_wconf 80' lang='grc' dir='ltr'><em>τῇ</em></span> <span class='ocrx_word' id='word_1_25' title='bbox 502 552 614 630; x_wconf 78' lang='grc' dir='ltr'><em>φωνῇ·</em></span> <span class='ocrx_word' id='word_1_26' title='bbox 638 540 722 610; x_wconf 71' lang='grc' dir='ltr'><em>ὅθεν</em></span> <span class='ocrx_word' id='word_1_27' title='bbox 739 543 793 607; x_wconf 84' lang='grc' dir='ltr'><em>καὶ</em></span> <span class='ocrx_word' id='word_1_28' title='bbox 811 538 872 624; x_wconf 82' lang='grc' dir='ltr'><em>την</em></span> <span class='ocrx_word' id='word_1_29' title='bbox 888 537 1126 624; x_wconf 86' lang='grc' dir='ltr'><em>πονηρίανούκ</em></span> 
     </span>
     <span class='ocr_line' id='line_1_5' title="bbox 173 636 1166 729; baseline -0.008 -18"><span class='ocrx_word' id='word_1_30' title='bbox 173 642 344 729; x_wconf 76' lang='grc' dir='ltr'><em>ἐπιχώριός</em></span> <span class='ocrx_word' id='word_1_31' title='bbox 361 645 437 709; x_wconf 87' lang='grc' dir='ltr'><em>ἐστι.</em></span> <span class='ocrx_word' id='word_1_32' title='bbox 460 643 534 726; x_wconf 84' lang='grc' dir='ltr'><em>περὶ</em></span> <span class='ocrx_word' id='word_1_33' title='bbox 558 640 593 708; x_wconf 74' lang='grc' dir='ltr'><em>δὲ</em></span> <span class='ocrx_word' id='word_1_34' title='bbox 610 639 673 726; x_wconf 79' lang='grc' dir='ltr'><em>τὴν</em></span> <span class='ocrx_word' id='word_1_35' title='bbox 689 637 771 707; x_wconf 77' lang='grc' dir='ltr'><em>καθ’</em></span> <span class='ocrx_word' id='word_1_36' title='bbox 788 636 915 725; x_wconf 79' lang='grc' dir='ltr'><em>ἡμέραν</em></span> <span class='ocrx_word' id='word_1_37' title='bbox 932 643 1061 704; x_wconf 88' lang='grc' dir='ltr'><em>δίαιταν</em></span> <span class='ocrx_word' id='word_1_38' title='bbox 1077 644 1126 714; x_wconf 90' lang='grc' dir='ltr'><em>τίς</em></span> <span class='ocrx_word' id='word_1_39' title='bbox 1145 651 1166 703; x_wconf 70' lang='lat' dir='ltr'><em>l]</em></span> 
     </span>
     <span class='ocr_line' id='line_1_6' title="bbox 174 733 1125 825; baseline -0.007 -17"><span class='ocrx_word' id='word_1_40' title='bbox 174 745 278 819; x_wconf 86' lang='grc' dir='ltr'><em>έστιν;</em></span> <span class='ocrx_word' id='word_1_41' title='bbox 302 745 337 808; x_wconf 80' lang='grc' dir='ltr'><em>ἐκ</em></span> <span class='ocrx_word' id='word_1_42' title='bbox 361 740 563 825; x_wconf 77' lang='grc' dir='ltr'><em>τριηράρχου</em></span> <span class='ocrx_word' id='word_1_43' title='bbox 577 737 787 824; x_wconf 75' lang='grc' dir='ltr'><em>λογογράφος</em></span> <span class='ocrx_word' id='word_1_44' title='bbox 803 734 971 820; x_wconf 76' lang='grc' dir='ltr'><em>ἀνεφάνη,</em></span> <span class='ocrx_word' id='word_1_45' title='bbox 994 733 1033 802; x_wconf 87' lang='grc' dir='ltr'><em>τά</em></span> <span class='ocrx_word' id='word_1_46' title='bbox 1059 760 1125 801; x_wconf 90' lang='grc' dir='ltr'><em>πα-</em></span> 
     </span>
     <span class='ocr_line' id='line_1_7' title="bbox 173 835 1126 928; baseline -0.004 -24"><span class='ocrx_word' id='word_1_47' title='bbox 173 848 262 928; x_wconf 76' lang='grc' dir='ltr'><em>τρῷα</em></span> <span class='ocrx_word' id='word_1_48' title='bbox 278 837 527 922; x_wconf 80' lang='grc' dir='ltr'><em>καταγελάστως</em></span> <span class='ocrx_word' id='word_1_49' title='bbox 542 839 738 921; x_wconf 80' lang='grc' dir='ltr'><em>προέμενος·</em></span> <span class='ocrx_word' id='word_1_50' title='bbox 760 837 895 914; x_wconf 84' lang='grc' dir='ltr'><em>ἀπιστος</em></span> <span class='ocrx_word' id='word_1_51' title='bbox 917 835 953 902; x_wconf 76' lang='grc' dir='ltr'><em>δέ</em></span> <span class='ocrx_word' id='word_1_52' title='bbox 974 837 1028 902; x_wconf 86' lang='grc' dir='ltr'><em>καὶ</em></span> <span class='ocrx_word' id='word_1_53' title='bbox 1050 838 1126 919; x_wconf 78' lang='grc' dir='ltr'><em>περὶ</em></span> 
     </span>
     <span class='ocr_line' id='line_1_8' title="bbox 175 931 1124 1020; baseline -0.005 -16"><span class='ocrx_word' id='word_1_54' title='bbox 175 945 278 1004; x_wconf 82' lang='grc' dir='ltr'><em>ταῦτα</em></span> <span class='ocrx_word' id='word_1_55' title='bbox 290 935 386 1014; x_wconf 83' lang='grc' dir='ltr'><em>δόξας</em></span> <span class='ocrx_word' id='word_1_56' title='bbox 405 933 488 1002; x_wconf 81' lang='grc' dir='ltr'><em>εἶναι</em></span> <span class='ocrx_word' id='word_1_57' title='bbox 506 937 561 1001; x_wconf 78' lang='grc' dir='ltr'><em>καὶ</em></span> <span class='ocrx_word' id='word_1_58' title='bbox 571 931 650 1012; x_wconf 89' lang='grc' dir='ltr'><em>τοὺς</em></span> <span class='ocrx_word' id='word_1_59' title='bbox 661 936 780 1020; x_wconf 82' lang='grc' dir='ltr'><em>λόγους</em></span> <span class='ocrx_word' id='word_1_60' title='bbox 791 936 941 1019; x_wconf 81' lang='grc' dir='ltr'><em>ἐκφέρων</em></span> <span class='ocrx_word' id='word_1_61' title='bbox 953 947 1021 1011; x_wconf 89' lang='grc' dir='ltr'><em>τοῖς</em></span> <span class='ocrx_word' id='word_1_62' title='bbox 1032 932 1124 999; x_wconf 88' lang='grc' dir='ltr'><em>ἀντι-</em></span> 
     </span>
     <span class='ocr_line' id='line_1_9' title="bbox 177 1029 1125 1122; baseline -0.008 -19"><span class='ocrx_word' id='word_1_63' title='bbox 177 1041 279 1114; x_wconf 86' lang='grc' dir='ltr'><em>δίκοις</em></span> <span class='ocrx_word' id='word_1_64' title='bbox 302 1032 511 1120; x_wconf 76' lang='grc' dir='ltr'><em>ἀνεπήδησεν</em></span> <span class='ocrx_word' id='word_1_65' title='bbox 528 1035 581 1100; x_wconf 78' lang='grc' dir='ltr'><em>ἐπὶ</em></span> <span class='ocrx_word' id='word_1_66' title='bbox 598 1032 634 1100; x_wconf 86' lang='grc' dir='ltr'><em>τό</em></span> <span class='ocrx_word' id='word_1_67' title='bbox 654 1040 758 1122; x_wconf 77' lang='grc' dir='ltr'><em>βῆμα·</em></span> <span class='ocrx_word' id='word_1_68' title='bbox 783 1041 937 1101; x_wconf 86' lang='grc' dir='ltr'><em>πλεῖστον</em></span> <span class='ocrx_word' id='word_1_69' title='bbox 958 1029 989 1098; x_wconf 88' lang='grc' dir='ltr'><em>δ’</em></span> <span class='ocrx_word' id='word_1_70' title='bbox 1013 1034 1047 1097; x_wconf 88' lang='grc' dir='ltr'><em>έκ</em></span> <span class='ocrx_word' id='word_1_71' title='bbox 1068 1037 1125 1114; x_wconf 76' lang='grc' dir='ltr'><em>τῆς</em></span> 
     </span>
     <span class='ocr_line' id='line_1_10' title="bbox 174 1128 1113 1218; baseline -0.006 -19"><span class='ocrx_word' id='word_1_72' title='bbox 174 1133 299 1210; x_wconf 84' lang='grc' dir='ltr'><em>πόλεως</em></span> <span class='ocrx_word' id='word_1_73' title='bbox 327 1133 469 1218; x_wconf 84' lang='grc' dir='ltr'><em>είληφως</em></span> <span class='ocrx_word' id='word_1_74' title='bbox 495 1129 658 1216; x_wconf 80' lang='grc' dir='ltr'><em>ἀργύριον</em></span> <span class='ocrx_word' id='word_1_75' title='bbox 684 1130 835 1216; x_wconf 82' lang='grc' dir='ltr'><em>ἐλάχιστα</em></span> <span class='ocrx_word' id='word_1_76' title='bbox 862 1128 1113 1215; x_wconf 82' lang='grc' dir='ltr'><em>περιεποιήσατο</em></span> 
     </span>
     <span class='ocr_line' id='line_1_11' title="bbox 106 1223 1126 1315; baseline -0.008 -17"><span class='ocrx_word' id='word_1_77' title='bbox 106 1246 158 1300; x_wconf 76' lang='grc'><em>664</em></span> <span class='ocrx_word' id='word_1_78' title='bbox 175 1238 240 1295; x_wconf 82' lang='grc' dir='ltr'><em>νῦν</em></span> <span class='ocrx_word' id='word_1_79' title='bbox 258 1235 369 1313; x_wconf 87' lang='grc' dir='ltr'><em>μέντοι</em></span> <span class='ocrx_word' id='word_1_80' title='bbox 385 1226 422 1297; x_wconf 83' lang='grc' dir='ltr'><em>τὸ</em></span> <span class='ocrx_word' id='word_1_81' title='bbox 441 1226 615 1315; x_wconf 83' lang='grc' dir='ltr'><em>βασιλικὸν</em></span> <span class='ocrx_word' id='word_1_82' title='bbox 631 1235 769 1313; x_wconf 85' lang='grc' dir='ltr'><em>χρυσίον</em></span> <span class='ocrx_word' id='word_1_83' title='bbox 785 1230 976 1295; x_wconf 80' lang='grc' dir='ltr'><em>ἐπικέκλυκε</em></span> <span class='ocrx_word' id='word_1_84' title='bbox 991 1223 1053 1310; x_wconf 79' lang='grc' dir='ltr'><em>τὴν</em></span> <span class='ocrx_word' id='word_1_85' title='bbox 1065 1229 1126 1291; x_wconf 86' lang='grc' dir='ltr'><em>δα-</em></span> 
     </span>
     <span class='ocr_line' id='line_1_12' title="bbox 176 1321 1125 1411; baseline -0.003 -19"><span class='ocrx_word' id='word_1_86' title='bbox 176 1327 287 1411; x_wconf 91' lang='grc' dir='ltr'><em>πάνην</em></span> <span class='ocrx_word' id='word_1_87' title='bbox 298 1324 421 1409; x_wconf 83' lang='grc' dir='ltr'><em>αὑτοῦ,</em></span> <span class='ocrx_word' id='word_1_88' title='bbox 443 1331 533 1393; x_wconf 83' lang='grc' dir='ltr'><em>ἔσται</em></span> <span class='ocrx_word' id='word_1_89' title='bbox 544 1323 575 1393; x_wconf 83' lang='grc' dir='ltr'><em>δ’</em></span> <span class='ocrx_word' id='word_1_90' title='bbox 590 1324 668 1394; x_wconf 74' lang='grc' dir='ltr'><em>οὐδὲ</em></span> <span class='ocrx_word' id='word_1_91' title='bbox 679 1323 778 1394; x_wconf 77' lang='grc' dir='ltr'><em>τοῦδ’</em></span> <span class='ocrx_word' id='word_1_92' title='bbox 791 1325 922 1392; x_wconf 85' lang='grc' dir='ltr'><em>ίκανόν·</em></span> <span class='ocrx_word' id='word_1_93' title='bbox 942 1321 1049 1401; x_wconf 80' lang='grc' dir='ltr'><em>οὐδεὶς</em></span> <span class='ocrx_word' id='word_1_94' title='bbox 1060 1323 1125 1407; x_wconf 83' lang='grc' dir='ltr'><em>γάρ</em></span> 
     </span>
     <span class='ocr_line' id='line_1_13' title="bbox 175 1419 1124 1510; baseline -0.003 -20"><span class='ocrx_word' id='word_1_95' title='bbox 175 1424 307 1491; x_wconf 79' lang='grc' dir='ltr'><em>πώποτε</em></span> <span class='ocrx_word' id='word_1_96' title='bbox 319 1431 462 1502; x_wconf 81' lang='grc' dir='ltr'><em>πλοῦτος</em></span> <span class='ocrx_word' id='word_1_97' title='bbox 474 1423 601 1506; x_wconf 87' lang='grc' dir='ltr'><em>τρόπον</em></span> <span class='ocrx_word' id='word_1_98' title='bbox 613 1432 764 1510; x_wconf 85' lang='grc' dir='ltr'><em>πονηροῦ</em></span> <span class='ocrx_word' id='word_1_99' title='bbox 780 1425 996 1508; x_wconf 81' lang='grc' dir='ltr'><em>περιεγένετο·</em></span> <span class='ocrx_word' id='word_1_100' title='bbox 1016 1423 1071 1489; x_wconf 84' lang='grc' dir='ltr'><em>καὶ</em></span> <span class='ocrx_word' id='word_1_101' title='bbox 1087 1419 1124 1487; x_wconf 84' lang='grc' dir='ltr'><em>τὸ</em></span> 
     </span>
     <span class='ocr_line' id='line_1_14' title="bbox 174 1519 1126 1607; baseline -0.003 -19"><span class='ocrx_word' id='word_1_102' title='bbox 174 1520 374 1607; x_wconf 84' lang='grc' dir='ltr'><em>κεφάλαιον,</em></span> <span class='ocrx_word' id='word_1_103' title='bbox 396 1521 456 1588; x_wconf 86' lang='grc' dir='ltr'><em>τόν</em></span> <span class='ocrx_word' id='word_1_104' title='bbox 472 1527 546 1606; x_wconf 83' lang='grc' dir='ltr'><em>βίον</em></span> <span class='ocrx_word' id='word_1_105' title='bbox 558 1519 620 1589; x_wconf 82' lang='grc' dir='ltr'><em>οὑκ</em></span> <span class='ocrx_word' id='word_1_106' title='bbox 639 1526 674 1589; x_wconf 87' lang='grc' dir='ltr'><em>έκ</em></span> <span class='ocrx_word' id='word_1_107' title='bbox 692 1531 759 1588; x_wconf 77' lang='grc' dir='ltr'><em>τῶν</em></span> <span class='ocrx_word' id='word_1_108' title='bbox 770 1526 864 1588; x_wconf 80' lang='grc' dir='ltr'><em>ἰδίων</em></span> <span class='ocrx_word' id='word_1_109' title='bbox 874 1521 1050 1606; x_wconf 88' lang='grc' dir='ltr'><em>προσόδων</em></span> <span class='ocrx_word' id='word_1_110' title='bbox 1063 1542 1126 1586; x_wconf 92' lang='grc' dir='ltr'><em>πο-</em></span> 
     </span>
     <span class='ocr_line' id='line_1_15' title="bbox 175 1616 1166 1705; baseline -0.001 -19"><span class='ocrx_word' id='word_1_111' title='bbox 175 1626 310 1705; x_wconf 72' lang='grc' dir='ltr'><em>ρίζεται,</em></span> <span class='ocrx_word' id='word_1_112' title='bbox 334 1617 408 1686; x_wconf 84' lang='grc' dir='ltr'><em>ἀλλ’</em></span> <span class='ocrx_word' id='word_1_113' title='bbox 424 1622 459 1686; x_wconf 83' lang='grc' dir='ltr'><em>ἐκ</em></span> <span class='ocrx_word' id='word_1_114' title='bbox 477 1626 545 1686; x_wconf 80' lang='grc' dir='ltr'><em>τῶν</em></span> <span class='ocrx_word' id='word_1_115' title='bbox 555 1616 723 1705; x_wconf 88' lang='grc' dir='ltr'><em>ὑμετέρων</em></span> <span class='ocrx_word' id='word_1_116' title='bbox 734 1619 910 1687; x_wconf 82' lang='grc' dir='ltr'><em>κινδύνων.</em></span> <span class='ocrx_word' id='word_1_117' title='bbox 937 1621 1011 1704; x_wconf 79' lang='grc' dir='ltr'><em>περὶ</em></span> <span class='ocrx_word' id='word_1_118' title='bbox 1024 1617 1056 1686; x_wconf 87' lang='grc' dir='ltr'><em>δ’</em></span> <span class='ocrx_word' id='word_1_119' title='bbox 1069 1617 1127 1685; x_wconf 85' lang='grc' dir='ltr'><em>εὑ·</em></span> <span class='ocrx_word' id='word_1_120' title='bbox 1145 1628 1166 1681; x_wconf 87' lang='lat' dir='ltr'><em>l&#39;.</em></span> 
     </span>
     <span class='ocr_line' id='line_1_16' title="bbox 108 1715 1126 1804; baseline -0.005 -17"><span class='ocrx_word' id='word_1_121' title='bbox 108 1742 159 1796; x_wconf 77' lang='lat'><em>565</em></span> <span class='ocrx_word' id='word_1_122' title='bbox 177 1718 400 1804; x_wconf 87' lang='grc' dir='ltr'><em>γνωμοσόνην</em></span> <span class='ocrx_word' id='word_1_123' title='bbox 417 1721 472 1785; x_wconf 85' lang='grc' dir='ltr'><em>καὶ</em></span> <span class='ocrx_word' id='word_1_124' title='bbox 490 1718 594 1803; x_wconf 91' lang='grc' dir='ltr'><em>λόγου</em></span> <span class='ocrx_word' id='word_1_125' title='bbox 612 1717 755 1803; x_wconf 83' lang='grc' dir='ltr'><em>δύναμιν</em></span> <span class='ocrx_word' id='word_1_126' title='bbox 771 1725 840 1796; x_wconf 80' lang='grc' dir='ltr'><em>πῶς</em></span> <span class='ocrx_word' id='word_1_127' title='bbox 851 1722 995 1802; x_wconf 82' lang='grc' dir='ltr'><em>πέφυκε;</em></span> <span class='ocrx_word' id='word_1_128' title='bbox 1018 1715 1126 1792; x_wconf 82' lang='grc' dir='ltr'><em>δεινὸς</em></span> 
     </span>
     <span class='ocr_line' id='line_1_17' title="bbox 175 1816 1126 1905; baseline -0.005 -19"><span class='ocrx_word' id='word_1_129' title='bbox 175 1821 299 1904; x_wconf 84' lang='grc' dir='ltr'><em>λέγειν,</em></span> <span class='ocrx_word' id='word_1_130' title='bbox 317 1817 418 1897; x_wconf 82' lang='grc' dir='ltr'><em>κακός</em></span> <span class='ocrx_word' id='word_1_131' title='bbox 436 1826 564 1905; x_wconf 72' lang='grc' dir='ltr'><em>βιῶναι.</em></span> <span class='ocrx_word' id='word_1_132' title='bbox 588 1817 674 1885; x_wconf 86' lang='grc' dir='ltr'><em>οὑτω</em></span> <span class='ocrx_word' id='word_1_133' title='bbox 686 1819 750 1904; x_wconf 82' lang='grc' dir='ltr'><em>γάρ</em></span> <span class='ocrx_word' id='word_1_134' title='bbox 761 1821 912 1902; x_wconf 83' lang='grc' dir='ltr'><em>κέχρηται</em></span> <span class='ocrx_word' id='word_1_135' title='bbox 923 1818 978 1883; x_wconf 77' lang='grc' dir='ltr'><em>καὶ</em></span> <span class='ocrx_word' id='word_1_136' title='bbox 989 1823 1035 1904; x_wconf 77' lang='grc' dir='ltr'><em>τῷ</em></span> <span class='ocrx_word' id='word_1_137' title='bbox 1048 1816 1126 1882; x_wconf 85' lang='grc' dir='ltr'><em>ἑαυ-</em></span> 
     </span>
     <span class='ocr_line' id='line_1_18' title="bbox 175 1915 1126 2006; baseline -0.005 -23"><span class='ocrx_word' id='word_1_138' title='bbox 175 1925 236 1984; x_wconf 75' lang='grc' dir='ltr'><em>τοῦ</em></span> <span class='ocrx_word' id='word_1_139' title='bbox 261 1917 386 2003; x_wconf 79' lang='grc' dir='ltr'><em>σάματι</em></span> <span class='ocrx_word' id='word_1_140' title='bbox 409 1920 463 1984; x_wconf 83' lang='grc' dir='ltr'><em>καὶ</em></span> <span class='ocrx_word' id='word_1_141' title='bbox 487 1921 677 2006; x_wconf 76' lang='grc' dir='ltr'><em>παιδοποιία</em></span> <span class='ocrx_word' id='word_1_142' title='bbox 700 1915 777 1984; x_wconf 74' lang='grc' dir='ltr'><em>ὥστ’</em></span> <span class='ocrx_word' id='word_1_143' title='bbox 801 1916 855 2002; x_wconf 75' lang='grc' dir='ltr'><em>ἐμὲ</em></span> <span class='ocrx_word' id='word_1_144' title='bbox 876 1915 920 2002; x_wconf 80' lang='grc' dir='ltr'><em>μὴ</em></span> <span class='ocrx_word' id='word_1_145' title='bbox 942 1915 1126 2002; x_wconf 77' lang='grc' dir='ltr'><em>βούλεσθαι</em></span> 
     </span>
     <span class='ocr_line' id='line_1_19' title="bbox 178 2013 1126 2105; baseline -0.004 -22"><span class='ocrx_word' id='word_1_146' title='bbox 178 2014 316 2101; x_wconf 84' lang='grc' dir='ltr'><em>λέγεινά</em></span> <span class='ocrx_word' id='word_1_147' title='bbox 327 2017 435 2105; x_wconf 79' lang='grc' dir='ltr'><em>τούτῳ</em></span> <span class='ocrx_word' id='word_1_148' title='bbox 447 2021 644 2103; x_wconf 77' lang='grc' dir='ltr'><em>πέπρακταν</em></span> <span class='ocrx_word' id='word_1_149' title='bbox 667 2016 730 2103; x_wconf 79' lang='grc' dir='ltr'><em>ἤδη</em></span> <span class='ocrx_word' id='word_1_150' title='bbox 748 2017 812 2102; x_wconf 88' lang='grc' dir='ltr'><em>γάρ</em></span> <span class='ocrx_word' id='word_1_151' title='bbox 827 2042 904 2083; x_wconf 88' lang='grc' dir='ltr'><em>ποτε</em></span> <span class='ocrx_word' id='word_1_152' title='bbox 921 2013 1010 2082; x_wconf 80' lang='grc' dir='ltr'><em>εἶδον</em></span> <span class='ocrx_word' id='word_1_153' title='bbox 1028 2035 1126 2099; x_wconf 88' lang='grc' dir='ltr'><em>μιση-</em></span> 
     </span>
     <span class='ocr_line' id='line_1_20' title="bbox 176 2112 1128 2200; baseline -0.004 -19"><span class='ocrx_word' id='word_1_154' title='bbox 176 2119 297 2193; x_wconf 81' lang='grc' dir='ltr'><em>θέντας</em></span> <span class='ocrx_word' id='word_1_155' title='bbox 307 2113 386 2192; x_wconf 89' lang='grc' dir='ltr'><em>τοὺς</em></span> <span class='ocrx_word' id='word_1_156' title='bbox 398 2116 437 2181; x_wconf 89' lang='grc' dir='ltr'><em>τά</em></span> <span class='ocrx_word' id='word_1_157' title='bbox 448 2123 517 2182; x_wconf 76' lang='grc' dir='ltr'><em>τοῖν</em></span> <span class='ocrx_word' id='word_1_158' title='bbox 525 2123 665 2200; x_wconf 87' lang='grc' dir='ltr'><em>πλησίον</em></span> <span class='ocrx_word' id='word_1_159' title='bbox 675 2112 791 2199; x_wconf 78' lang='grc' dir='ltr'><em>αἰσχροὶ</em></span> <span class='ocrx_word' id='word_1_160' title='bbox 803 2122 877 2182; x_wconf 89' lang='grc' dir='ltr'><em>λίαν</em></span> <span class='ocrx_word' id='word_1_161' title='bbox 887 2121 1001 2197; x_wconf 80' lang='grc' dir='ltr'><em>σαφῶς</em></span> <span class='ocrx_word' id='word_1_162' title='bbox 1010 2113 1128 2195; x_wconf 87' lang='grc' dir='ltr'><em>λέγον-</em></span> 
     </span>
     <span class='ocr_line' id='line_1_21' title="bbox 176 2212 1125 2300; baseline -0.002 -20"><span class='ocrx_word' id='word_1_163' title='bbox 176 2241 241 2291; x_wconf 87' lang='grc' dir='ltr'><em>τας.</em></span> <span class='ocrx_word' id='word_1_164' title='bbox 266 2220 375 2280; x_wconf 81' lang='grc' dir='ltr'><em>ἔπειτα</em></span> <span class='ocrx_word' id='word_1_165' title='bbox 392 2224 425 2281; x_wconf 87' lang='grc' dir='ltr'><em>τί</em></span> <span class='ocrx_word' id='word_1_166' title='bbox 436 2221 610 2300; x_wconf 80' lang='grc' dir='ltr'><em>συμβαίνει</em></span> <span class='ocrx_word' id='word_1_167' title='bbox 620 2223 661 2300; x_wconf 76' lang='grc' dir='ltr'><em>τῇ</em></span> <span class='ocrx_word' id='word_1_168' title='bbox 671 2213 778 2293; x_wconf 72' lang='grc' dir='ltr'><em>πόλεις</em></span> <span class='ocrx_word' id='word_1_169' title='bbox 802 2217 836 2280; x_wconf 85' lang='grc' dir='ltr'><em>οί</em></span> <span class='ocrx_word' id='word_1_170' title='bbox 844 2212 905 2298; x_wconf 71' lang='grc' dir='ltr'><em>μέν</em></span> <span class='ocrx_word' id='word_1_171' title='bbox 916 2212 1010 2296; x_wconf 92' lang='grc' dir='ltr'><em>λόγοι</em></span> <span class='ocrx_word' id='word_1_172' title='bbox 1021 2213 1125 2295; x_wconf 81' lang='grc' dir='ltr'><em>καλοὶ,</em></span> 
     </span>
     <span class='ocr_line' id='line_1_22' title="bbox 177 2308 1166 2398; baseline 0.003 -22"><span class='ocrx_word' id='word_1_173' title='bbox 177 2308 263 2376; x_wconf 80' lang='grc' dir='ltr'><em>τάδ’</em></span> <span class='ocrx_word' id='word_1_174' title='bbox 282 2316 361 2394; x_wconf 81' lang='grc' dir='ltr'><em>ἔργα</em></span> <span class='ocrx_word' id='word_1_175' title='bbox 380 2318 502 2395; x_wconf 84' lang='grc' dir='ltr'><em>φαῦλα.</em></span> <span class='ocrx_word' id='word_1_176' title='bbox 525 2310 607 2394; x_wconf 82' lang='grc' dir='ltr'><em>πρὸς</em></span> <span class='ocrx_word' id='word_1_177' title='bbox 619 2313 654 2380; x_wconf 76' lang='grc' dir='ltr'><em>δέ</em></span> <span class='ocrx_word' id='word_1_178' title='bbox 666 2309 808 2394; x_wconf 87' lang='grc' dir='ltr'><em>ἀνδρίαν</em></span> <span class='ocrx_word' id='word_1_179' title='bbox 818 2310 941 2398; x_wconf 78' lang='grc' dir='ltr'><em>βραχύς</em></span> <span class='ocrx_word' id='word_1_180' title='bbox 951 2336 1007 2396; x_wconf 92' lang='grc' dir='ltr'><em>μοι</em></span> <span class='ocrx_word' id='word_1_181' title='bbox 1019 2318 1128 2379; x_wconf 79' lang='grc' dir='ltr'><em>λείπε-</em></span> <span class='ocrx_word' id='word_1_182' title='bbox 1146 2318 1166 2371; x_wconf 66' lang='lat' dir='ltr'><em>l!</em></span> 
     </span>
     <span class='ocr_line' id='line_1_23' title="bbox 177 2408 1128 2496; baseline 0 -20"><span class='ocrx_word' id='word_1_183' title='bbox 177 2437 231 2476; x_wconf 88' lang='grc' dir='ltr'><em>ται</em></span> <span class='ocrx_word' id='word_1_184' title='bbox 248 2409 355 2494; x_wconf 89' lang='grc' dir='ltr'><em>λόγος.</em></span> <span class='ocrx_word' id='word_1_185' title='bbox 379 2415 409 2476; x_wconf 89' lang='grc' dir='ltr'><em>εί</em></span> <span class='ocrx_word' id='word_1_186' title='bbox 425 2413 485 2495; x_wconf 76' lang='grc' dir='ltr'><em>μὲν</em></span> <span class='ocrx_word' id='word_1_187' title='bbox 502 2411 566 2495; x_wconf 81' lang='grc' dir='ltr'><em>γάρ</em></span> <span class='ocrx_word' id='word_1_188' title='bbox 584 2409 716 2496; x_wconf 77' lang='grc' dir='ltr'><em>ἠρνεῖτο</em></span> <span class='ocrx_word' id='word_1_189' title='bbox 734 2409 776 2496; x_wconf 78' lang='grc' dir='ltr'><em>μὴ</em></span> <span class='ocrx_word' id='word_1_190' title='bbox 791 2409 897 2490; x_wconf 84' lang='grc' dir='ltr'><em>δειλός</em></span> <span class='ocrx_word' id='word_1_191' title='bbox 909 2409 991 2479; x_wconf 81' lang='grc' dir='ltr'><em>εῖναι</em></span> <span class='ocrx_word' id='word_1_192' title='bbox 1002 2409 1024 2495; x_wconf 75' lang='grc' dir='ltr'><strong><em>ἢ</em></strong></span> <span class='ocrx_word' id='word_1_193' title='bbox 1035 2408 1128 2495; x_wconf 87' lang='grc' dir='ltr'><em>ὑμεῖς</em></span> 
     </span>
     <span class='ocr_line' id='line_1_24' title="bbox 177 2507 1126 2597; baseline 0.001 -23"><span class='ocrx_word' id='word_1_194' title='bbox 177 2508 221 2593; x_wconf 81' lang='grc' dir='ltr'><em>μὴ</em></span> <span class='ocrx_word' id='word_1_195' title='bbox 250 2508 437 2596; x_wconf 78' lang='grc' dir='ltr'><em>συνῄδειτε,</em></span> <span class='ocrx_word' id='word_1_196' title='bbox 462 2508 634 2597; x_wconf 78' lang='grc' dir='ltr'><em>διατριβὴν</em></span> <span class='ocrx_word' id='word_1_197' title='bbox 656 2507 673 2577; x_wconf 90' lang='grc' dir='ltr'><em>ό</em></span> <span class='ocrx_word' id='word_1_198' title='bbox 698 2509 795 2595; x_wconf 87' lang='grc' dir='ltr'><em>λόγος</em></span> <span class='ocrx_word' id='word_1_199' title='bbox 812 2509 855 2576; x_wconf 87' lang='grc' dir='ltr'><em>ἀν</em></span> <span class='ocrx_word' id='word_1_200' title='bbox 872 2536 927 2595; x_wconf 93' lang='grc' dir='ltr'><em>μοι</em></span> <span class='ocrx_word' id='word_1_201' title='bbox 944 2512 1126 2593; x_wconf 85' lang='grc' dir='ltr'><em>παρέσχεν·</em></span> 
     </span>
     <span class='ocr_line' id='line_1_25' title="bbox 176 2607 1128 2697; baseline 0.002 -22"><span class='ocrx_word' id='word_1_202' title='bbox 176 2607 285 2694; x_wconf 75' lang='grc' dir='ltr'><em>ἐπειδὴ</em></span> <span class='ocrx_word' id='word_1_203' title='bbox 308 2609 344 2676; x_wconf 72' lang='grc' dir='ltr'><em>δὲ</em></span> <span class='ocrx_word' id='word_1_204' title='bbox 364 2611 417 2676; x_wconf 85' lang='grc' dir='ltr'><em>καὶ</em></span> <span class='ocrx_word' id='word_1_205' title='bbox 438 2608 538 2688; x_wconf 83' lang='grc' dir='ltr'><em>αὐτὸς</em></span> <span class='ocrx_word' id='word_1_206' title='bbox 553 2609 708 2696; x_wconf 86' lang='grc' dir='ltr'><em>ὁμολογεῖ</em></span> <span class='ocrx_word' id='word_1_207' title='bbox 725 2613 761 2678; x_wconf 86' lang='grc' dir='ltr'><em>έν</em></span> <span class='ocrx_word' id='word_1_208' title='bbox 777 2625 849 2688; x_wconf 86' lang='grc' dir='ltr'><em>ταῖς</em></span> <span class='ocrx_word' id='word_1_209' title='bbox 868 2614 1051 2697; x_wconf 84' lang='grc' dir='ltr'><em>ἐκκλησίαις</em></span> <span class='ocrx_word' id='word_1_210' title='bbox 1073 2613 1128 2677; x_wconf 81' lang='grc' dir='ltr'><em>καὶ</em></span> 
     </span>
     <span class='ocr_line' id='line_1_26' title="bbox 176 2704 1129 2793; baseline 0.003 -22"><span class='ocrx_word' id='word_1_211' title='bbox 176 2704 268 2790; x_wconf 87' lang='grc' dir='ltr'><em>ὑμεῖς</em></span> <span class='ocrx_word' id='word_1_212' title='bbox 286 2707 435 2792; x_wconf 82' lang='grc' dir='ltr'><em>σύνιστε,</em></span> <span class='ocrx_word' id='word_1_213' title='bbox 460 2704 578 2774; x_wconf 85' lang='grc' dir='ltr'><em>λοιπόν</em></span> <span class='ocrx_word' id='word_1_214' title='bbox 596 2705 785 2793; x_wconf 79' lang='grc' dir='ltr'><em>ὑπομνῆσαι</em></span> <span class='ocrx_word' id='word_1_215' title='bbox 803 2707 881 2787; x_wconf 88' lang='grc' dir='ltr'><em>τοὺς</em></span> <span class='ocrx_word' id='word_1_216' title='bbox 902 2711 976 2792; x_wconf 81' lang='grc' dir='ltr'><em>περὶ</em></span> <span class='ocrx_word' id='word_1_217' title='bbox 999 2709 1129 2776; x_wconf 82' lang='grc' dir='ltr'><em>τούτων</em></span> 
     </span>
     <span class='ocr_line' id='line_1_27' title="bbox 175 2803 1129 2893; baseline 0.005 -23"><span class='ocrx_word' id='word_1_218' title='bbox 175 2807 346 2889; x_wconf 89' lang='grc' dir='ltr'><em>κειμένους</em></span> <span class='ocrx_word' id='word_1_219' title='bbox 369 2806 501 2891; x_wconf 89' lang='grc' dir='ltr'><em>νόμους.</em></span> <span class='ocrx_word' id='word_1_220' title='bbox 525 2803 623 2890; x_wconf 81' lang='grc' dir='ltr'><em>ὁγὰρ</em></span> <span class='ocrx_word' id='word_1_221' title='bbox 641 2808 762 2875; x_wconf 86' lang='grc' dir='ltr'><em>Σόλων</em></span> <span class='ocrx_word' id='word_1_222' title='bbox 784 2804 801 2874; x_wconf 89' lang='grc' dir='ltr'>ὁ</span> <span class='ocrx_word' id='word_1_223' title='bbox 824 2805 961 2884; x_wconf 84' lang='grc' dir='ltr'><em>παλαιός</em></span> <span class='ocrx_word' id='word_1_224' title='bbox 982 2813 1129 2893; x_wconf 81' lang='grc' dir='ltr'><em>νομοθέ-</em></span> 
     </span>
     <span class='ocr_line' id='line_1_28' title="bbox 107 2903 1130 2990; baseline 0.003 -21"><span class='ocrx_word' id='word_1_225' title='bbox 107 2924 159 2980; x_wconf 74' lang='lat'><em>566</em></span> <span class='ocrx_word' id='word_1_226' title='bbox 176 2930 232 2988; x_wconf 88' lang='grc' dir='ltr'><em>της</em></span> <span class='ocrx_word' id='word_1_227' title='bbox 250 2907 286 2970; x_wconf 87' lang='grc' dir='ltr'><em>ἐν</em></span> <span class='ocrx_word' id='word_1_228' title='bbox 302 2919 369 2981; x_wconf 87' lang='grc' dir='ltr'><em>τοῖς</em></span> <span class='ocrx_word' id='word_1_229' title='bbox 388 2903 500 2981; x_wconf 86' lang='grc' dir='ltr'><em>αὑτοῖς</em></span> <span class='ocrx_word' id='word_1_230' title='bbox 519 2907 688 2990; x_wconf 79' lang='grc' dir='ltr'><em>ἐπιτιμίοις</em></span> <span class='ocrx_word' id='word_1_231' title='bbox 705 2903 786 2990; x_wconf 77' lang='grc' dir='ltr'><em>η’ίετο</em></span> <span class='ocrx_word' id='word_1_232' title='bbox 805 2910 875 2972; x_wconf 88' lang='grc' dir='ltr'><em>δεῖν</em></span> <span class='ocrx_word' id='word_1_233' title='bbox 887 2909 1056 2990; x_wconf 71' lang='grc' dir='ltr'><em>ἐνέχεσθαι</em></span> <span class='ocrx_word' id='word_1_234' title='bbox 1068 2905 1130 2972; x_wconf 83' lang='grc' dir='ltr'><em>τὸν</em></span> 
     </span>
     <span class='ocr_line' id='line_1_29' title="bbox 178 3003 1129 3093; baseline 0 -21"><span class='ocrx_word' id='word_1_235' title='bbox 178 3004 399 3088; x_wconf 79' lang='grc' dir='ltr'><em>ἀστράτευτον</em></span> <span class='ocrx_word' id='word_1_236' title='bbox 417 3003 544 3073; x_wconf 81' lang='grc' dir='ltr'><em>καὶτὸν</em></span> <span class='ocrx_word' id='word_1_237' title='bbox 560 3008 734 3076; x_wconf 87' lang='grc' dir='ltr'><em>λελοιπότα</em></span> <span class='ocrx_word' id='word_1_238' title='bbox 750 3009 811 3093; x_wconf 78' lang='grc' dir='ltr'><em>τὴν</em></span> <span class='ocrx_word' id='word_1_239' title='bbox 821 3008 913 3088; x_wconf 83' lang='grc' dir='ltr'><em>τάξιν</em></span> <span class='ocrx_word' id='word_1_240' title='bbox 924 3010 978 3074; x_wconf 81' lang='grc' dir='ltr'><em>καὶ</em></span> <span class='ocrx_word' id='word_1_241' title='bbox 989 3006 1049 3073; x_wconf 86' lang='grc' dir='ltr'><em>τόν</em></span> <span class='ocrx_word' id='word_1_242' title='bbox 1061 3011 1129 3072; x_wconf 85' lang='grc' dir='ltr'><em>δει-</em></span> 
     </span>
     <span class='ocr_line' id='line_1_30' title="bbox 177 3103 1130 3190; baseline 0 -19"><span class='ocrx_word' id='word_1_243' title='bbox 177 3107 237 3172; x_wconf 87' lang='grc' dir='ltr'><em>λόν</em></span> <span class='ocrx_word' id='word_1_244' title='bbox 249 3104 385 3190; x_wconf 87' lang='grc' dir='ltr'><em>ὁμοίως·</em></span> <span class='ocrx_word' id='word_1_245' title='bbox 407 3107 467 3173; x_wconf 81' lang='grc' dir='ltr'><em>είσὶ</em></span> <span class='ocrx_word' id='word_1_246' title='bbox 483 3103 548 3190; x_wconf 88' lang='grc' dir='ltr'><em>γάρ</em></span> <span class='ocrx_word' id='word_1_247' title='bbox 561 3108 614 3174; x_wconf 79' lang='grc' dir='ltr'><em>καὶ</em></span> <span class='ocrx_word' id='word_1_248' title='bbox 627 3111 748 3185; x_wconf 78' lang='grc' dir='ltr'><em>δειλίας</em></span> <span class='ocrx_word' id='word_1_249' title='bbox 764 3112 898 3190; x_wconf 91' lang='grc' dir='ltr'><em>γραφαί.</em></span> <span class='ocrx_word' id='word_1_250' title='bbox 922 3113 1027 3173; x_wconf 92' lang='grc' dir='ltr'><em>καίτοι</em></span> <span class='ocrx_word' id='word_1_251' title='bbox 1038 3118 1130 3171; x_wconf 77' lang='grc' dir='ltr'><em>θαν-</em></span> 
     </span>
     <span class='ocr_line' id='line_1_31' title="bbox 177 3201 1127 3292; baseline -0.001 -20"><span class='ocrx_word' id='word_1_252' title='bbox 177 3207 313 3289; x_wconf 87' lang='grc' dir='ltr'><em>μάσειευ</em></span> <span class='ocrx_word' id='word_1_253' title='bbox 329 3201 372 3271; x_wconf 83' lang='grc' dir='ltr'><em>ἀν</em></span> <span class='ocrx_word' id='word_1_254' title='bbox 387 3231 435 3283; x_wconf 92' lang='grc' dir='ltr'><em>τις</em></span> <span class='ocrx_word' id='word_1_255' title='bbox 452 3202 548 3290; x_wconf 80' lang='grc' dir='ltr'><em>ὑμῶν</em></span> <span class='ocrx_word' id='word_1_256' title='bbox 555 3256 565 3290; x_wconf 90' lang='grc'>,</span> <span class='ocrx_word' id='word_1_257' title='bbox 591 3213 621 3273; x_wconf 89' lang='grc' dir='ltr'><em>εί</em></span> <span class='ocrx_word' id='word_1_258' title='bbox 642 3207 703 3274; x_wconf 80' lang='grc' dir='ltr'><em>είσὶ</em></span> <span class='ocrx_word' id='word_1_259' title='bbox 727 3204 859 3292; x_wconf 82' lang='grc' dir='ltr'><em>φάσεως</em></span> <span class='ocrx_word' id='word_1_260' title='bbox 877 3211 1011 3289; x_wconf 90' lang='grc' dir='ltr'><em>γραφαί.</em></span> <span class='ocrx_word' id='word_1_261' title='bbox 1035 3209 1127 3271; x_wconf 80' lang='grc' dir='ltr'><em>εἰσίν.</em></span> 
     </span>
     <span class='ocr_line' id='line_1_32' title="bbox 178 3302 1129 3391; baseline 0.004 -23"><span class='ocrx_word' id='word_1_262' title='bbox 178 3310 265 3382; x_wconf 89' lang='grc' dir='ltr'><em>τίνος</em></span> <span class='ocrx_word' id='word_1_263' title='bbox 281 3306 393 3384; x_wconf 81' lang='grc' dir='ltr'><em>ένεκα;</em></span> <span class='ocrx_word' id='word_1_264' title='bbox 415 3302 461 3371; x_wconf 82' lang='grc' dir='ltr'><em>ἵν’</em></span> <span class='ocrx_word' id='word_1_265' title='bbox 482 3306 618 3385; x_wconf 76' lang='grc' dir='ltr'><em>ἕκαστος</em></span> <span class='ocrx_word' id='word_1_266' title='bbox 633 3305 730 3391; x_wconf 78' lang='grc' dir='ltr'><em>ἡμῶν</em></span> <span class='ocrx_word' id='word_1_267' title='bbox 745 3302 803 3384; x_wconf 75' lang='grc' dir='ltr'><em>τοὶς</em></span> <span class='ocrx_word' id='word_1_268' title='bbox 820 3309 936 3373; x_wconf 81' lang='grc' dir='ltr'><em>ἐκτῶν</em></span> <span class='ocrx_word' id='word_1_269' title='bbox 946 3305 1061 3390; x_wconf 90' lang='grc' dir='ltr'><em>νόμων</em></span> <span class='ocrx_word' id='word_1_270' title='bbox 1073 3311 1129 3390; x_wconf 48' lang='grc' dir='ltr'><em>ζηκ</em></span> 
     </span>
     <span class='ocr_line' id='line_1_33' title="bbox 176 3401 1129 3490; baseline -0.003 -18"><span class='ocrx_word' id='word_1_271' title='bbox 176 3414 251 3487; x_wconf 90' lang='grc' dir='ltr'><em>μίας</em></span> <span class='ocrx_word' id='word_1_272' title='bbox 268 3402 477 3489; x_wconf 84' lang='grc' dir='ltr'><em>φοβούμενος</em></span> <span class='ocrx_word' id='word_1_273' title='bbox 493 3411 619 3490; x_wconf 82' lang='grc' dir='ltr'><em>μᾶλλον</em></span> <span class='ocrx_word' id='word_1_274' title='bbox 640 3401 662 3489; x_wconf 70' lang='grc' dir='ltr'><em>η’</em></span> <span class='ocrx_word' id='word_1_275' title='bbox 683 3403 761 3482; x_wconf 84' lang='grc' dir='ltr'><em>τούς</em></span> <span class='ocrx_word' id='word_1_276' title='bbox 784 3411 961 3488; x_wconf 83' lang='grc' dir='ltr'><em>πολεμίους</em></span> <span class='ocrx_word' id='word_1_277' title='bbox 983 3401 1129 3487; x_wconf 84' lang='grc' dir='ltr'><em>ἀμείνων</em></span> 
     </span>
    </p>
   </div>
   <div class='ocr_carea' id='block_1_3' title="bbox 0 0 1181 3916">
    <p class='ocr_par' dir='ltr' id='par_1_3' title="bbox 0 0 1181 3916">
     <span class='ocr_line' id='line_1_34' title="bbox 0 0 1181 3916; baseline 0 0"><span class='ocrx_word' id='word_1_278' title='bbox 0 0 1181 3916; x_wconf 95' lang='lat' dir='ltr'><em> </em></span> 
     </span>
    </p>
   </div>
  </div>
 </body>
</html>
