2340 3916
61 237 86 286 ρ.
106 221 149 272 41.
274 221 365 271 ΠΕΡΙ
382 220 457 271 νον
476 220 630 272 Πνεεον
648 222 811 273 mmor.
982 229 1022 291 37

60 388 103 463 ού
120 397 238 462 τοίνυν
254 398 424 480 φαίνεται,
447 388 522 461 ἀλλ’
541 387 559 461 ὁ
580 391 642 482 μὲν
659 395 823 481 Ξενοκλῆς
846 391 926 485 πρὸς
944 392 1021 476 τούς

62 490 275 581 ἐπιτυχόντας
304 489 366 561 δύο
394 489 721 582 ἐκμαρτυρησάμενος
749 491 810 579 τὴν
837 503 1022 585 μαρτυρίαν

59 592 205 680 ταύτην,
237 590 426 682 Νικόδημος
453 593 490 661 δὲ
514 587 627 662 ούτοσί
655 595 713 662 ἕνα
743 591 847 680 μόνον
872 593 1021 686 μάρτυρα

60 695 291 784 παρακαλέσας
313 689 393 783 μεθ’
414 695 536 763 ἑαυτοῦ
555 695 603 788 τῷ
624 689 682 763 τὸν
698 692 913 783 τριτάλαντον
929 695 1022 766 οίκον

59 796 250 887 κεκτημένῳ
273 796 435 882 ἐγγυησαί
454 815 536 882 φησι
561 791 622 881 τὴν
644 789 804 883 άδελφήν.
844 796 899 865 καὶ
923 785 1021 877 ούτος
1038 805 1072 858 26

59 896 123 984 μὲν
146 891 205 966 τόν
221 901 414 984 Πυρετίδην
430 892 549 983 μόνον,
573 889 634 983 ούχ
654 889 898 984 ὁμολογούντα,
922 917 1021 984 προσ-

60 993 238 1084 εποιήσατο
266 991 347 1083 μετά
374 989 479 1064 αύτού
506 997 768 1086 παραγενέσθαι·
806 990 872 1066 ύτὸ
902 997 938 1066 δὲ
960 1000 1023 1067 τού

60 1094 291 1184 ἐγγυήσασθαι
313 1097 486 1185 μέλλοντος
509 1093 570 1183 τὴν
586 1093 743 1185 τοιαύτην
760 1099 947 1186 Λυσιμένης
965 1100 1021 1168 καί

59 1202 95 1266 οί
109 1193 250 1285 άδελφοί
268 1192 383 1284 αύτού,
401 1203 537 1287 Χαίρων
554 1197 609 1266 καὶ
626 1194 797 1285 Πυλάδης,
816 1200 899 1286 φασί
916 1225 1020 1288 παρα·

59 1300 241 1386 κληθέντες
261 1300 304 1386 τῇ
321 1295 424 1387 ἐγγύη
447 1298 711 1387 παραγενέσθαι,
734 1299 789 1367 καί
813 1302 916 1368 ταῦτα
933 1310 1020 1370 θεῖοι

58 1396 154 1479 ὄντες
171 1401 218 1491 τῷ
235 1399 440 1491 ἐγγυωμένῳ.
467 1392 627 1489 ύμέτερον
643 1388 707 1468 ούν
718 1404 816 1489 ἔργον
833 1401 1020 1482 σκέψασθαι
1037 1416 1069 1466 27

59 1502 145 1585 νύν,
163 1505 195 1569 εί
210 1503 303 1568 δοκεῖ
318 1496 433 1569 πιστόν
452 1497 537 1568 εἶναι
553 1495 590 1569 τὸ
608 1501 749 1589 πρᾶγμα.
781 1496 849 1588 ’ἐμοὶ
872 1499 934 1588 μδν
956 1497 1019 1590 γάρ

59 1607 199 1690 νομίζω,
225 1603 261 1668 ἐκ
277 1602 344 1669 τόν
363 1595 498 1670 εἰκότων
515 1597 754 1689 σιωτιούμενος,
778 1596 863 1669 πολύ
880 1594 923 1670 άν
939 1605 1019 1689 μάλ-

59 1709 120 1772 λον
136 1696 195 1770 τόν
211 1698 349 1790 Πύρρον
365 1697 489 1781 πάντας
512 1694 555 1771 άν
577 1697 654 1780 τούς
671 1706 814 1780 οἰκείους
837 1697 1019 1787 βούλεσθαι

59 1802 250 1889 λεληθέναι,
269 1811 303 1870 εί
315 1829 347 1871 τι
364 1799 623 1892 παρεσκευάζετο
634 1796 808 1890 ὁμολογεῖν
824 1795 846 1889 ἢ
863 1798 1019 1891 πράττειν

17 1922 21 1930 ’
59 1898 197 1984 άνάξιου
218 1905 285 1972 των
309 1896 428 1990 αύτοῦ,
457 1896 479 1990 ἢ
500 1904 725 1993 παρακαλέσαι
753 1899 920 1992 μάρτυρας
942 1900 1018 1983 τούς

59 2011 178 2083 θείους
195 1998 271 2082 τούς
290 2003 411 2079 ἑαυτοῦ
429 2005 481 2072 ἐπὶ
499 1997 672 2092 άμάρτημα
688 2006 891 2090 τηλικούτου.

126 2100 255 2176 ’Έτιδὲ
277 2105 334 2173 καὶ
356 2104 431 2194 περὶ
456 2107 584 2174 ἐκείνου
606 2101 782 2193 θαυμάξω,
809 2111 839 2172 εί
854 2109 1019 2194 μηδεμίαν
1035 2122 1068 2174 28

59 2219 183 2294 προῖκα
199 2198 318 2292 μήθ’ὁ
342 2200 457 2284 διδούς
473 2199 556 2293 μήθ’
575 2199 593 2274 ὁ
617 2202 795 2293 λαμβάνων
818 2204 1017 2293 διωμολογή-

58 2324 163 2374 σαντο
186 2307 271 2386 ἕξειν
294 2307 348 2374 ἐπὶ
370 2307 412 2394 τῇ
431 2313 588 2393 γυναικί,
607 2308 703 2374 τούτο
725 2305 787 2394 μὲν
809 2302 873 2395 γάρ
897 2315 930 2374 εί
943 2334 1017 2376 τινα

59 2409 196 2492 ἐδίδου,
221 2401 307 2485 είκὸς
330 2394 373 2492 ἦν
396 2402 534 2494 κοίτην
558 2411 718 2476 δοθεῖσαν
740 2399 806 2474 ύπὸ
828 2409 896 2474 τοῖν
912 2432 1017 2495 παρα-

56 2506 220 2593 γενέσθαι
241 2504 437 2594 φασκόντων
459 2517 715 2596 μαρτυρείσθαι’
748 2509 844 2574 τούτο
870 2501 901 2573 δ’
922 2513 953 2574 εί
970 2502 1015 2575 δι’

59 2609 246 2695 ἐπιθυμίαν
262 2603 323 2693 τὴν
341 2604 464 2694 ἐγγύην
480 2601 603 2686 ὁθείος
620 2599 714 2694 ἡμῶν
727 2608 867 2675 ἐποιεῖτο
884 2608 941 2692 τῆς
952 2633 1017 2674 τοι·

57 2704 164 2792 αύτης
182 2704 349 2794 γυναικός,
368 2709 470 2795 δῆλον
484 2703 535 2780 ότι
552 2700 615 2776 κάν
625 2701 793 2796 άργύριον
810 2708 921 2798 πολλῷ
937 2710 1016 2794 μάλ-

57 2816 121 2878 λον
139 2801 158 2875 ὁ
176 2809 304 2894 ἐγγυῶν
322 2805 585 2896 διωμολογήσατο
603 2812 690 2896 ἔχειν
707 2801 810 2877 αύτὸν
833 2808 886 2876 ἐπὶ
902 2810 944 2896 τῇ
959 2836 1017 2895 γυ-

56 2913 170 2994 ναικί,
194 2911 251 2978 ἵνα
272 2905 317 2996 μὴ
339 2903 392 2976 ἐπ’
417 2911 533 3002 ἐκείνω
556 2910 684 2995 γίνοιτο
707 2910 831 2997 ῥαδίως
853 2903 1017 2978 άπαλλάτ-

56 3018 196 3094 τεσθαι,
214 3001 311 3078 ὁπότε
328 3005 490 3098 βούλοιτο,
508 3012 564 3096 τῆς
581 3005 751 3096 γυναικός·
779 3010 834 3077 καὶ
851 3005 1016 3098 μάρτυράς
1033 3027 1067 3078 29

57 3135 99 3196 γε
127 3111 239 3200 πολλῷ
260 3117 394 3189 πλείους
421 3107 480 3180 τὸν
502 3112 672 3197 ἐγγνωντα
692 3117 895 3197 παρακαλεῖν
918 3102 939 3197 ἢ
959 3107 1016 3178 τὸν

60 3206 274 3297 ἐγγυάμενον
295 3206 356 3296 τὴν
377 3208 548 3298 τοιαύτην·
574 3205 687 3289 ούδείς
707 3205 771 3299 γάρ
793 3202 887 3298 ὑμῶν
903 3205 1019 3296 ἀγνοεῖ
1123 3212 1124 3216 ’

58 3307 111 3378 ὅτι
127 3304 226 3396 ὀλίγα
249 3311 417 3398 διαμένειν
434 3322 534 3381 είωθε
555 3305 805 3380 τῶντοιούτων.
838 3304 856 3378 ὁ
873 3309 934 3397 μὲν
950 3315 1015 3376 τοί·

59 3439 126 3480 νυν
145 3412 302 3498 ἐγγυῆσαι
325 3407 463 3498 φάσκων
484 3407 564 3501 μετά
588 3407 660 3489 ἑνός
677 3406 839 3499 μάρτυρος
862 3411 917 3479 καί
934 3405 1015 3477 ἄνευ

58 3506 234 3600 ὁμολογίας
255 3511 261 3599 l
285 3509 418 3599 προικός
436 3519 481 3593 είς
499 3508 557 3582 τόν
572 3506 794 3599 ,τριτάλαντον
810 3509 904 3578 οἶκον
921 3510 1015 3595 ἐγγυ-
