2340 3916
124 229 165 294 38
503 226 717 279 ΔΕΙΝΑΡΧΟΤ

124 523 218 603 φατε
229 510 349 597 πειραν
377 492 483 601 αὐτού
511 495 656 564 καὶτῶν
679 493 808 580 λόγων
810 494 940 562 καῖ’
891 521 959 563 των
983 501 1093 601 ἔργων

89 594 179 676 3καῖ
201 607 259 692 της
281 590 389 715 τύχης.
435 591 495 684 τίς
513 597 619 682 οὕτως
633 595 824 681 ευελπιξ”’
805 600 907 689 υμῶν
911 595 1093 690 εστιν,ωῶ

119 704 305 799 Ἀθηναῖοι,
323 710 373 791 τίς
388 706 498 790 οὕτως
515 706 699 793 ἀλόγιστος,
718 713 767 788 τις
787 704 903 797 (οὕτω)
923 711 991 776 τῶν
1009 734 1092 799 προ-

122 819 353 905 γεγενημένων
371 816 428 885 καί
446 818 512 884 νῦν
530 813 755 902 ἐνεστηκότων
777 813 980 904 πραγμάτων
999 812 1092 885 ἀπει-

51 951 196 1023 μρος,
220 921 311 1005 ὅστις
333 925 451 1005 ἐλπίζει
474 920 535 991 τὸν
558 924 594 991 ἐκ
615 920 779 1009 τοσαύτης
803 917 1020 1010 εὐδαιμονίας
1043 929 1093 1005 εἰς

11 1068 15 1075 ·
120 1031 289 1117 τοσαύτην
312 1025 451 1111 ἀδοξίαν
478 1026 729 1117 καταστήσαντα
752 1024 814 1115 τὴν
836 1026 936 1096 πόλιν
959 1024 1005 1096 δι’
1030 1024 1092 1116 ἡν-

120 1136 321 1225 τιναδήποτε
340 1140 451 1204 αἰτίαν
468 1132 489 1223 ἢ
508 1135 613 1224 τύχην
631 1157 675 1182 -’
694 1136 736 1203 ἐῶ
755 1131 819 1223 γάρ
832 1137 932 1203 τοῦτο
951 1138 1017 1203 νύν
1031 1177 1091 1223 -,

26 1292 29 1297 -
123 1242 235 1331 ἐπειδὴ
260 1240 343 1332 πρὸς
360 1257 433 1323 ταῖς
451 1240 566 1323 ἀλλαις
584 1238 739 1329 ἀπορίαις
756 1241 812 1310 καὶ
831 1255 901 1322 τοῖς
919 1262 1091 1331 περιεστη-

121 1349 219 1419 κόσιν
237 1345 322 1437 ἡμᾶς
339 1349 512 1429 κινδύνοις
525 1348 581 1417 καί
600 1344 703 1436 ἡτῶν
722 1349 754 1428 ἐξ
770 1343 873 1436 αὐτῆς
891 1349 949 1436 τῆς
962 1348 1092 1431 πόλεως
1155 1348 1156 1353 ’

14 1452 18 1457 ’
121 1461 311 1546 δωροδοκία
324 1456 539 1547 προσγέγονε,
554 1454 698 1542 καὶπερὶ
713 1456 851 1545 αἰσχροῖς
870 1460 978 1537 αἰτίας
992 1458 1091 1545 κοινῇ

112 1562 241 1645 πάντες
260 1560 490 1650 ἀγωνιζόμεθα
508 1563 564 1629 καὶ
583 1561 658 1651 περὶ
676 1564 737 1629 τού
760 1559 804 1651 μη
827 1567 941 1631 δοκεῖν
958 1562 998 1631 τὰ
1018 1567 1092 1654 ἰδίᾳ

120 1670 211 1759 παρά
237 1691 325 1739 τισιν
353 1668 434 1739 όντοι
461 1666 611 1757 χρήματα
638 1671 736 1757 κοινῇ
763 1666 824 1737 τόν
854 1671 962 1758 δῆμον
990 1676 1091 1757 ἔχειν,

120 1781 302 1864 τηνικαῦτα
317 1774 592 1864 συμβουλεύοντα
606 1775 662 1844 καὶ
677 1776 870 1845 διοικοῦντα
889 1778 1010 1844 τούτου
1024 1776 1091 1844 σοι’-

71 1899 104 1949 94
123 1904 194 1952 σειν
221 1879 320 1972 ἡμάςς
350 1885 393 1951 ἐῶ
421 1880 486 1972 γάρ
513 1873 615 1951 τᾶλλα
643 1879 706 1951 ὅσα
739 1882 1024 1972 μεταβαλλόμενος
1051 1885 1090 1952 ἐν

119 2005 190 2070 τοῖς
212 1989 383 2077 πράγμασι
405 1991 461 2057 καὶ
485 1991 686 2077 δημηγορῶν
709 1984 811 2058 οὐδὲν
833 1986 924 2077 ὑγιὲς
946 1992 1091 2058 διατετέ-

121 2103 209 2182 λεκε,
231 2096 288 2164 καὶ
310 2094 385 2163 τοτὲ
402 2094 464 2183 μὲν
482 2094 624 2183 γράφων
648 2095 703 2163 καί
723 2091 942 2186 ἀπαγορεύων
960 2097 1091 2186 μηδένα

120 2208 267 2288 νομίζειν
295 2199 398 2270 ἀλλον
419 2199 505 2270 θεὸν
528 2195 548 2288 ἢ
571 2197 651 2282 τοὺς
678 2206 987 2292 παραδεδομένους,
1016 2202 1090 2273 τοτὲ

121 2306 158 2375 δὲ
176 2309 283 2394 λέγων
307 2304 351 2389 ὡς
370 2303 412 2376 ού
431 2313 485 2377 δεῖ
504 2305 565 2376 τὸν
589 2311 697 2397 δῆμον
720 2304 942 2399 ἀμφισβητεῖν
964 2313 1033 2378 τῶν
1052 2312 1090 2378 ἐν

119 2416 165 2506 τῷ
190 2411 328 2507 ούρανῷ
351 2419 457 2504 τιμῶν
478 2411 695 2507 Ἀλεξάνδρῳ,
725 2411 807 2484 ὅταν
835 2416 872 2487 δὲ
894 2419 995 2507 μέλλη
1018 2443 1089 2505 κρι-

119 2520 289 2609 θήσεσθαι
303 2519 381 2612 παρ’
402 2518 495 2611 ύμῖν,
504 2524 757 2611 Καλλιμέδοντα
771 2525 993 2610 εἰσαγγέλλων
1007 2544 1089 2592 συν-

121 2630 207 2696 ιέναι
232 2631 268 2696 ἐν
291 2628 464 2719 Μεγάροις
486 2644 556 2710 τοῖς
579 2627 730 2716 φυγάσιν
753 2630 807 2698 ἐπὶ
830 2630 1009 2699 καταλύσει
1027 2631 1090 2698 τού

123 388 202 471 τοὺς
225 386 453 477 φενακισμοὺς
478 385 584 478 (τούς)
608 387 742 456 τούτου·
772 385 893 476 ίκανὴν
915 387 997 501 γάρ
1001 390 1092 499 εἰλη-

12 437 179 749 λ

120 2829 188 2893 τούς
211 2843 277 2886 ante
301 2834 405 2888 τούτου
429 2835 492 2889 add.
511 2834 602 2895 Turn,
627 2850 722 2887 rursus
741 2836 794 2889 del.
813 2838 864 2886 Mr.
896 2836 940 2888 cf.
960 2837 1036 2898 579.
1055 2864 1089 2873 -

120 2897 172 2952 καί
190 2899 247 2954 τῶν
265 2894 357 2971 λόγων
374 2899 499 2955 καὶτῶν
518 2896 670 2967 ἔργωνΝδ1
688 2905 753 2955 Mn:
777 2901 828 2956 καί
846 2898 1089 2958 τῶνέ.καίτων

121 2963 223 3034 λόγων.
248 2970 291 3022 ef.
310 2974 368 3024 102.

187 3057 229 3106 93.
265 3071 350 3135 ουτος
368 3045 517 3135 ἀλόγιστος
534 3069 574 3119 pr.
592 3054 688 3109 A⁶.-
655 3046 782 3107 -ούτοο
799 3060 862 3121 μυεῖ
880 3054 925 3115 τίς
943 3055 1004 3106 add.
1022 3057 1088 3113 Μτ.;

121 3110 279 3187 (οὔποθ’
258 3139 377 3189 απειρος
395 3122 452 3171 iam
460 3120 546 3172 Wolf.
557 3123 667 3174 mah·
686 3113 774 3190 ὅστις]
792 3121 837 3183 τίς
856 3123 984 3176 codd.-
950 3120 1091 3176 -τοῦτό

121 3189 175 3257 (γε)
194 3188 248 3242 νύν
266 3192 387 3242 Wm.-
414 3183 479 3260 ἰδίᾳ
497 3188 565 3243 Bk..
592 3185 657 3244 ἰδία
675 3207 745 3245 corr.
762 3190 808 3255 Ad,
828 3190 986 3244 ἰδιατ.-
1013 3190 1089 3244 διοι-

119 3207 237 3377 κρείοντα]
262 3250 446 3375 πολᾶγοῦντα
456 3239 733 3380 LZMAftDvbante
757 3259 821 3322 Bk,
848 3259 920 3310 unde
945 3256 1089 3327 πολέμους

141 3341 290 3378 ιοικουντα
344 3341 431 3375 ιο-
446 3315 523 3391 δρας
623 3342 680 3378 οε.

187 3411 228 3464 94
266 3404 446 3461 διατετέλεκε
463 3411 489 3461 N
505 3411 584 3462 Turr
603 3410 649 3477 (ci.
667 3410 726 3477 Ba)
745 3407 934 3466 τετέλεκε-
946 3410 1088 3492 νομίζειν

119 3465 208 3527 ἀλλον
230 3478 256 3528 Ν
272 3479 340 3528 Μαι
365 3466 453 3529 ἀλλον
475 3477 666 3546 νομίζειν.-
693 3478 732 3552 τῷ
756 3485 821 3532 ante
845 3473 958 3550 ούρανιβ
981 3479 1044 3536 add.
1063 3483 1089 3533 Ν

57 3544 223 3694 Ἷκ-
240 3541 337 3611 μέλλει
354 3561 395 3612 pr.
412 3545 437 3596 A
455 3546 545 3602 corr..²
