2340 3916
141 186 202 249 180
492 184 750 242 ΑΙΣΧΙΝΟΥ

139 348 200 432 μὲν
212 339 275 413 οάν
285 349 323 414 έν
333 353 373 433 τῇ
385 345 515 431 τιμήσει
525 343 587 428 τήν
596 349 712 427 ψῆφον
723 347 821 427 αἰτεῖ,
841 349 904 427 τήν
915 341 1022 429 ὀργην
1033 341 1094 429 τήν

71 466 123 520 588
142 443 305 534 ὑμετέραν
316 457 534 531 παραιτεῖται·
553 439 642 519 ὅστις
654 439 686 507 δ’
698 445 735 508 έν
745 447 791 530 τῷ
804 443 923 531 πρώτῳ
935 443 1023 532 λόγῳ
1034 441 1096 529 τήν

140 547 365 630 νήφοναίτεῖ,
391 542 606 628 ὅρκοναίτεῖ,
629 537 737 625 νόμον
749 544 847 624 αίτεῖ,
872 544 1096 624 δημοκρατίαν

141 647 238 725 αἰτεῖ,
262 629 310 705 τόν
327 637 404 706 ούτε
424 644 555 725 αἰτήσαι
574 636 674 705 οὐδὲν
687 637 782 704 ὅσιον
794 637 905 706 ούδενὶ
918 637 988 706 οὔτ’
1004 645 1096 725 αίτη-

139 742 243 805 θέντα
255 739 354 824 ἑτέρῳ
369 742 497 805 δοῦναι.
519 737 695 804 κελεύσατε
707 729 772 804 ούν
782 733 922 824 αύτούς,
935 738 1096 815 ἐάσαντας

143 834 227 922 ὑμάς
237 834 299 923 τήν
311 837 446 924 προίτην
457 843 575 924 ψήφου
587 833 669 902 κατά
682 835 760 914 τούς
769 835 894 921 νόμους
904 840 1094 920 διενεγκεῖν,

142 931 295 1001 ἀπαντᾶν
305 941 351 1013 είς
363 933 424 1021 τήν
435 941 577 1021 τίμησιν.
590 932 675 1011 ὅλως
687 931 718 1000 δ’
731 939 850 1019 ἔγωγε,
870 926 897 1001 ἀ
913 932 1093 1020 Ἀθηναῖοι,
1115 945 1162 998 199

141 1028 255 1117 ὀλίγον
274 1037 337 1099 δέω
356 1039 476 1118 εἰπεῖν,
500 1029 543 1111 ὡς
559 1033 613 1100 καὶ
631 1032 739 1118 νόμον
751 1036 949 1120 δεῖτεθήναι
960 1034 1013 1100 ἐπὶ
1023 1046 1092 1110 ταῖς

140 1147 284 1216 γραφαῖς
300 1132 405 1216 μόνον
422 1140 490 1199 τῶν
506 1132 728 1217 παρανόμων,
751 1128 795 1218 μή
815 1134 933 1212 ἐξεῖναι
947 1132 1028 1217 μήτε
1048 1139 1095 1218 τῷ

142 1231 315 1319 κατηγόρῳ
328 1233 538 1318 συνηγόρους
549 1235 778 1317 παρασχέσθαι
790 1231 870 1318 μήτε
882 1238 928 1321 τῷ
939 1232 1000 1316 τήν
1010 1257 1095 1316 γρα-

142 1329 211 1414 φηυ
224 1337 292 1396 τῶν
303 1331 508 1416 παρανόμων
529 1331 697 1416 φεύγοντι.
723 1328 764 1396 ού
781 1329 845 1416 γάρ
858 1327 1016 1416 ἀόριστόν
1027 1332 1094 1395 ἐστι

140 1428 176 1496 τὰ
190 1433 328 1515 δίκαιον,
342 1427 416 1498 ἀλλ’
431 1426 616 1516 ὡρισμένον
627 1443 695 1507 τοῖς
707 1430 822 1514 νόμοις
838 1443 906 1506 τοῖς
917 1425 1093 1514 ὑμετέροις.

143 1527 253 1615 ὥσπερ
265 1527 330 1615 γάρ
344 1530 380 1596 έν
391 1538 430 1617 τη
442 1537 616 1616 τεκτονικῇ
622 1579 632 1613 ,
656 1526 739 1595 όταν
757 1531 878 1595 είδέναι
890 1526 1092 1613 βουλώμεθα

70 1652 122 1707 589
139 1626 176 1695 τὸ
190 1626 299 1713 όρθδν
315 1630 369 1695 καὶ
380 1625 416 1695 τό
428 1625 489 1714 μή,
512 1625 573 1695 τὸν
584 1627 711 1695 κανόνα
724 1631 967 1713 προσφέρομεν,
980 1618 1009 1716 ᾦ
1021 1632 1094 1694 δια-

142 1725 377 1812 γιγνώσκεται,
399 1725 487 1792 ούτω
506 1726 562 1793 καὶ
579 1729 614 1792 ἐν
630 1738 700 1803 ταῖς
711 1739 853 1810 γραφαῖς
865 1733 933 1792 τῶν
943 1726 1093 1808 παρανό-
1113 1733 1162 1783 200

141 1852 214 1910 μων
232 1825 427 1909 παράκειται
443 1822 557 1893 κανιάν
575 1831 636 1892 τοῦ
649 1829 780 1892 δικαίου
791 1827 883 1891 τουτὶ
894 1821 930 1891 τό
945 1826 1095 1890 σανίδιον

141 1922 243 1990 καὶτὸ
258 1925 412 2010 ψήφισμα
424 1926 479 1991 καί
490 1928 525 1991 οί
532 1928 843 2010 παραγεγραμμένοι
861 1922 966 2009 νόμοι.
990 1930 1095 1991 ταῦτα

140 2030 388 2108 συμφωνοῦντα
410 2019 564 2109 ἀλλήλοις
587 2026 746 2103 ἐπιδείξας
767 2023 960 2110 κατάβαινε·
988 2027 1044 2091 καὶ
1065 2031 1100 2091 τί

140 2125 191 2187 δεῖ
206 2141 243 2186 σε
255 2123 483 2206 Δημοσθένην
500 2130 722 2205 παρακαλεῖν;
745 2121 829 2189 όταν
847 2121 879 2188 δ’
899 2121 1095 2210 ὑπερπηδή-

141 2239 200 2296 σας
211 2217 272 2302 τήν
284 2222 414 2285 δικαίαν
426 2217 608 2304 ἀπολογίαν
620 2228 813 2306 παρακαλῇς
830 2228 1020 2307 κακοῦργον
1031 2221 1095 2289 ἀυ-

140 2327 281 2402 θρωπον
293 2321 348 2386 καὶ
360 2325 511 2405 τεχνίτην
528 2319 656 2403 λόγιον,
680 2321 827 2398 κλέπτεις
842 2318 904 2405 τήν
921 2321 1093 2407 ἀκρόασιν,

139 2416 295 2502 βλάπτεις
306 2416 368 2503 τήν
378 2419 493 2504 πόλιν,
506 2418 680 2497 καταλύεις
690 2417 753 2504 τήν
765 2424 997 2506 δημοκρατίαν.

227 2523 283 2594 Τίς
305 2509 369 2584 οὑν
390 2518 479 2584 ε’στιν
499 2513 671 2604 ἀποτροπή
690 2525 759 2587 τῶν
782 2519 944 2588 τοιούτων
965 2520 1092 2604 λόγων;
1112 2535 1162 2585 ῖοι

139 2613 202 2701 ἐγώ
226 2618 299 2700 ἐρῶ.
335 2613 470 2683 έπειδάν
498 2618 698 2701 προσελθών
725 2620 887 2686 ἐνταυθοῖ
910 2626 1094 2705 Κτησιφῶν

68 2730 120 2787 590
139 2717 291 2802 διεξέλθη
310 2711 392 2798 πρὸς
410 2713 498 2800 ὑμᾶς
508 2723 606 2783 τοῦτο
621 2714 710 2803 δήτὸ
725 2721 990 2804 συντεταγμένον
1002 2715 1094 2805 αύτῷ

141 2820 332 2898 προοίμιον,
346 2813 448 2881 ἔπειτ’
462 2818 650 2902 ἐνδιατρίβη
660 2817 714 2884 καὶ
724 2815 769 2903 μή
782 2815 996 2904 ἀπολογῆται,
1008 2815 1094 2884 ὑπο-

140 2910 282 2997 μνήσατ’
305 2910 411 2980 αύτὺν
429 2910 513 2981 ἀνευ
531 2915 687 3002 θορύβου
702 2913 738 2982 τό
752 2919 902 2983 σανίδιον
914 2924 1027 3004 λαβεῖν
1040 2920 1095 2983 καὶ

137 3009 217 3090 τούς
233 3013 359 3097 νόμους
376 3020 424 3100 τῷ
437 3020 621 3099 ψηφίσματι
633 3021 903 3100 παραναγνῶναι.
927 3012 987 3082 ἐάν
998 3013 1034 3082 δέ
1046 3015 1091 3102 μή

137 3118 358 3197 προσποιῆται
375 3107 471 3196 ὑμῶν
489 3110 642 3197 ἀκούειν,
666 3116 748 3199 μηδὲ
765 3110 858 3200 ὑμεῖς
876 3116 1006 3183 ἐκείνου
1018 3119 1095 3183 ἐθέ-

136 3219 207 3278 λετε
226 3209 379 3278 ἀκούειν·
403 3209 444 3277 ού
463 3209 528 3296 γάρ
546 3219 614 3279 ταῖν
626 3213 823 3299 φευγόντων
838 3213 897 3294 τάς
910 3213 952 3282 ού
964 3220 1091 3295 δικαίας

135 3313 312 3398 ἀπολογίας
324 3314 559 3400 εἰσεληλύθατε
571 3311 824 3403 ἀκροασόμενοι,
839 3314 922 3385 ἀλλά
935 3325 1003 3385 τῶν
1014 3322 1093 3386 ε’θε-

135 3411 263 3477 λόντων
288 3417 420 3490 δικαίως
444 3411 692 3497 ἀπολογεῖσθαι.
718 3412 779 3481 ἐὰν
799 3413 831 3481 δ’
854 3412 1092 3503 ὑπερπηδήσας
1110 3427 1162 3481 ’2οῖ
