2340 3916
382 828 741 917 PRAEFATIO.

512 1037 614 1052 W

155 1176 328 1257 Hyperidis
350 1177 522 1237 orationum
544 1183 591 1236 sat
612 1189 756 1256 magnam
774 1184 894 1256 partem
917 1197 984 1237 cum
1003 1178 1047 1238 lo-

79 1262 252 1342 cupletibus
274 1260 399 1322 scholiis
414 1262 507 1323 ctiam
520 1260 611 1322 XVI.
626 1262 749 1322 saeculo
764 1260 874 1323 Budae
890 1263 923 1321 in
938 1261 1047 1323 biblio-

76 1348 167 1408 theca
188 1347 338 1409 Matthiae
355 1346 482 1409 Oorvini
497 1348 578 1427 regis
601 1348 754 1408 exstitisse
775 1349 940 1408 memoriae
954 1348 1048 1408 tradi-

77 1441 142 1492 tum
163 1441 223 1510 est3
241 1433 297 1493 sed
315 1439 482 1514 antequam
499 1432 575 1493 inde
591 1433 625 1491 in
641 1433 741 1494 lucem
760 1433 935 1512 prodirent,
960 1441 1050 1513 capta

76 1518 153 1578 urbe
176 1539 195 1578 a
215 1518 325 1578 Turcis
353 1539 380 1578 a.
412 1518 494 1578 1626
520 1517 739 1579 bibliothecam
760 1517 846 1576 illam
870 1516 1049 1577 barbaricus

77 1603 164 1663 furor
188 1603 368 1683 absumpsit.
410 1596 534 1663 Paucae
561 1619 600 1663 ex
625 1603 746 1682 magnis
774 1603 879 1682 copiis·
898 1602 1049 1681 reliquiae

76 1697 230 1762 servatae,
257 1689 369 1767 partim
390 1686 612 1748 vindobonam
640 1695 829 1767 asportatae,
857 1687 969 1766 partim
993 1707 1051 1767 per

76 1771 271 1851 Hungariam
287 1772 459 1851 dispersae3
477 1779 507 1831 et
521 1770 693 1852 Hyperidis
706 1771 862 1851 quaedam
877 1771 1050 1850 fragmenta

78 1857 162 1937 apud
181 1856 313 1916 Paulum
327 1855 543 1916 Bomemizam
557 1854 712 1935 quendam
727 1855 909 1935 Hungariae
932 1857 1050 1936 episco-

77 1963 151 2022 pum
174 1949 294 2002 exstare
316 1943 350 2000 in
373 1939 507 2001 Gesneri
528 1940 736 2002 bibliothecae
759 1941 947 2001 editionibus
970 1960 1051 2020 quae

77 2036 148 2107 post
170 2049 198 2088 a.
223 2027 304 2086 1545
328 2026 512 2107 prodierunt
531 2025 656 2105 legitur.
700 2025 744 2085 At
771 2044 874 2105 neque
901 2025 979 2086 haec
1000 2046 1049 2086 us-

78 2132 138 2192 que
160 2111 306 2173 adhunc
329 2112 411 2173 diem
432 2119 678 2192 comparuerunt,
704 2126 806 2191 neque
824 2110 951 2171 aliunde
967 2113 1049 2192 quic·

79 2216 170 2277 quam
191 2197 283 2257 huius
307 2197 436 2258 oratoris
459 2194 630 2275 erutumt),
656 2196 756 2258 donec
777 2197 923 2276 proximis
945 2197 1050 2257 lustris

78 2285 235 2362 insperato
274 2302 398 2362 prorsus
438 2302 477 2343 ex
505 2282 673 2363 Aegyptiis
705 2281 824 2342 Thebis
856 2282 942 2341 haud
978 2301 1050 2341 con-

77 2367 247 2428 temnenda
268 2388 340 2446 pars
361 2367 534 2447 Hyperidis
557 2381 685 2446 operum
706 2365 828 2445 prolata
850 2372 907 2424 est.

163 2452 329 2529 Ingentem
356 2453 418 2511 vim
445 2451 637 2511 voluminum
663 2469 908 2530 papyraceorum
929 2451 962 2509 in
988 2449 1049 2510 Ae-

78 2543 175 2616 gypto
198 2537 312 2615 passim
333 2554 390 2614 per
411 2535 553 2614 sepulcra
574 2535 734 2596 inventam
763 2554 829 2594 esse
854 2534 1051 2614 invenirique
1136 2588 1139 2593 ,

78 2629 186 2680 notum
209 2629 268 2692 est,
297 2619 354 2680 sed
382 2640 487 2680 eorum
513 2620 608 2699 longe
635 2621 768 2680 maxima
796 2632 867 2698 pars
889 2618 969 2678 nihil
990 2620 1051 2680 nisi
1081 2642 1083 2647 ·

78 2705 200 2766 libellos
223 2706 308 2764 vario
332 2712 512 2786 argumento
537 2704 576 2766 de
597 2705 725 2785 privatis
747 2702 838 2765 rebus
861 2705 1050 2784 conscriptos

79 2792 231 2865 continet,
254 2810 355 2871 pauca
378 2789 545 2850 admodum
567 2810 696 2870 operum
710 2789 894 2869 scriptorum
915 2797 1050 2850 vetusto·

123 3010 130 3020 .
155 2974 184 3038 *)
206 2975 250 3026 De
273 2975 317 3027 his
341 2975 424 3026 rebus
447 2973 573 3026 omnibus
602 2973 639 3025 ct.
666 2973 818 3042 Kiessling.
842 2972 993 3026 comment.
1019 2975 1053 3025 de

78 3042 182 3107 Hyper.
200 3042 215 3093 1
237 3058 263 3108 p.
283 3046 312 3104 93
340 3042 510 3110 Babington.
532 3040 649 3094 Journal
671 3043 703 3094 ot
724 3041 853 3093 classical
875 3042 931 3093 and
954 3043 1052 3094 sacred

79 3109 222 3176 philology
239 3112 254 3162 1
271 3127 298 3177 p.
316 3112 376 3166 40⁷.
425 3112 468 3162 De
486 3109 537 3161 illo
556 3109 653 3163 codice
671 3109 795 3162 Budensi
811 3110 838 3163 J.
858 3110 890 3160 A.
909 3111 1054 3162 Brassica·

79 3192 132 3227 nus
154 3177 254 3228 tradit:
279 3179 456 3244 ,‚vidimus“,
478 3179 584 3244 inquit,
608 3179 774 3244 „integrum
796 3177 969 3244 Hyperidem
991 3193 1052 3229 cum

79 3245 308 3311 locupletissimis
329 3247 456 3308 scholiis,
478 3247 579 3299 librum
600 3245 695 3298 multis
718 3247 803 3299 etiam
825 3246 955 3298 censibus
978 3246 1052 3297 redi·

78 3312 237 3367 mendum“.
266 3312 301 3363 In
312 3314 430 3367 Gesneri
441 3315 571 3368 biblioth.
591 3330 612 3367 a
623 3330 651 3367 u.
668 3314 827 3382 Hyperides
838 3314 954 3380 legitur:
973 3314 1049 3379 „Hy-

79 3382 183 3447 peridis
202 3382 358 3448 fragmenta
377 3383 513 3449 quasdam
532 3384 687 3435 orationum
711 3386 825 3436 exstant
843 3382 918 3449 apud
934 3381 1056 3434 Paulum

79 3451 244 3502 Bornemiza
263 3451 423 3516 episcopum
440 3451 471 3502 in
482 3450 661 3520 Hungaria“.
