2340 3916
155 191 219 253 134
421 155 426 164 ’
563 181 697 232 ιειιου
1000 185 1052 234 02.
1073 183 1113 236 ιο.

155 363 227 448 ρίας
264 353 348 432 εἶναι
380 352 438 435 τάς
474 351 652 443 διαθήκας,
688 349 798 445 ὥσπερ
832 349 870 434 δὶς
903 350 946 424 άν
981 356 1115 436 ἕκαστος

104 475 137 528 23
154 458 231 547 περὶ
248 459 315 525 τοῖν
333 449 438 525 αύτού
454 457 618 542 διαθῆται.
653 458 757 525 ταῦτα
776 455 813 523 δὲ
831 450 871 524 ού
889 453 1018 525 τούτων
1035 452 1115 525 ὄντα

154 553 228 626 ἄλλ’
252 551 394 647 ἡμέτερα
415 563 579 645 φαίνεται.
621 550 705 624 ὥστε
721 548 764 625 άν
782 556 835 625 ἐπὶ
852 558 970 625 τοῦτον
986 553 1045 626 τόν
1062 554 1114 626 λό-

145 683 214 747 γον
235 655 429 748 καταφεύγῃ
453 659 507 726 καὶ
529 654 697 778 μάρτυρας
721 659 899 746 παρέχηται
923 651 967 736 ὦς
986 660 1115 727 διέθετο

102 798 113 815 ν
155 763 295 847 ἐκεῖνος,
315 754 539 828 ἐπιδεικνύναι
555 753 708 825 κελεύετε
725 763 756 826 εί
774 755 962 879 δικαίως
925 786 965 826 τα
984 759 1114 828 ἑαυτοῦ.

153 864 250 930 τοῦτο
273 857 337 950 γάρ
366 855 495 927 δίκαιόν
519 861 594 927 έστι.
637 854 808 927 δεινότατα
829 853 893 947 γάρ
915 852 958 927 άν
981 856 1116 929 πάντων

153 962 336 1050 γένοιτο,ε
337 963 564 1047 ίΚνρωνίδης
586 958 648 1045 μὲν
664 947 780 1027 καὶ
738 985 847 1047 ουτοι,
870 955 963 1040 ὄντες
982 962 1014 1042 ἐξ
1035 962 1116 1029 ἐκεί

154 1089 234 1150 νου,
258 1089 303 1149 μη
326 1058 429 1148 μόνον
445 1055 504 1129 τόν
520 1060 718 1137 Ξεναινέτου
741 1057 834 1128 οἷκον
851 1054 990 1130 πλέον”
969 1089 989 1148 η
1006 1058 1116 1130 τεττά

155 1190 225 1250 ρων
246 1158 417 1231 ταλάντων
438 1163 587 1249 ἕξουσιν,
613 1155 696 1228 άλλά
719 1162 774 1228 καὶ
792 1157 891 1231 τόνδε
908 1159 1117 1251 προσλήψον·
1162 1236 1164 1241 ,

154 1289 223 1351 ται,
244 1259 307 1348 ε’γώ
328 1262 364 1330 δέ
381 1265 438 1349 τῆς
454 1257 575 1351 μητρός
592 1256 693 1347 ούσης
710 1268 827 1350 κυρίας
844 1263 901 1330 καὶ
919 1265 955 1330 έκ
971 1265 1039 1331 τοῖν
1056 1259 1116 1330 αύ-

155 1365 223 1432 τοῖν
245 1367 427 1453 Κυρωνίδη
450 1363 667 1452 γεγενημένος
692 1368 722 1431 εί
743 1361 828 1449 μηδὲ
844 1360 903 1432 τόν
920 1365 977 1450 τῆς
995 1360 1117 1452 μητρός

146 1464 279 1555 Ικλῆρον
305 1459 467 1552 ληψομαι,
496 1465 552 1532 καὶ
574 1464 678 1532 ταῦτα
709 1462 794 1549 μηδε
823 1460 965 1551 ἐχόντων
988 1462 1118 1534 τούτων

20 1606 22 1610 -
104 1567 346 1652 οιέπενεγκείν
364 1560 443 1654 παρ’
461 1560 539 1663 ότου
557 1590 618 1634 ποτ
622 1558 812 1649 ἐἰλήφασι
849 1571 955 1634 καίτοι
973 1569 1115 1652 δίκαιον,

156 1693 182 1733 ω
170 1653 341 1757 ἄνδρες,
367 1662 477 1754 ὥσπερ
498 1692 566 1734 των
589 1660 887 1753 ἀμφισβητησίμων
909 1672 1042 1786 χωρίμν
1066 1671 1121 1734 δεῖ

154 1762 213 1836 τόν
237 1760 396 1855 ἔχοντα
374 1795 395 1854 η
417 1759 565 1853 δότην
543 1794 563 1853 η
588 1791 738 1855 πρατηρα
761 1758 1002 1855 παρέχεσθαι
981 1793 1002 1854 η
1020 1794 1118 1835 κατα-

37 1949 41 1957 ,
157 1871 394 1956 δεδικασμένον
417 1875 617 1956 φαίνεσθαι,
642 1861 730 1935 evm
751 1866 808 1935 καὶ
824 1862 962 1946 τούτους
979 1861 1101 1936 καδ’“
1080 1895 1118 1937 εν

154 1994 185 2035 τι
203 1966 331 2040 τούτων
348 1963 585 2056 άποφήναντας
603 1962 706 2036 αύτον
696 1963 840 2050 άξιουν
858 1965 1117 2055 ἐπιδικάζεσθαι,

155 2096 198 2194 μη
217 2093 279 2155 προ
269 2064 440 2155 δίκης
403 2095 464 2155 την
479 2062 691 2191 Ἀριστάρχου
707 2069 930 2156 θυγατέρα,έ
929 2096 995 2155 μην
1009 2068 1047 2136 δ
1058 2097 1119 2156 μη-

104 2182 137 2234 25
155 2170 248 2255 τέρα,
276 2171 311 2237 ἐκ
333 2170 401 2237 τοῖν
418 2167 582 2261 πατρῴων
599 2164 781 2254 ἐκβάλλειν
817 2165 900 2236 άλλά
916 2166 996 2257 γάρ,
1016 2157 1044 2236 τό
1060 2165 1118 2237 άν-

158 2272 248 2395 δρες,
273 2263 334 2356 ούχ
357 2267 473 2339 ίκανόν
496 2273 564 2338 έστι
585 2266 825 2361 Ξεναινέτω
792 2296 850 2338 τον
870 2264 1118 2359 Ἀριστομένονς

48 2390 50 2395 ’
156 2367 248 2437 οἶκον
265 2372 698 2458 καταπεπαιδεραστηκέναι,
712 2364 795 2438 άλλά
812 2371 867 2438 καὶ
878 2396 997 2439 τουτον
1013 2379 1118 2439 οίεται

152 2472 231 2538 δευ
248 2466 307 2540 τόν
324 2465 427 2540 αὐτόν
443 2470 566 2560 τρόπον
585 2477 761 2540 διαθεῖναι.
799 2468 862 2559 ε’γοδ
882 2465 933 2558 δ’,
952 2459 980 2538 τό
996 2467 1116 2559 ἄνδρες

158 2575 327 2660 δικασταί,
350 2578 505 2661 βραχείας
528 2568 644 2653 ούσίας
673 2566 863 2661 ὑπαρξάσης
886 2566 1034 2659 άδελφάς
1057 2571 1118 2659 μὲν

158 2673 316 2759 ἐξέδωκα,
333 2667 396 2741 ὅσα
415 2670 584 2762 ἐδυνάμην
603 2670 749 2759 ἐπιδούς,
767 2669 904 2760 κόσμιον
923 2666 955 2739 δ’
976 2667 1119 2759 ἐμαυτόν

156 2774 309 2860 παρέχων
326 2774 381 2841 καὶ
404 2777 509 2842 ποιῶν
526 2772 567 2842 τά
584 2771 850 2863 προσταττόμενα
873 2773 929 2841 καί
945 2767 1004 2851 τάς
1020 2793 1118 2863 στρα-

155 2878 243 2950 τείας
267 2871 525 2961 στρατευόμενος
547 2870 628 2957 άξιοῖ
649 2877 716 2943 τῶν
737 2876 794 2960 τῆς
812 2868 932 2962 μητρός
955 2870 1119 2966 πατρῴων

105 2989 139 3041 26
156 2968 200 3058 μὴ
218 2966 494 3064 ἀποστερηθῆναι.
518 2969 673 3058 άπίδειξα
692 2969 724 3043 δ’
742 2968 824 3063 ύμῖν
836 2977 1040 3063 Κνρωνίδην
1057 2975 1119 3062 μὲν

76 3151 79 3154 ,
155 3067 214 3141 τόν
226 3069 354 3142 τούτων
366 3076 490 3165 πατέρα
502 3078 674 3165 ἐκποίητον
684 3072 865 3162 γενόμενον
878 3075 933 3143 καὶ
945 3069 1007 3143 ούκ
1019 3078 1118 3144 ἐπαν-

157 3171 300 3242 ελθόντα
323 3180 370 3254 εἰς
392 3171 451 3245 τόν
473 3180 627 3269 πατρῷον
648 3175 757 3263 οἷκον,
781 3171 839 3244 τόν
863 3175 901 3243 δὲ
919 3177 1043 3264 πατίρα
1060 3171 1120 3244 τόν

156 3279 359 3364 Κυρννίδου
385 3278 441 3344 καὶ
465 3280 523 3365 τῆς
551 3281 628 3367 έμῆς
645 3271 766 3366 μητρός
784 3273 973 3365 Δημοχάρει
990 3279 1039 3368 τῷ
1054 3278 1121 3367 υίρῖ

156 3375 275 3445 τούτου
296 3371 355 3445 τόν
378 3380 500 3464 κλῆρον
528 3375 764 3463 καταλιπόντα,
795 3377 925 3444 ἐκεῖνον
953 3376 991 3445 δέ
1014 3381 1119 3446 παῖδα
