2340 3916
336 181 471 237 ΚΑΤΑ
502 182 770 239 TIMAPXOY.
1008 183 1029 244 9

76 345 289 427 παιδοτρίβας
300 339 357 417 τάς
373 345 573 420 παλαίστρας
591 335 737 424 άνοίγειν
747 342 809 425 μὲν
826 340 1026 427 ἀπαγορεύει
1042 354 1078 407 36

77 440 120 526 μὴ
134 441 312 524 πρότερον,
325 441 405 521 πρὶν
417 434 459 504 άν
471 436 487 506 ὁ
501 437 593 524 ἥλιος
604 436 730 528 άνίσχῃ,
751 439 863 531 κλῄειν
876 445 911 511 δέ
922 466 1027 529 προσ-

77 541 185 607 τάττει
197 537 261 623 πρό
273 536 370 624 ἡλίου
382 539 574 620 δεδυκότος,
587 536 645 616 τάς
656 541 788 624 ἐρημίας
799 543 853 608 καί
864 539 899 608 τό
911 545 1029 622 σκότος

78 644 113 705 ἐν
131 648 265 726 πλείστῃ
283 635 410 724 ύποηιίηι
427 637 640 721 ποιούμενος·
663 640 716 704 καί
737 637 814 716 τούς
832 649 1028 718 νεανίσκους

77 737 155 815 τούς
167 743 403 821 εἰσφοιτῶντας
415 733 571 813 οὕστινας
582 740 634 802 δεῖ
649 734 732 802 εἰναι
744 738 798 804 καί
808 737 943 817 ἅστινας
954 738 1028 825 ἡλι-

77 844 149 915 κίας
161 842 311 921 ἔχοντας,
329 837 384 902 καὶ
396 833 500 920 άρχην
517 834 587 920 ἥτις
600 840 691 901 ἔσται
701 832 721 921 ἡ
733 837 864 903 τούτων
875 841 1027 923 ἐπιμελη-

77 936 216 1020 σομένη,
244 935 299 1000 καὶ
325 936 398 1015 περὶ
424 937 645 1017 παιδαγωγῶν
673 938 929 1019 ἐπιμελείαςκαὶ
955 938 1029 1019 περὶ

76 1039 259 1099 Μουσείων
278 1035 315 1098 έν
326 1047 394 1109 τοῖς
406 1036 644 1109 διδασκαλείοις
660 1035 716 1099 καλ
732 1036 806 1116 περὶ
817 1030 983 1120 Ἑρμαίων
994 1039 1030 1103 έν

76 1147 145 1209 ταῖς
156 1138 387 1216 παλαίστραις,
406 1129 507 1199 καὶτὸ
526 1136 800 1216 τελεοταϊονπερλ
817 1141 1030 1219 τηςσυμφοι-

79 1233 204 1317 τάσεως
220 1237 287 1296 τῶν
310 1234 439 1296 παίδων
462 1230 516 1295 καὶ
537 1236 606 1295 τῶν
626 1237 736 1313 χορων
752 1237 820 1296 τῶν
836 1234 1028 1314 ἐγκυκλίων·

31 1347 60 1396 ll
79 1330 206 1397 κελεύει
217 1328 281 1414 γάρ
293 1326 352 1396 τόν
364 1326 508 1413 χορηγόν
519 1325 579 1394 τόν
595 1331 756 1412 μέλλοντα
767 1326 828 1413 τὴν
840 1326 958 1396 ούσίαν
968 1327 1031 1414 τὴν

77 1433 198 1496 ἑαυτοῦ
216 1427 407 1496 ἀναλίσκειν
429 1425 513 1511 ὑπὲρ
534 1427 774 1509 τετταράκοντα
794 1433 848 1512 ἔτη
870 1430 1029 1513 γεγονότα

76 1535 174 1593 τοῦτο
192 1526 363 1607 πράττειν,
386 1523 426 1591 ἵν’
444 1523 507 1609 ἤδη
525 1527 561 1590 ἐν
583 1531 622 1610 τῃ
645 1525 902 1613 σωφρονεστάτῃ
924 1524 1030 1592 αὑτοῦ
1046 1544 1081 1599 36

76 1621 186 1710 ἡλικία
205 1620 270 1707 όν,
295 1622 403 1700 οὕτως
420 1621 604 1709 ἐντυγχάνῃ
627 1637 695 1699 τοῖς
718 1619 886 1708 ὑμετέροις
908 1630 1020 1688 παισίν

78 1720 304 1806 ἀναγνώσεται
316 1713 380 1788 ούν
389 1717 469 1806 ὑμίν
479 1720 618 1798 τούτους
624 1720 702 1797 τούς
713 1719 837 1805 νόμους
849 1718 866 1786 ὁ
876 1746 1029 1805 γραμμα-

77 1845 109 1885 τε
117 1816 169 1900 ἰες,
191 1814 231 1884 ἵν’
245 1822 369 1902 εἰδῆτε,
383 1813 463 1884 ὅτιὸ
480 1820 665 1901 νομοθέτης
678 1814 824 1903 ἡγήσατο
844 1814 904 1883 τόν
921 1824 1029 1894 καλῶς

78 1921 245 1998 τραφέντα
263 1919 364 1981 παῖδα
382 1915 489 1997 άνδρα
507 1915 692 2000 γενόμενον
715 1914 878 1999 χρήσιμον
894 1920 1030 1981 ἔσεσθαι

78 2023 117 2100 τῃ
129 2015 239 2080 πόλει·
267 2013 348 2081 όταν
367 2011 430 2099 δ’ἰχ
449 2014 550 2098 φύσις
567 2021 628 2079 τοῦ
646 2010 833 2096 άνθρωπου
851 2011 1030 2091 εύθύςπο-

81 2111 185 2196 νηράν
203 2110 308 2196 άρχην
326 2112 411 2200 λάβῃ
434 2121 491 2198 τῆς
508 2116 672 2194 παιδείας,
694 2113 736 2178 έκ-
754 2119 822 2178 τῶν
845 2119 955 2191 κακῶς
976 2138 1029 2179 τε-

78 2216 282 2296 θραμμένων
304 2217 433 2279 παίδων
455 2219 706 2298 παραπλησίους
727 2208 874 2296 ἡγήσατο
896 2220 1030 2292 πολίτας

78 2315 213 2375 ἔσεσθαι
230 2309 384 2398 Τιμάρχῳ
396 2317 525 2399 τουτωί.
559 2313 632 2393 λέγε
645 2307 674 2376 δ’
688 2309 800 2386 αὐτοῖς
816 2307 894 2388 τούς
906 2310 1031 2396 νόμους

76 2409 222 2486 τούτους.

478 2545 633 2602 ΝΟΜΟΙ.

27 2659 60 2708 12
163 2654 218 2730 [06
227 2651 309 2713 δὲ
269 2676 328 2712 των
339 2653 454 2714 παίδων
465 2647 675 2714 διδάσκαλοι
643 2651 855 2755 ανφιγέτωσαν
872 2649 925 2730 μὲν
937 2676 972 2711 τα
960 2647 1028 2712 δι·
1043 2663 1077 2718 37

120 2737 342 2835 δασκαλείαγ
300 2762 342 2816 μη
361 2731 503 2819 πρότερον
525 2731 652 2838 ηλίου
633 2732 781 2814 ανιόντος,
805 2737 977 2797 κλειέτωσαν
1001 2735 1032 2796 δὲ

118 2813 176 2902 πρὸ
188 2814 237 2923 ηλί
237 2845 272 2882 ου
284 2817 432 2894 δύνοντος.
456 2821 506 2882 καὶ
516 2846 558 2902 μη
547 2815 668 2896 ἐξέστω
676 2828 737 2894 τοῖς
747 2812 860 2902 νπὲρ
829 2844 884 2924 τῃν
894 2825 953 2880 τῶν
961 2822 1028 2880 παί-
1043 2828 1080 2882 38

120 2907 181 2965 δων
195 2899 315 3012 ῃλικίαν
327 2896 412 2966 ούσιν
424 2906 544 2967 εἰσιέναι
554 2912 614 2967 τῶν
624 2907 740 2967 παίδων
752 2901 866 2967 ἐνδον”
850 2927 959 3004 οντφν,
978 2898 1029 2965 ε’άν

118 3014 158 3093 μῃ
177 2983 240 3063 υἱός
260 2982 478 3051 διδασκάλου
458 3015 477 3069 η
502 2983 672 3068 άδελφός
652 3015 671 3069 η
689 2981 839 3088 θυγατρός
856 2981 948 3096 άνῃρ·
978 2981 1030 3049 ἕόιν

119 3071 152 3134 δέ
163 3098 205 3146 τις
215 3098 296 3174 παρα
308 3067 391 3135 ταῦτ’
393 3075 493 3177 εἰσίῃ,
513 3069 638 3172 θανάτςο
646 3069 834 3168 ζημιούσθω.
863 3073 914 3134 καὶ
932 3075 962 3132 οἱ
976 3097 1029 3153 γυ-

118 3153 296 3260 μνασιάρχαι
315 3164 374 3231 τοῖς
393 3136 541 3258 Ἑρμαίοις
559 3182 599 3237 μη
589 3133 751 3219 ἐάτωσαν
765 3157 960 3238 συγκαθιέναι
974 3181 1014 3235 μη

119 3242 189 3303 δένα
205 3248 264 3303 τῶν
279 3243 310 3304 έν
326 3238 427 3327 ηλικίη
443 3237 542 3327 τρόπῳ
559 3243 677 3321 μηδενί·
706 3235 759 3302 ἐάν
776 3241 808 3303 δὲ
825 3241 962 3341 ἐπιτρέπῃ
979 3240 1028 3301 καί
1044 3249 1080 3303 39

119 3348 160 3428 μη
178 3325 288 3412 ἐξείργῃ
305 3333 357 3388 τοῦ
375 3328 554 3408 γυμνασίου,
580 3327 677 3425 ἔνοχος
693 3319 793 3387 έστωὸ
810 3323 1031 3406 γυμνασιάρχης

118 3417 160 3494 τῷ
176 3436 227 3490 της
244 3392 408 3493 ἐλευθέρων
425 3416 545 3493 φθοράς
558 3404 648 3495 νόμῳ.
683 3433 711 3472 οι
704 3409 754 3471 δὲ
770 3409 889 3491 χορηγοὶ
901 3411 1029 3471 οίκαθι-
