2340 3916
145 114 186 222 λδ
490 161 747 218 ΑΙΣΧΙΝΟΤ

146 325 307 404 περιθείη,
319 317 382 385 οὐκ
394 314 436 384 ίίν
448 317 534 384 πολύ
543 342 574 383 τι
586 316 746 404 καταδεὴς
758 328 818 406 εἰη.
851 317 958 387 ἐδόκει
973 327 1099 406 Κτησι-
1113 335 1150 389 52

93 498 95 502 ι
147 425 253 504 φῶντι
264 414 325 503 τῆν
336 414 415 495 ὄψιν
426 414 575 500 λαμπρὸς
587 411 686 498 εἰναι,
704 417 775 501 ἐμοὶ
786 413 818 482 δ’
832 413 872 482 οὐ
883 423 1003 503 χείρων
1012 415 1101 501 Ἀρι-

147 517 307 603 στόδημος
318 512 335 583 ὁ
347 511 570 600 ὑποκριτῆς,“
599 510 635 590 δς
647 520 758 600 παρῆν
775 512 855 601 ἡμῖν
866 518 921 582 καί
935 516 1100 599 συνεπρί-

13 642 16 647 ·
78 634 130 689 232
147 623 253 703 σβευε.
288 665 309 701 ,,
317 611 523 700 μνημονικόν
540 638 588 689 τις
605 609 710 678 αὐτόν
727 633 830 698 φησιν
846 610 944 680 εἰναι·
967 613 1098 699 καὶγὰρ

147 716 260 799 ἕτεροι.
293 725 447 798 συμπιεῖν
459 709 567 787 δεινὸς
578 702 630 794 ῆν·
665 711 871 797 Φιλοκράτης
887 709 990 798 ὁμεθ’
1003 711 1100 798 ἡμῶν

147 813 340 898 δεινότερος.
363 813 465 896 λόγον
475 816 523 888 τίς
533 828 636 894 φησιν
646 811 717 894 ἐμοὶ
728 819 919 878 καταλιπεῖν
929 807 1011 893 ὑπὲρ
1020 809 1099 897 Ἀμ-

146 913 325 997 φιπόλεως·
357 908 423 978 ἀλλ’
438 906 511 976 οὔτ’
532 903 576 975 ίίν
593 905 674 994 ὑμίν
691 908 709 976 ὁ
727 909 835 996 ῥήτωρ
853 903 951 988 οὗτος
968 907 1042 977 οὔτ’
1055 905 1099 978 ίίν

146 1014 218 1097 ἐμοὶ
240 1011 344 1095 λόγου
364 1012 528 1095 μεταδοίη.
561 1007 747 1094 ταῦταμὲν
768 1000 830 1075 οὖν
852 1008 953 1093 λῆρός
973 1011 1098 1091 ἐστιν,“
1113 1018 1148 1072 53

145 1115 225 1195 ἔφη·
248 1106 333 1194 ,ἐμοὶ
347 1109 383 1175 δὲ
395 1106 549 1192 ψήφισμα
565 1106 685 1190 γράψω
700 1109 755 1174 καὶ
765 1115 811 1195 τῷ
828 1106 949 1194 κη’ρυκι
960 1113 1098 1174 σπείσα-

76 1222 128 1277 233
147 1217 228 1274 σθαι
238 1212 283 1294 τῷ
296 1203 385 1287 παρὰ
398 1208 565 1271 Φιλίππου
576 1201 692 1289 ῆκοντι
709 1204 764 1272 καὶ
774 1218 842 1282 τοῖς
852 1209 1008 1291 μέλλουσι
1019 1205 1094 1287 παρ’

144 1301 249 1370 αὐτοῦ
261 1307 360 1388 δεῦρο
373 1304 456 1369 ἰέναι
467 1305 634 1387 πρέσβεσι,
646 1304 701 1369 καί
711 1301 790 1381 τούς
802 1303 994 1388 πρυτάνεις,
1007 1306 1097 1370 ἐπει-

146 1400 209 1467 δοὶν
221 1400 347 1487 ἥκωσιν
360 1403 395 1466 οἰ
403 1405 563 1485 πρέσβεις,
572 1402 747 1484 ἐκκλησίαν
758 1401 810 1466 ἐπὶ
820 1399 881 1466 δύο
892 1398 1014 1486 ἡμέρας
1022 1424 1098 1465 ποι-

148 1515 197 1567 εῖν
209 1498 253 1586 μῆ
264 1500 371 1584 μόνον
381 1496 465 1583 ὑπὲρ
479 1498 626 1586 εἰρήνης,
648 1496 798 1566 ἀλλὰκαὶ
816 1501 890 1585 περὶ
902 1506 1096 1585 συμμαχίας,

146 1601 200 1667 καὶ
211 1597 290 1676 τοὺς
300 1600 453 1684 πρέσβεις
463 1596 565 1683 ἡμᾶς,
579 1602 609 1664 εἰ
618 1601 785 1682 δοκοῦμεν
796 1594 880 1676 ίίξιοι
891 1595 990 1683 εἰναι,
1004 1600 1097 1664 ἐπαι-

146 1700 238 1762 νέσαι
257 1697 312 1764 καί
332 1700 467 1762 καλέσαι
487 1697 539 1763 ίπί
554 1698 691 1763 δεῖπνον
713 1700 758 1772 εἰς
774 1694 810 1761 τό
830 1708 1030 1781 πρυτανεῖον
1051 1701 1096 1772 εἰς

145 1793 299 1877 αὔριον.“
327 1791 376 1859 ὅτι
388 1792 419 1859 δ’
433 1790 546 1878 ἀληθῆ
560 1797 662 1877 λέγω,
682 1794 765 1878 λαβέ
772 1818 829 1877 μοι
839 1790 879 1858 τίι
889 1802 1094 1878 ψηφίσματα,
1111 1813 1146 1867 54

78 1923 131 1977 234
147 1896 202 1959 ἵνα
214 1895 334 1976 εἰδῆτε,
359 1883 385 1957 οἰ
401 1890 538 1977 ἄνδρες,
559 1894 613 1957 καὶ
630 1887 692 1976 τῆν
709 1889 901 1975 ἀνωμαλίαν
919 1889 1025 1957 αὐτοῦ
1042 1891 1098 1957 καί

147 1988 208 2057 τὸν
227 1989 361 2073 φθόνον
378 1989 433 2055 καί
450 1987 511 2074 τῆν
527 1997 594 2055 των
612 1990 814 2081 πραγμάτων
831 1987 911 2076 μετὰ
930 1989 1098 2075 Φιλοκρά-

146 2113 224 2164 τους
234 2094 414 2154 κοινωνίαν
425 2089 479 2154 καί
490 2088 527 2153 τὸ
538 2080 632 2172 ῆθος,
641 2085 684 2164 ὥς
696 2092 873 2173 ἐπίβουλον
884 2089 939 2155 καί
945 2085 1095 2154 ίίπιστον.

145 2185 238 2250 κοίλει
252 2188 289 2249 δέ
301 2209 357 2268 μοι
369 2185 423 2251 καί
435 2182 513 2261 τοὺς
524 2185 759 2270 συμπρέσβεις,
777 2186 831 2252 καί
843 2183 901 2262 τίις
914 2192 1097 2271 μαρτυρίας

146 2279 257 2349 αὐτῶν
270 2279 446 2366 ἀνάγνωθι
457 2285 512 2349 καί
529 2281 568 2348 τοὶ
586 2291 778 2368 ψηφίσματα
790 2280 830 2350 τίι
841 2291 904 2350 τον
913 2288 1096 2370 Δημοσθέ-

144 2405 234 2457 νους.

477 2485 769 2546 ΨΗΦΙΣΜΑΤΑ.

234 2574 285 2645 Οὐ
296 2583 412 2645 τοίνυν
422 2576 529 2664 μόνον
539 2585 642 2645 ταῦτα
659 2581 820 2662 ἔγραψεν,
845 2574 928 2644 ἄλλα
948 2580 1003 2644 καί
1014 2578 1095 2662 μετὰ
1110 2603 1145 2658 55

149 2685 248 2744 ταῦτα
266 2680 303 2744 ἐν
316 2686 357 2764 τῆ
370 2684 479 2763 βουλῆ
495 2679 581 2744 θέαν
599 2682 645 2754 εἰς
662 2673 702 2742 τίι
720 2675 886 2742 Διονύσια
903 2689 1097 2762 κατανεῖμαι

145 2790 213 2852 τοῖς
224 2779 417 2860 πρέσβεσιν,
440 2772 575 2842 ἐπειδᾶν
586 2773 708 2860 ἥκωσι,
732 2788 799 2853 τοῖς
811 2781 986 2842 Φιλίππου.
1022 2777 1096 2860 λίμε

146 2875 200 2940 καὶ
210 2879 307 2939 τοῦτο
319 2872 356 2939 τὸ
367 2873 530 2959 ψήφισμα.

502 2980 734 3042 ΨῊΦΙΣΜΑ.

225 3067 413 3154 Ἀνοίγνωθι
431 3067 470 3156 δὴ
483 3073 537 3138 καὶ
554 3071 616 3159 τῆν
633 3081 701 3139 τῶν
719 3075 957 3158 συμπρέσβεων
968 3097 1098 3157 μαρτυ-

111 3193 114 3197 ·
147 3176 238 3256 ρίαν,
261 3167 299 3237 ἵν’
321 3174 445 3254 εἰδῆτε,
469 3162 497 3236 ω’
517 3167 703 3257 Ἀθηναῖοι,
724 3169 775 3240 ὅτι
792 3175 1013 3257 Δημοσθένης
1035 3170 1097 3257 οὐχ

146 3266 231 3350 ὑπὲρ
243 3276 300 3355 τῆς
312 3269 438 3347 πόλεως
450 3274 553 3338 εἰπεῖν
565 3270 720 3357 δύναται,
741 3268 808 3339 ἀλλ’
823 3271 874 3340 ἐπὶ
885 3267 965 3349 τοὺς
977 3277 1096 3338 συσσί-

146 3392 223 3444 τους
235 3368 288 3432 καί
300 3363 532 3451 ὁμοσπόνδους
543 3376 670 3458 μελετᾷ.
