2340 3916
371 179 750 236 rmnrnrroearrren.
971 197 1023 246 vu

52 356 83 412 in
104 353 208 422 seriem
227 354 371 410 verborum
393 363 529 430 tamquam
554 372 608 411 non
629 355 736 411 inventa
755 363 970 428 conquereretur
987 375 1019 415 ae

51 437 228 514 postliminio
254 439 283 494 iu
301 439 418 495 medium
440 440 584 513 proferret,
622 439 656 496 Hi
681 455 774 496 omnes
790 457 949 512 quamquam
966 459 1017 514 pro

51 541 105 579 sua
119 522 238 595 quisque
252 531 331 596 parte
347 539 457 596 operam
472 523 605 580 dedenmt
619 532 651 580 ut
666 523 821 582 emendatus
834 525 957 598 prodiret
974 544 1017 582 sa·

52 607 196 679 lebrisque
209 615 344 680 purgatus
358 606 462 670 isaeus,
485 615 572 664 tamen
589 608 707 664 nondum
723 608 807 663 ita-ad
820 625 937 683 unguem
954 628 1016 683 per·

52 690 161 765 politus
181 696 242 751 est,
263 698 295 747 ut
312 690 413 764 ubique
432 691 558 748 Isocratis
575 692 738 766 discipulum
753 699 781 746 et
794 693 953 765 magistrum
967 695 1016 750 ite·

52 773 207 831 mosthenis
222 782 250 830 et
266 773 396 848 Lysiacae
413 773 584 850 eloquentiae
598 775 732 832 aemulum
753 791 893 848 agnoscas.
923 776 1016 851 Neque

49 859 80 915 id
92 859 210 919 ιιιίιιιιιι,
231 875 293 914 cum
313 858 451 915 codicibus
467 877 547 916 manu
568 860 677 933 seriptis
694 876 781 933 neque
800 859 892 915 multis
909 869 1017 917 utamur

49 959 144 1016 neque
174 941 263 997 bonis
303 941 395 998 Nihilo
419 943 507 1000 secius
535 942 576 1000 vei
600 961 632 1000 ex
657 960 752 999 eorum
775 944 897 1016 vestigiis
919 946 1016 1002 emicat

47 1027 160 1083 lsaeum
182 1042 250 1098 pure
263 1026 418 1090 emendate,
440 1026 578 1101 eleganter
594 1036 722 1090 venuste.
737 1028 854 1102 denique
872 1029 958 1085 Attice
974 1029 1015 1085 lo·

47 1119 151 1166 cutum
166 1125 235 1165 esse.

140 1193 234 1266 ltaque
249 1192 273 1250 si
288 1193 405 1268 primum
419 1195 453 1252 de
469 1195 595 1252 formis
609 1195 804 1252 vocabulorum
819 1198 936 1269 quaeris,
950 1215 1015 1254 con·

47 1285 216 1334 sentaueum
235 1286 278 1334 est
300 1294 354 1334 non
380 1278 446 1334 alias
471 1296 533 1336 eum
550 1278 601 1336 sibi
625 1279 793 1352 usurpandas
810 1280 947 1354 putavisse
962 1282 1013 1336 nisi

51 1379 124 1435 quae
147 1360 266 1417 Atticum
279 1363 392 1418 maxime
414 1362 542 1426 decerent
556 1380 644 1437 neque
660 1364 773 1419 eundem
789 1363 841 1419 hoc
854 1361 936 1418 iiiove
952 1363 1014 1421 ioco

52 1456 194 1518 tamquam
208 1445 252 1501 sui
269 1444 384 1502 oblitum
397 1446 427 1501 in
445 1463 474 1503 se
493 1447 632 1503 admisisse
648 1455 680 1502 ut
696 1446 794 1502 talibus
810 1454 933 1502 uteretur
946 1465 1014 1520 quae

50 1529 138 1602 longe
163 1529 296 1585 distarent
320 1529 353 1586 ab
372 1547 425 1586 usu
440 1531 593 1587 Atticorum
614 1540 642 1587 et
666 1530 869 1587 consuetudine.
907 1530 945 1587 Ει
959 1549 1013 1604 quo

52 1629 159 1686 genere
172 1621 236 1669 sunt
249 1611 295 1669 illa
310 1605 505 1670 καθιστάνειν
517 1610 640 1689 (ons
582 1621 607 1672 2.
656 1622 696 1674 99.
715 1614 809 1671 Coheti
824 1621 892 1669 orat
908 1615 940 1671 de
957 1624 1014 1670 arte

54 1698 172 1770 interpr
194 1715 222 1770 p.
248 1702 295 1761 92.
314 1714 366 1754 uos
382 1697 409 1753 in
423 1699 537 1772 praefat
551 1699 584 1755 ad
600 1698 747 1772 Lysiamp.
763 1697 820 1770 vt),
838 1683 940 1763 oodric
959 1716 1013 1769 μη-

57 1777 124 1847 θείς
150 1773 245 1853 μηθίτ
246 1797 313 1856 ερον
334 1779 520 1854 (Schoemann.
543 1783 576 1838 ad
602 1799 642 1838 or.
666 1787 690 1845 7,
700 1778 817 1876 329..)
843 1790 913 1852 ψηφ
914 1778 1014 1837 [orode

49 1863 110 1935 (οι.
134 1872 160 1922 1.
181 1863 280 1937 851).
302 1855 447 1939 ἕφόρεσαν
469 1864 520 1938 (οι.
539 1873 565 1924 4.
589 1853 715 1937 87),ὂῖ
695 1862 814 1932 αξαντες
836 1882 875 1921 or.
892 1871 917 1922 4
935 1866 1013 1936 310,

61 1947 149 2003 alia
124 1964 184 2004 erus
196 1949 283 2012 modi.
298 1966 366 2044 quae
380 1966 458 2006 nemo
471 1950 550 2006 iacile
571 1950 623 2006 erit
638 1949 720 2005 hodie
736 1949 800 2021 quin
815 1949 1014 2007 condemnanda

62 2047 119 2087 esse
137 2032 250 2096 iudicet,
264 2033 318 2089 nisi
335 2033 381 2107 qui
397 2033 501 2106 quidvis
513 2034 648 2108 patienter
665 2032 732 2088 ierri
748 2031 847 2089 debere
862 2034 1013 2105 praefracte

62 2115 240 2179 contenderit,
270 2117 342 2190 quod
366 2116 470 2172 librarii
497 2125 544 2173 aut
571 2134 603 2174 ex
632 2115 769 2172 inferioris
795 2118 891 2172 aetatis
913 2126 959 2172 aut
982 2136 1014 2173 ex

67 2197 170 2255 alimum
188 2199 324 2272 gentium,
346 2201 457 2256 maxime
477 2200 662 2262 Macedonum,
686 2200 821 2256 scribendi
842 2218 923 2273 prava
949 2219 1015 2257 con·

67 2283 199 2339 suetudine
220 2290 270 2340 aut
291 2284 425 2340 etiamen
446 2285 489 2340 sui
512 2285 633 2357 ipsorum
656 2285 786 2358 temporis
807 2283 972 2340 obscuritate
986 2294 1015 2340 et

69 2362 180 2423 barbarie
192 2367 222 2422 in
237 2367 399 2442 scriptorem
411 2384 489 2423 suum
502 2369 628 2424 invehere
643 2384 697 2423 non
712 2366 911 2423 dubitaverunt.
938 2367 958 2422 E
974 2376 1013 2423 ta·

70 2444 130 2505 libus
147 2450 233 2524 igitur
256 2452 382 2508 sordibus
404 2469 418 2507 a
438 2451 536 2508 scribis
558 2451 656 2508 oblatis
677 2459 704 2507 et
723 2450 837 2506 fidenter
855 2454 1013 2523 propagatis

71 2547 121 2588 tum
132 2535 274 2591 mmitesto
288 2543 401 2609 apparet
418 2553 497 2608 quam
516 2544 642 2608 suspecta
656 2536 692 2591 sit
706 2542 788 2606 atque
809 2533 913 2588 infirma
928 2534 1013 2589 libro-

74 2629 121 2672 rum
137 2636 217 2674 manu
231 2619 396 2692 scriptorum
415 2620 442 2675 in
459 2619 502 2675 his
516 2619 597 2675 rebus
612 2618 693 2680 fides,
711 2626 768 2672 tum
785 2617 939 2672 coniectura
954 2617 1013 2673 fieri

76 2696 137 2756 iariie
149 2710 241 2776 potest
258 2703 322 2776 quid
339 2705 375 2759 sit
389 2704 422 2760 de
436 2705 534 2760 ceteris
549 2703 644 2759 formis
658 2701 822 2762 habendum,
839 2716 905 2773 quas
919 2703 942 2757 si
957 2719 1012 2758 non

72 2778 183 2842 barbaras
202 2793 334 2843 attamen
350 2805 384 2844 ne
397 2788 471 2861 ipsas
488 2788 595 2861 quidem
610 2787 643 2843 ab
661 2785 757 2841 Atticis
772 2785 899 2857 usurpari
918 2784 1012 2841 solitas

52 2908 56 2917 .
73 2879 122 2923 esse
132 2869 173 2926 sel
187 2878 310 2927 veterum
328 2871 564 2945 grammaticorum
581 2872 689 2928 decreta
703 2869 840 2925 declarant
854 2869 905 2930 vel,
926 2870 1012 2941 siquis

72 2947 131 3008 iorte
148 2953 190 3010 his
211 2970 278 3011 ιιοιι
283 2963 387 3012 tantum
407 2955 524 3018 tribuat,
546 2963 578 3011 ut
592 2970 786 3029 usquequaque
804 2969 852 3009 eos
865 2953 1012 3008 audiendos

71 3047 121 3091 tuse
139 3037 296 3102 existimet.¹
311 3048 402 3114 aperte
424 3039 523 3097 docent
548 3039 656 3096 codices
680 3036 884 3098 emendatiores,
907 3036 1012 3110 qualem

71 3113 211 3178 Urbiuatem
225 3123 351 3181 isocratis
364 3133 393 3180 et
406 3139 513 3197 magna
518 3130 592 3180 certe
613 3140 645 3178 er
663 3129 740 3195 parte
755 3120 908 3176 Parisinum
922 3120 953 3174 Σ
962 3121 1012 3176 lte·

69 3204 206 3262 nomenis
228 3223 290 3263 esse
303 3216 423 3271 constat
444 3207 479 3264 de
492 3207 570 3264 cuius
585 3206 694 3281 quidem
709 3205 871 3261 auctoritate
885 3223 945 3260 com
963 3204 1013 3259 ali·

70 3288 182 3367 quaudiu
206 3291 374 3348 consedisset
396 3292 550 3354 eontentio,
578 3307 665 3364 nuper
690 3289 875 3345 vehementius
903 3286 1013 3343 exarsit

67 3354 125 3427 Reti
144 3373 253 3446 quidem
272 3374 335 3433 libri
357 3375 477 3449 quamvis
496 3375 606 3431 minime
624 3374 699 3447 digni
722 3371 767 3445 qni
788 3390 849 3428 cum
869 3373 924 3427 illis
942 3386 1013 3443 quos

10 3446 12 3457 ¹
65 3451 114 3509 dixi
136 3466 340 3531 comparentur,
364 3467 454 3516 tamen
468 3467 496 3514 et
514 3458 564 3532 ipsi
584 3476 643 3514 eum
659 3455 822 3530 aliquotiens
836 3456 964 3516 Atticum.
981 3459 1015 3507 ut
