2340 3916
404 216 760 274 ιωίειλιιιοιιιου.
1026 219 1069 285 85

100 371 180 439 παῖς
206 356 301 450 αὐτῷ
330 360 367 427 ἐκ
392 361 450 447 τής
474 358 649 449 θυγατρὸς
679 359 831 448 γένοιτο,
861 362 1067 451 προσθήσειν

98 462 214 529 ταῦτα.
243 460 357 548 λαβὼν
375 460 413 530 ἀὲ
431 460 600 550 τοσαύτην
618 475 743 550 προῖκα
762 459 844 550 ὅσην
864 461 978 544 οὐδεὶς
996 466 1066 533 τῶν
1086 478 1119 528 14

95 560 294 651 Ἐλλήνων,
321 560 429 643 οὕτως
452 561 614 653 ὑβριστής
638 554 699 651 ἦν,
726 563 913 651 ἐπεισάγων
937 573 986 647 είς
1003 566 1067 654 τήν

99 663 208 752 αὐτήν
232 671 347 735 οἰκίαν
373 667 526 753 ἑταίρας,
550 667 607 734 καὶ
632 664 759 746 ἀοάλας
783 667 840 734 καὶ
873 669 1068 756 ἐλευθέρας,

100 765 177 835 ὥστ’
205 765 374 854 ήνάνκασε
400 766 462 854 τήν
486 781 634 853 γυναῖκα
660 768 942 858 σωφρονεστάτην
960 760 1068 838 οὖσαν

99 867 298 954 ἀπολιπεῖν,
325 871 497 938 ἐλθοῦσαν
521 868 606 958 πρὸς
630 869 691 938 τόν
718 867 865 960 άρχοντα
896 868 980 939 κατά
1007 871 1069 938 τὸν

98 969 215 1058 νόμον.
253 961 295 1039 οὗ
320 971 362 1058 δή
388 971 531 1059 μάλιστα
555 971 617 1059 τήν
635 969 744 1039 αὑτοῦ
770 972 915 1060 δύναμιν
935 975 1067 1042 ἐπεδεί-

100 1076 194 1154 ξατο·
223 1074 458 1161 παρακαλέσας
476 1073 542 1163 γάρ
559 1073 641 1154 τούς
661 1075 817 1163 ἑταίρους
828 1128 838 1163 ,
857 1072 1011 1164 ἀρπάσας
1031 1077 1068 1144 ἐκ

99 1176 158 1262 τής
176 1171 304 1264 ἀγοράς
321 1174 384 1262 τήν
403 1189 550 1261 γυναῖκα
572 1173 675 1268 ᾤχετο
691 1182 766 1266 βία,
791 1177 848 1245 καὶ
867 1180 969 1245 πᾶσιν
989 1175 1065 1264 ἐδή-

100 1283 187 1346 λωσε
205 1277 261 1344 καὶ
279 1279 349 1345 τῶν
363 1275 539 1364 ἀρχόντων
556 1278 614 1346 καὶ
632 1282 702 1345 τάν
719 1277 835 1365 νόμων
848 1279 905 1347 καλ
921 1281 990 1346 τῶν
1004 1275 1067 1345 άλ-

100 1386 170 1446 λων
188 1384 335 1447 πολιτῶν
359 1379 362 1466 l
387 1384 623 1468 καταφρονῶν.
651 1376 692 1447 οά
706 1387 827 1448 τοίνυν
840 1385 948 1448 ταῦτα
961 1379 1068 1467 μόνον
1087 1394 1120 1444 1⁶

103 1478 290 1573 ἐξήρκεσεν,
308 1479 395 1548 ἀλλά
413 1481 471 1549 καὶ
490 1488 658 1570 λαθραῖον
671 1481 824 1551 θάνατον
843 1481 1069 1568 ἐπεβούλευσε
1081 1509 1106 1550 ει

101 1588 234 1672 Καλλίᾳ
244 1634 254 1668 ,
272 1587 330 1652 ἵνα
348 1582 408 1651 τὸν
426 1580 522 1651 οἶκον
539 1583 601 1651 τὸν
616 1580 812 1652 Ἱππονίκου
830 1582 1001 1669 κατάσχοι,
1024 1581 1069 1661 ἀς

101 1686 258 1754 ἐναντίον
282 1683 420 1752 πάντων
444 1681 543 1771 ὑμῶν
563 1688 600 1752 ἐν
622 1689 666 1773 τῇ
686 1686 845 1776 ἐκκλησία
869 1682 1062 1772 κατηγόρει·

101 1787 158 1852 καὶ
184 1785 226 1853 τά
254 1786 405 1874 χρήματα
423 1789 472 1876 τῷ
491 1784 587 1877 δήμω
607 1790 750 1873 ἔδωκεν,
775 1795 810 1853 εἴ
824 1809 894 1864 κως
911 1783 1069 1873 τελευτή-

101 1905 187 1955 σειεν
212 1885 331 1974 άπαις,
358 1886 572 1974 φοβούμενος
594 1886 640 1975 μή
665 1887 719 1956 διὰ
742 1884 805 1973 τήν
829 1884 954 1955 οὐσίαν
980 1881 1069 1954 ἀπό-

102 1996 200 2057 λοιτο.
238 1996 346 2058 καίτοι
364 1985 453 2068 ὅστις
471 1987 599 2079 ὑβρίζει
616 2003 764 2075 γυναῖκα
781 1986 843 2075 τήν
862 1990 988 2059 ἑαυτοῦ
1012 1989 1069 2056 καλ

102 2093 150 2182 τῷ
170 2094 314 2178 κηδεστῇ
333 2091 487 2161 θάνατον
507 2090 728 2179 ἐπιβουλεύει,
746 2097 783 2159 τί
797 2090 861 2179 χρή
875 2093 1069 2179 προσδοκᾶν
1087 2148 1094 2157 .

103 2196 228 2261 τοῦτου
247 2194 324 2280 περὶ
342 2192 423 2272 τούς
436 2191 640 2279 ἐντυχόντας
657 2196 728 2262 τῶν
742 2197 889 2261 πολιτῶν
904 2192 1068 2282 διαπράτ-

102 2305 239 2376 τεσθαις
267 2294 390 2374 πάντες
414 2295 479 2382 γάρ
510 2292 688 2383 ἅνθρωποι
716 2292 797 2375 τούς
828 2300 974 2373 οἰκείους
1000 2298 1070 2362 τάν

102 2393 291 2486 ἀλλοτρίων
310 2401 487 2465 ποιουνται
504 2396 581 2485 περὶ
599 2402 765 2476 πλείονος.
802 2394 887 2463 ἀλλὰ
904 2394 971 2483 μήν
989 2392 1068 2463 οὐδ’

106 2503 226 2585 ἔρημος
253 2495 413 2586 (ἐκεῖνος)
439 2495 517 2566 οὐδ’
543 2495 743 2585 εὐαδίκητός
772 2499 879 2583 ἐστιν,
911 2496 983 2564 ἐπεὶ
1014 2495 1070 2564 aa&

101 2599 161 2667 τὸν
181 2604 330 2668 πλοῦτον
349 2605 412 2685 ἔχει
431 2597 579 2679 πολλοὺς
596 2598 678 2679 τούς
694 2597 936 2686 βοηθήσοντας.
964 2593 1006 2665 ”0
1031 2595 1070 2666 δὲ
1088 2614 1121 2662 ιο

103 2701 241 2769 πάντων
259 2700 453 2770 δεινότατόν
472 2704 558 2789 ἐστι,
582 2704 733 2780 τοιοῦτος
751 2695 800 2767 ἀν
818 2697 863 2780 ὣς
881 2697 1005 2779 εάυους
1022 2701 1069 2791 τῷ

100 2799 195 2894 δήμω
225 2803 308 2883 τούς
339 2802 463 2890 λόγους
495 2817 636 2872 ποιεῖται
659 2803 716 2871 καὶ
743 2801 825 2882 τούς
848 2799 973 2881 ἀλλους
997 2799 1069 2868 ὀλι-

99 2906 281 2993 χαρχικοῦς
306 2906 363 2974 καὶ
388 2904 596 2995 μισοδήμους
619 2903 798 2973 ἀποκαλεῖ·
841 2903 898 2971 καὶ
930 2899 970 2971 ὃν
1003 2907 1070 2971 ἔδει

98 3006 261 3075 τεθνάναι
283 3005 338 3075 διά
362 3003 403 3074 τά
423 3006 685 3094 ἐπιτηδευματα,
704 3004 888 3095 κατήγορος
906 3010 976 3073 τῶν
994 3009 1070 3073 ἀια-

99 3110 316 3197 βεβλημίνων
345 3105 410 3195 ἀφ’
443 3107 544 3196 ὑμῶν
574 3102 737 3202 αίρεῖταιξ,
767 3115 828 3176 καί
850 3126 931 3195 φησι
957 3106 1070 3193 φάλαξ

101 3208 189 3279 εἶναι
212 3213 271 3298 τής
296 3220 485 3299 πολιτείας,
510 3208 627 3280 οάιλευλ
651 3214 720 3278 τῶν
744 3204 858 3278 ἀλλων
879 3208 1070 3296 Ἀθηναίων

168 3412 208 3461 15.
226 3408 318 3460 ταάτα
338 3399 437 3473 (αὐτῷ)
456 3409 504 3458 Hi.
524 3434 556 3444 -
575 3398 715 3460 ἐναντίων
731 3406 755 3456 Δ
774 3411 802 3458 οῖ
819 3422 860 3472 pr.
878 3406 915 3456 M.

168 3479 208 3527 16.
227 3473 278 3528 καὶ
295 3469 362 3557 τούς
379 3476 463 3528 Dobr.
483 3475 538 3542 (vel
555 3467 622 3536 τούς
640 3465 697 3541 ιλ’)ι
721 3464 818 3535 αάτός.
843 3501 876 3512 -
899 3468 961 3526 ἔδει
980 3471 1066 3523 Dobr.
1119 3488 1124 3496 ¹

98 3545 194 3597 Turn:
214 3543 271 3600 δεῖ.
289 3569 323 3582 -
343 3536 400 3608 υφ’
419 3535 500 3609 ὑμῶν
517 3544 596 3610 Emp.
616 3543 657 3596 Sa
677 3533 732 3608 ἀφ’
751 3535 841 3609 ήμῶν.
