2340 3916
125 195 167 260 94
491 189 730 258 [ιαεοαιιου]

124 342 249 421 ζῶντας
280 336 337 405 καὶ
367 335 448 415 τούς
477 335 683 423 τεθνηκότας
713 334 775 422 τὴν
806 332 914 421 αὐτὴν
948 335 1089 424 γυάμηυ

75 456 107 507 39
127 446 229 527 ἔχωνς
263 444 331 507 ἔστι
360 435 423 525 μὲν
454 427 518 505 οὖν
539 435 750 524 Ἀλκιβιάδου
774 435 856 524 μήτε
881 434 989 506 αύτόν
1018 442 1089 507 τῶν

124 541 240 630 νόμων
257 541 313 608 καὶ
331 542 400 608 τῶν
418 537 531 628 ὅρκων
544 544 747 630 φροντίζειν,
764 536 853 627 ύμάς
866 565 902 608 τε
916 545 1087 629 παραβαί-

124 670 195 713 νειν
219 644 394 733 ἐπιχειρεῖν
419 641 684 729 διδάσκειν,καί
705 641 787 721 τούς
804 639 867 730 μὲν
884 639 1011 722 ἀλλους
1031 645 1088 711 ε’κ-

124 744 261 834 βάλλειν
284 745 342 813 καὶ
366 742 576 813 ἀποκτείνειν
600 741 770 831 ἀνηλεῶς,
801 742 907 812 αὐτὸν
939 742 977 812 δὲ
1017 749 1087 813 ίκε-·

124 847 233 917 τεύειν
263 847 321 914 καὶ
352 845 511 934 δακρύειν
541 850 693 934 οἰκτράς.
734 846 792 914 καὶ
823 845 1018 934 ταῦταμὲν
1046 845 1087 916 ού

124 949 301 1037 θαυμάζω·
320 952 456 1016 πολλῶν
470 947 537 1038 γάρ
547 946 640 1040 αὐτῷ
660 947 865 1035 κλαυμάτων
879 945 954 1028 ἀξια
970 957 1087 1038 εἴργα-

125 1070 213 1120 σται·
234 1054 449 1137 ἐνθυμοῦμαι
457 1049 494 1120 δὲ
508 1056 606 1128 τίνας
619 1048 701 1119 ποτὲ
717 1050 775 1117 καὶ
793 1055 899 1119 πείσει
912 1049 1087 1138 δεόμενος,

124 1152 249 1241 πότερα
266 1149 347 1229 τούς
364 1153 565 1241 νεωτέρους,
583 1147 644 1232 οὓς
661 1151 746 1240 πρὸς
763 1152 801 1219 τὸ
821 1155 951 1240 πλῆθος
969 1154 1085 1241 διαβέ-

123 1261 247 1343 βληκεν
270 1251 481 1339 ἀσελγαίνων
498 1255 555 1323 καὶ
578 1253 619 1321 τά
644 1252 814 1341 γυμνάσια
831 1253 1012 1322 καταλύων
1030 1255 1087 1322 καὶ

125 1355 216 1445 παρά
240 1353 302 1443 τὴν
324 1352 458 1443 ἡλικίαν
482 1355 656 1445 πράττων,
680 1351 701 1442 ἢ
723 1355 805 1435 τούς
823 1357 1087 1445 πρεσβυτέρους,

125 1453 178 1538 οἷς
200 1455 303 1527 οὐδὲν
321 1456 447 1545 ὁμοίως
464 1463 646 1547 βεβίωκεν,
669 1455 756 1525 ἀλλά
774 1459 843 1526 τῶν
862 1457 1086 1546 ἐπιτηδευμά·

74 1575 108 1625 40
125 1585 193 1628 τωυ
218 1556 335 1628 αὐτῶν
357 1559 674 1648 καταπεφρόνηκενς
701 1557 753 1628 Ού
777 1557 886 1647 μόνον
908 1559 946 1629 δὲ
971 1557 1087 1628 αύτάυ

125 1663 222 1730 ἕνεκα
239 1665 308 1730 τῶν
327 1661 632 1750 παρανομούντων,
650 1663 708 1728 ἵνα
726 1665 825 1749 δίκην
843 1662 995 1750 διδῶσιν,
1013 1663 1086 1730 ἐπι-

124 1771 298 1850 μελεῖσθαι
322 1761 434 1851 ἀξιον,
458 1760 544 1831 ἀλλά
568 1763 625 1830 καὶ
648 1763 718 1830 τῶν
736 1759 849 1831 ἀλλων
857 1816 867 1851 ,
894 1760 986 1844 ὅπως
1002 1762 1087 1831 τού-

124 1891 204 1946 τους
218 1864 362 1954 ὁρῶντες
376 1863 573 1953 δικαιότεροι
585 1863 642 1931 καὶ
653 1865 921 1955 σωφρονέστεροι
933 1875 1085 1952 γίγνων-

124 1993 185 2036 ται.
224 1966 280 2054 ἐμὲ
303 1965 366 2054 μὲν
392 1973 512 2034 τοίνυν
537 1964 753 2047 ἐξελάσαντες
782 1964 863 2046 τούς
889 1973 1088 2055 βελτίστους

125 2072 287 2158 περιδεεῖς
312 2066 548 2156 καταστήσετε,
571 2069 695 2136 τοῦτον
720 2066 758 2137 δὲ
775 2067 979 2148 κολάσαντες
1003 2067 1086 2148 τούς

125 2167 392 2255 ἀσελγεστάτους
408 2168 659 2258 νομιμωτέρους
678 2169 839 2255 ποιήσετε.

73 2295 105 2344 41
200 2270 374 2357 Βούλομαι
391 2269 423 2339 δ’
442 2269 533 2359 όμάς
550 2269 740 2359 ἀναμνῆσαι
757 2274 826 2340 τῶν
841 2273 915 2360 ἐμοὶ
933 2295 1086 2361 πεπραγ-

124 2373 246 2461 μένων.
274 2372 339 2460 ἐγά
358 2371 423 2462 γάρ
438 2372 647 2463 πρεσβεύσας
661 2380 709 2453 είς
724 2380 910 2443 Θετταλίαν
928 2374 986 2442 καὶ
1004 2382 1087 2443 Μα-

124 2480 282 2545 κεδονίαν
299 2476 356 2544 καὶ
374 2482 424 2556 είς
438 2481 635 2545 Μολοττίαν
649 2476 707 2543 καὶ
726 2482 775 2556 είς
789 2481 1010 2565 Θεσπρωτίαν
1028 2477 1086 2545 καί

125 2583 173 2658 είς
192 2575 338 2647 Ἰταλίαν
360 2578 418 2646 καὶ
449 2584 497 2658 είς
523 2582 684 2646 Σικελίαν
708 2578 790 2657 τούς
813 2576 876 2666 μίν
900 2577 1089 2667 διαφόρους

124 2676 224 2759 όυτας
241 2676 418 2766 διήλλαξα,
442 2678 523 2759 τούς
541 2677 573 2747 δ’
597 2681 806 2766 ἐπιτηδείους
825 2681 984 2768 ἐποίησα,
1001 2679 1084 2758 τούς

125 2778 158 2849 δ’
179 2778 246 2848 ἀπὸ
264 2783 334 2847 τῶν
360 2781 493 2867 ἐχθράν
511 2778 689 2869 ἀπέστησα.
728 2787 837 2865 καίτοι
860 2788 892 2851 εί
912 2784 981 2850 τῶν
1002 2804 1086 2870 πρε-

125 2880 320 2968 σβευόντων
345 2882 484 2960 ἕκαστος
508 2879 549 2948 τά
575 2875 662 2950 αύτά
692 2886 868 2972 ἐποίησεν,
887 2881 1025 2969 ὀλίγους
1043 2875 1089 2948 ἀν

193 3045 234 3097 39.
254 3047 317 3123 poqt
334 3034 442 3110 πότερα
460 3043 514 3095 litt.
532 3045 611 3097 3νεί
628 3048 645 3097 4
663 3061 761 3099 erasae
779 3047 891 3101 inA..

191 3113 234 3163 40.
252 3102 383 3177 τούτους]
401 3109 541 3176 κολαζέο
543 3129 612 3173 υους
630 3091 909 3194 εδδὶωε1.Β.,,τεΙ
927 3112 1006 3166 deest
1024 3131 1089 3193 par-

126 3180 254 3246 ticipium
272 3177 317 3230 vel
335 3178 397 3245 lege
417 3178 522 3232 τοῦτοι
540 3182 676 3234 Dobr.—
698 3198 742 3235 vv
765 3174 832 3241 τοάς
852 3153 983 3248 βελτ-
950 3175 1091 3234 -κολά-

125 3261 227 3307 σαντες
251 3247 311 3297 add.
333 3246 404 3298 AB?
422 3248 530 3300 Bk.-
499 3241 778 3353 -ἀσελγεστάτους
804 3250 832 3301 S.
854 3251 945 3316 Empa
974 3240 1089 3317 ἀσελγε-

124 3312 171 3368 οτὲ
190 3331 249 3374 ους.

173 3333 287 3434 ⁰41
252 3375 306 3449 γάρ
324 3387 387 3449 post
404 3375 455 3451 ἐγ
437 3401 458 3437 ω
477 3386 539 3438 εδδ.
559 3386 706 3438 ABk.-
722 3382 773 3439 καὶ
790 3380 855 3452 (είς)
877 3384 993 3439 Μακεδ.
1010 3385 1037 3437 S.
1056 3418 1090 3428 -

124 3450 292 3503 Μολοττίαν
314 3453 426 3531 scripsi:
453 3453 623 3507 Μολοσσίαν
649 3453 798 3521 (μολοιίαιι
819 3452 972 3520 ΒΖΜ).-
995 3453 1089 3505 malim

124 3512 286 3586 διαφόρους
304 3510 458 3588 (ύμῖν).-
424 3514 691 3589 -πρεσβευόντωυ
708 3522 826 3578 Lunam:
845 3516 1060 3589 πρωτευόντων.
