2340 3916
94 191 136 256 70
425 185 723 243 ΑΠοςΠΑςΜΑτιΑ.

181 359 229 424 16.
254 357 378 435 Ποίίας
406 357 479 426 ἀντὶ
507 360 566 424 τοῦ
594 357 724 439 πράςεις
751 355 823 423 Ὑπ.
851 356 960 443 ἐντῷ
984 357 1069 438 πρὸς

94 447 161 511 Ἀττ.
184 481 223 491 -
246 443 366 530 Harp.‚
388 442 436 533 οί.
457 441 546 508 Suid.
571 441 665 507 Phot.

72 614 94 655 ν
137 595 198 664 VI.
219 597 299 663 VII.
343 597 432 663 KAT'
453 596 713 751 ΑΡΙἻΑΓΟΡΑΈΙ
734 595 1027 662 ΑΠΡΟΕΤΑΕΙΟΥ.

518 700 599 764 λγοι
617 690 648 762 β’.

181 802 232 867 17.
247 797 351 864 Ὥστε
367 799 453 874 Λαῒς
466 798 529 882 μὲν
550 796 571 882 ἡ
587 798 738 863 δοκοῦσα
760 801 830 863 τῶν
843 796 984 865 αοίποτε
998 800 1070 865 διε-

94 883 274 970 νηνοχέναι
296 881 358 969 τὴν
380 881 462 962 ὄψιν
484 884 541 948 καί
551 881 698 968 Ὤκιμον
720 882 778 948 καί
792 883 1002 968 Μετάνειρα.
1028 923 1068 934 -

95 972 174 1040 Ath.
198 969 288 1036 XIII
309 992 342 1055 p.
365 968 427 1035 587
451 969 488 1034 Ο.
514 969 565 1054 (ἐν
587 977 632 1053 τῷ
655 969 722 1034 κατ’
743 970 806 1051 Ἀρ.
822 966 864 1054 β)
887 968 930 1035 cf.
944 968 1013 1036 588
1029 971 1075 1036 (1.

182 1055 232 1120 18.
261 1055 333 1121 Ὅτι
361 1055 463 1136 χιλίας
490 1054 679 1137 ἐζημιοῡντο
713 1054 745 1121 αἱ
773 1056 854 1121 κατὰ
880 1057 939 1122 τὰς
968 1055 1069 1122 ὁδοὺς

95 1142 289 1292 ἀκοὲμίιοῦςαι
314 1143 465 1216 γυναῖκες
494 1139 540 1206 Ὑ.
572 1139 607 1206 ἐν
635 1146 681 1224 τῷ
703 1140 771 1206 κατ’
792 1141 855 1220 Ἀρ.
878 1139 907 1222 β’
928 1138 1067 1222 εἴρηκεν.

97 1265 135 1275 -
195 1247 263 1291 ar.

183 1248 497 1393 19.ΡἈτροττασίον
519 1309 607 1377 είδος
630 1310 717 1391 δίκης
739 1311 819 1376 κατὰ
840 1315 907 1376 τῶν
925 1311 1067 1391 προετά-

95 1419 155 1477 την
177 1397 218 1476 μὴ
241 1395 406 1476 νεμόντων
422 1395 579 1476 μετοίκων
603 1432 641 1441 -
660 1431 698 1441 -
722 1393 770 1461 Ὑ.
794 1395 830 1462 ἐν
852 1402 898 1479 τῷ
919 1397 989 1461 κατ’
1004 1396 1066 1477 Ἀρ.

96 1483 171 1561 ἀπρ.
194 1481 230 1562 β’.
254 1517 291 1525 —-
315 1477 475 1565 Harpoor.
1048 1551 1051 1557 ¹

180 1563 233 1629 20.
263 1602 301 1610 -
332 1603 370 1611 —
400 1563 569 1645 Ὑπερίδης
603 1563 639 1630 ἐν
669 1571 716 1650 τῷ
743 1563 815 1631 κατ’
842 1564 1068 1647 Ἀρισταγόρας

95 1649 311 1730 ἀπροςταςίου
334 1651 361 1732 β’
383 1650 480 1731 φηςίν
505 1649 550 1715 ὡς
573 1648 604 1715 οἱ
626 1649 721 1731 νόμοι
748 1648 912 1717 κελεύοντι
934 1655 1067 1733 διαμαρ·

95 1739 204 1815 τυρεῖν
231 1735 283 1801 ἐπὶ
309 1738 379 1800 ταῖς
405 1738 549 1815 γραφαῖς
578 1736 647 1800 ταῖς
678 1738 737 1800 τοῦ
765 1733 981 1815 ἀπροςταςίου
1009 1737 1067 1802 τὸν

96 1820 299 1902 βουλόμενον
330 1819 451 1900 ὁμοίως
478 1826 546 1885 τῶν
573 1820 676 1887 ξένων
703 1821 754 1886 καί
780 1826 846 1887 τῶν
868 1821 1067 1901 Ιἐπιχωρίων.

96 1943 138 1952 -
160 1905 263 1990 Harp.
288 1926 313 1967 s.
336 1926 369 1967 v.
394 1905 609 1985 διαμαρτυρία.
968 1981 970 1984 ⁴

180 1988 232 2053 21.
257 1987 362 2056 Τίνων
384 1989 414 2053 δ’
435 1989 496 2055 οὐκ
517 1989 591 2069 ἐξῆν
613 1991 682 2054 τοῖς
703 1989 813 2056 νόθοις
835 1988 990 2074 μετέχειν,
1016 1995 1067 2057 δε-

96 2077 240 2156 δήλωκεν
262 2073 334 2140 Ὑπ.
357 2094 392 2139 τε
413 2073 450 2139 ἐν
472 2079 518 2158 τῷ
546 2073 614 2140 κατ’
634 2074 697 2154 Ἀρ.
721 2075 755 2156 β’.
783 2112 825 2122 -
853 2073 957 2159 Harp.
983 2097 1009 2139 ε.
1033 2098 1065 2140 ν.

94 2162 224 2240 νοθεία;
247 2157 290 2223 οί.
315 2157 405 2222 Suid.
429 2159 523 2224 Phot.
547 2180 571 2222 s.
596 2180 628 2224 v.

179 2243 231 2306 22.
261 2243 423 2325 Πωληταί
450 2245 502 2309 καὶ
529 2244 744 2323 πωλητήριον.
781 2243 812 2308 οἱ
838 2244 896 2324 μὲν
917 2245 1068 2325 πωληταὶ

97 2328 193 2477 ἀρχὶίίΙ
202 2329 249 2395 τίς
271 2327 354 2395 ἐςτιν
375 2328 520 2408 Ἀθήνηςι
548 2365 590 2376 -
618 2328 690 2394 Ὑπ.
721 2329 757 2394 ἐν
784 2335 831 2414 τῷ
853 2328 921 2394 κατ’
942 2328 1008 2410 Ἀρ.
1031 2323 1066 2411 β’.

179 2435 445 2579 ἕρίῡαλοίμμια.
482 2497 554 2564 Ὑπ.
569 2498 605 2564 ἐν
620 2503 667 2583 τῷ
684 2498 750 2564 κατ’
764 2498 826 2578 Ἀρ.
843 2498 879 2579 β’.
894 2535 936 2544 -
957 2496 1064 2585 Harp.

180 2582 231 2647 24.
252 2580 341 2646 Ἐπεί
364 2581 420 2647 καί
442 2577 535 2666 ὁτῆς
549 2581 752 2666 δωροξενίας
766 2583 869 2666 νόμος
885 2579 1066 2665 ἁρμόττων

96 2666 169 2731 ἐστὶ
197 2671 243 2752 τῷ
272 2671 340 2731 νῦν
368 2663 476 2750 οἷμοίνι
502 2671 736 2752 παραχθῆναι·
767 2665 883 2750 εἰμοὶρ
905 2665 1068 2744 καὶτοὺς

94 2749 337 2834 ἀποφυγόντας
359 2751 470 2829 ξενίας
493 2756 629 2837 εἴρηκεν
651 2752 776 2830 ἐξεῖναι
797 2755 844 2838 τῷ
865 2750 1066 2839 βουλομένῳ

93 2889 298 2902 -ι---

96 2978 127 3033 16
145 2970 377 3026 ἀπαλλαῑονΒί).
403 2998 439 3009 -
465 2975 496 3024 12
514 2972 677 3038 Μετάνειρα
695 2972 934 3040 Βεδνεὶρίιὲιιεεις
964 2971 1068 3026 Μ-αν

95 3043 168 3093 libri.
190 3067 223 3078 -
247 3043 279 3090 19
297 3037 467 3105 ἀριςταγδρα
484 3041 517 3105 F,
535 3040 720 3107 ἀριςταγδρον
737 3042 793 3092 AB.
812 3068 847 3078 —
862 3043 898 3094 20
915 3038 1067 3106 ἀριςταγδ-

94 3124 146 3174 pou
164 3109 242 3170 ΑΒΙ,
261 3105 445 3173 ἀριςτογὸνου
464 3110 496 3162 N.
524 3137 558 3146 —
583 3105 754 3162 ἀποςταςίου
771 3110 803 3160 Β.
828 3135 862 3146 -
888 3107 1026 3174 δευτέρον
1043 3112 1066 3172 Ι,

95 3193 147 3228 om.
167 3175 249 3229 ΑΒΝ.
279 3202 313 3212 -
342 3178 374 3226 22
398 3176 451 3228 huo
472 3177 571 3229 retulit
589 3178 617 3229 S.
641 3178 744 3229 Suidae
769 3182 798 3228 et
815 3176 910 3229 Photii
928 3176 1066 3244 glossam}

94 3241 292 3309 πωλητήριον·
310 3243 346 3297 τὸ
364 3243 530 3310 πρατήμιον.
556 3243 650 3297 οὕτως
668 3242 831 3311 Ὑπερίδης,
849 3248 951 3297 contra
969 3247 1067 3298 Kiess-

94 3312 155 3378 ling
174 3310 381 3365 adorationem
399 3311 463 3364 adv.
482 3312 655 3379 Apellaeum.
685 3341 717 3351 -
747 3316 780 3365 23
802 3314 874 3365 hene
893 3314 1068 3378 comparavit

94 3379 122 3430 S.
141 3379 214 3433 Xon.
234 3396 328 3433 comm.
346 3380 423 3432 Soer.
438 3382 500 3444 1‚3,
514 3383 555 3446 12,
574 3397 655 3448 quem
671 3381 761 3434 locum
779 3386 808 3433 et
824 3381 912 3448 Harp.
930 3381 1067 3433 affert.-

95 3448 132 3497 24v
151 3449 180 3498 in
201 3449 330 3503 lemmate
352 3445 539 3513 ἀριςταγόρου
561 3451 696 3533 plerique.
730 3447 799 3515 ἐςτί]
819 3447 866 3501 ἐπί
883 3449 916 3500 A.
938 3477 972 3486 —
994 3462 1067 3516 πρα·

95 3515 195 3581 χθήναι
213 3519 247 3571 Ν.
274 3543 308 3554 -
334 3513 426 3570 ξενίας
444 3532 495 3568 om.
516 3516 549 3569 0.
572 3544 606 3556 -
627 3515 751 3583 ειρηκεν]
775 3515 872 3570 ἕνεκεν
889 3516 947 3571 ΒΟ.
970 3545 1005 3556 -
1027 3517 1084 3571 δν·
