2340 3916
385 240 443 294 ιιτι
453 241 507 295 TA
532 239 791 296 TIMAPXOY.
1020 238 1062 309 τε

110 398 184 483 ἐγώ.
206 402 297 484 ἔτυχε
316 402 351 465 δὲ
369 397 442 464 τότε
459 397 671 482 συμπλεύσας
690 403 735 475 είς
753 396 1062 486 Ἑλλήσποντοντα-

110 503 185 582 μίας
200 496 416 589 Τιμομάχῳ
387 523 431 562 τω
420 494 627 583 ’Ἀχαρνεῖ
597 501 642 561 τῶ
653 495 923 582 στρατηγήσαντι,
936 489 1023 565 καὶ
1002 522 1061 581 ηκε

111 600 210 679 δεῦρο
223 591 505 678 άπολελανκάς,’
482 621 525 672 ως
538 598 673 678 λέγεται,
684 600 741 679 τής
755 596 885 662 ἐκείνου
897 593 1061 681 εὐηθείας,

112 700 195 777 ε’χων
211 691 273 760 ούκ
292 691 447 771 ἐλάττους
462 719 483 778 η
470 687 701 781 ’“ιἰγδοήκοντα
711 700 796 778 μνᾶς
807 691 985 777 άργνριόυ·
1008 692 1072 762 καὶ

111 793 237 876 τρόπον
258 819 334 874 τινα
350 790 410 878 οὐχ
428 790 545 878 ήκιστα
565 801 668 869 αίτιος
688 794 816 875 ἐγένετο
837 782 934 870 οὗτος
961 799 1063 877 Τιμο-

60 903 89 958 57
109 890 200 978 μάχῳ
222 897 279 974 τῆς
300 896 483 974 συμφοράς.
505 885 553 961 ολν
574 887 604 955 δ’
625 891 662 955 ἐν
678 889 814 976 τοιαύτη
834 887 985 979 ἀφθονία
1007 894 1062 957 καὶ

112 995 239 1071 φοιτῶν
262 984 306 1064 ολς
326 984 386 1053 τὸν
407 985 616 1054 Πιττάλακον
637 987 869 1074 συγκυβευτὴν
889 987 985 1075 ὄντα,
1008 992 1062 1057 καὶ

112 1093 234 1152 τοῦτον.
248 1087 316 1151 ε’κεί
330 1092 462 1167 πρῶτον
476 1084 574 1171 ίδάυ,
592 1084 683 1172 ήσθη
694 1112 729 1154 τε
739 1088 794 1155 καὶ
805 1086 995 1173 ἐπεθύμησε
1008 1090 1063 1154 καὶ

114 1182 281 1269 ἐβουλήθη
295 1179 337 1262 ὡς
350 1180 454 1252 αὑτὸν
464 1183 659 1271 άναλαβείν,
678 1191 737 1252 καί
745 1210 813 1263 πως
825 1194 904 1263 ἴσως
913 1181 1060 1273 ήγήσατο
1095 1246 1098 1251 .

115 1283 197 1349 εἶναι
208 1280 311 1349 αύτόν
322 1280 421 1368 ἐγγύς
432 1292 489 1369 τῆς
506 1283 612 1349 αὑτοῦ
629 1283 769 1369 φύσεως.
782 1292 916 1368 πρῶτον
928 1287 988 1370 μὲν
999 1278 1064 1352 ούυ
1122 1294 1150 1360 ,“

113 1407 157 1468 τῳ
145 1380 362 1470 Πιτταλάκῳ
376 1384 526 1467 διελέχθη
541 1382 696 1501 δεόμενος
706 1386 915 1463 παραδοῦναι
926 1389 1062 1449 τοῦτον·

114 1505 157 1556 τις
169 1475 199 1545 δ
213 1476 274 1545 ούκ
286 1485 420 1546 ἔπειθεν
430 1477 550 1564 αὐτὸν,
563 1477 653 1569 αὐτῷ
664 1482 771 1571 τούτῳ
785 1485 996 1569 προσβάλλει,
1009 1484 1064 1549 καὶ

114 1573 154 1640 ιδ
175 1572 283 1648 πολὺν
310 1570 460 1661 άυήλωσε
487 1578 626 1663 χρόνον,
656 1576 729 1645 ἀλλ’
754 1580 859 1658 εὐθύς
886 1583 1062 1646 ἐπεπείκει·

113 1670 216 1739 καὶ
177 1698 240 1755 γαρ
253 1678 282 1739 εί
283 1698 298 1750 ς
309 1698 390 1740 αυτο
402 1670 439 1740 τὸ
451 1698 585 1762 πραγμα
602 1674 732 1762 δεινή
713 1704 734 1762 η
746 1685 843 1744 κακια
855 1679 908 1745 καὶ
920 1676 1063 1761 ἀπιστία,
1082 1695 1113 1745 81
1149 1738 1152 1743 .

60 1785 98 1839 58
115 1768 198 1836 ὥστε
215 1771 269 1835 καὶ
294 1771 325 1849 ἐξ
350 1767 462 1837 αὐτῶν
484 1772 613 1838 τούτων
637 1770 771 1850 εἰκότως
794 1766 838 1838 άν
859 1783 995 1858 μισοῖτο.
1022 1770 1066 1852 ὡς
1146 1844 1152 1853 ,

115 1867 147 1934 ι)“’
160 1868 394 1956 ἀπήλλακτο
360 1898 420 1956 μεν
432 1872 521 1957 παρά
533 1898 593 1938 τον
581 1870 813 1938 Πιτταλάκου
820 1869 1019 1956 ,ἀνείληπτο
1030 1871 1066 1939 δε

114 1971 252 2067 νπδτού
262 1967 512 2089 Ηγησάυδρον,
532 1969 682 2039 ὠδυνᾶτο
691 1969 819 2056 ,οἷμαι,
832 1967 1066 2050 ὁΠιττάλακος

114 2060 584 2190 τοσοῦτονάργύριονμάτηυ,
609 2067 764 2159 οδςάίετο,
780 2065 984 2189 άνηλωκάς,
1009 2071 1064 2136 καὶ

115 2167 350 2253 ἐζηλοτύπει
314 2194 353 2235 τα
365 2170 544 2255 γιγνόμενα
556 2198 610 2240 και
600 2172 736 2256 ἐφοίτα
749 2168 847 2238 ἐπι
811 2196 873 2256 την
881 2166 1031 2237 οίκίαν.’
1012 2195 1063 2235 οτι

115 2264 150 2332 δὲ
168 2263 278 2342 αὐτοῖς
294 2263 449 2352 ήν-άχλει,
473 2271 641 2347 σκέψασθε
666 2267 812 2353 μεγάλην
833 2267 948 2353 ῥύμην
964 2264 1066 2351 Ἠγη-
1083 2283 1117 2335 θλ

115 2365 263 2450 σάνδρον
272 2367 327 2431 καὶ
339 2367 520 2451 Τιμάρχου
534 2370 760 2452 μεθυσθέντες
772 2366 835 2450 γάρ
847 2391 924 2432 ποτε
937 2367 991 2433 καὶ
1004 2362 1067 2429 αύ-

114 2467 164 2532 τολ
180 2469 234 2531 καί
245 2472 313 2532 τῶν
325 2462 562 2553 συγκυβευτῶν
573 2491 659 2543 τινες
670 2467 724 2531 καὶ
739 2461 849 2547 άλλοι,
873 2454 920 2530 ὦν
931 2461 972 2528 ού
982 2462 1066 2548 βού-

60 2580 96 2632 59
115 2575 212 2649 λομαι
229 2564 269 2637 τά
287 2562 433 2650 ὀνόματα
451 2568 573 2650 λέγειν,
597 2563 854 2648 εἰσπηδήσαντες
871 2560 1003 2644 νύκτωρ
1021 2566 1066 2637 είς

104 2664 176 2750 ’τήν
187 2671 311 2750 οίκίαν,
334 2656 376 2730 οὗ
388 2663 493 2754 ᾤκειὸ
511 2663 731 2747 Πιττάλακος,
751 2666 883 2744 πρῶτον
894 2662 955 2744 μὲν
966 2661 1063 2725 συνί-
1150 2694 1153 2701 ·

115 2771 231 2850 τριβον
259 2763 299 2831 τά
321 2763 480 2850 σκευάρια
503 2767 557 2831 καὶ
580 2768 792 2849 διερρίπτουν
821 2766 866 2838 είς
886 2759 947 2846 τήν
970 2756 1063 2841 ὁδδν,

115 2860 343 2948 ιιστραγάλους
359 2865 397 2930 τέ
414 2890 504 2942 τινας
522 2867 725 2940 διασείστους
736 2862 790 2928 καὶ
802 2859 924 2947 φιμοὺς
935 2887 990 2927 και
1003 2885 1064 2925 κυ-
1084 2876 1120 2932 83

113 2958 278 3046 βεντικά
261 2986 354 3047 ετερα
364 2961 500 3081 ὄργανα,
513 2964 567 3030 καὶ
576 2959 653 3040 τούς
665 2959 807 3045 ύρτυγας
818 2987 872 3026 και
880 2984 959 3036 τους
968 2948 1067 3025 άλεκ-

115 3059 275 3142 τρυόνας,
305 3057 363 3137 οδς
390 3058 502 3145 ήγάπα
524 3058 542 3128 ὁ
565 3064 852 3146 τρισκακοδαίμων
874 3056 1065 3141 ἅνθρωπος,

116 3152 327 3240 άπίκτειναν,
339 3185 376 3224 το
366 3156 426 3226 δὲ
437 3166 625 3226 τελευταίου
635 3160 795 3245 δήσαντες
806 3158 890 3241 πρὸς
902 3158 962 3223 τόν
973 3162 1067 3222 κίονα

79 3259 83 3265 ’
115 3251 220 3322 αύτδν
237 3254 298 3323 τὸν
315 3209 740 3343 Πιττάλακονέμαστίγονν
757 3254 814 3335 τάς
831 3260 863 3335 ἐξ
875 3252 1068 3336 ἀνθρώπων

100 3352 242 3439 ’πληγάς
261 3353 348 3421 οὕτω
366 3355 475 3422 πολύν
489 3356 628 3444 χρόνον,
654 3353 735 3422 ὥστε
754 3356 809 3422 καὶ
826 3352 904 3430 τούς
919 3355 1068 3436 γείτονας

60 3465 98 3518 60
117 3453 298 3519 αἰσθέσθαι
315 3461 371 3538 της
388 3463 544 3539 κραυγῆς.
566 3461 607 3540 τῇ
622 3451 654 3519 δ’
676 3451 833 3541 ὑστεραία
856 3449 1069 3538 ὑπεραγανα-
