2340 3916
166 219 227 283 176
517 221 776 280 ΑΙΣΧΙΝΟΥ

208 380 313 460 οὕτως
325 379 424 448 οὐδὲν
435 378 540 459 άεικὲς
548 378 753 466 Ἀθηναίοισι
765 388 937 447 καλεῖσθαι

250 477 416 565 κοσμητάς
428 484 574 564 πολέμου
585 474 615 544 τ’
630 474 715 562 ἀμφὶ
726 478 780 544 καὶ
791 474 940 566 ἠνορέης.

166 585 233 646 ἔστι
244 602 310 644 που
320 574 357 645 τὸ
371 586 439 644 τῶν
450 583 644 662 στρατηγῶν
655 575 777 663 ὅνομα;
791 574 957 663 οὐδαμοῦ,
981 578 1064 646 ἀλλά
1078 576 1115 646 τί·

164 685 226 744 τοῦ
240 674 346 764 δήμου

249 778 459 861 Προσέλθετε
477 773 518 859 δὴ
536 782 575 864 τῇ
592 780 722 864 διανοίᾳ
741 779 796 843 καί
814 781 859 854 εἰς
871 776 932 862 την
944 775 1046 844 στοάν
1056 775 1117 860 την
1135 788 1167 841 18

165 883 334 961 ποικίλην·
358 872 516 942 ἁπάντων
537 875 601 959 γὰρ
623 870 704 959 ὑμῖν
725 882 793 942 τῶν
813 881 927 942 καλῶν
950 879 1057 960 ἔργον
1076 872 1115 940 τά

166 973 385 1061 ὑπομνήματα
402 977 440 1040 ἐν
456 980 495 1061 τῇ
512 971 619 1061 άγορᾷ
639 971 817 1041 άνάκειται.
841 981 875 1040 τί
888 966 951 1041 οὖν
962 976 1067 1058 ἐστιν,
1093 963 1118 1040 ὦ

162 1072 350 1159 Ἀθηναῖοι,
366 1069 385 1138 δ
397 1068 460 1156 ἐγεδ
472 1074 572 1156 λέγοη
583 1074 733 1139 ἐνταῦθα
746 1069 766 1158 ἡ
779 1074 815 1139 ἐν
825 1078 1020 1158 Μαραθῶνι
1031 1070 1115 1156 μάχη

96 1189 149 1246 676
164 1175 352 1258 γέγραπται.
374 1176 422 1248 τίς
439 1162 502 1237 οὖν
519 1162 554 1255 ἧι
580 1169 806 1256 ὁστρατηγάς;
830 1168 951 1238 οὑτωσὶ
962 1174 1023 1256 μὲν
1034 1174 1116 1255 ἐρω-

163 1275 321 1358 τηθέντες
344 1268 488 1347 ἅπαντες
510 1267 750 1353 ἀποκρίναισθε
771 1267 831 1357 άν,
853 1270 904 1338 ὅτι
921 1271 1116 1354 Μιλτιάδης,

163 1372 232 1437 ἐκεῖ
240 1370 276 1436 δὲ
287 1367 349 1436 οῦκ
361 1369 602 1453 ἐπιγέγραπται.
621 1377 706 1450 πῶς;
728 1367 791 1436 οὐκ
805 1368 904 1458 ᾔτησε
915 1368 977 1453 τὴν
990 1370 1118 1451 δωρεάν

164 1468 306 1553 ταῦτην;
330 1464 467 1554 ᾔτησεν,
490 1462 562 1532 ἀλλ’
577 1462 709 1550 ὁδῆμος
720 1464 783 1533 οὐκ
794 1470 934 1548 ἔδωκεν,
959 1463 1033 1533 ἄλλ’
1045 1463 1117 1531 άντί

165 1574 226 1634 τοῦ
244 1563 408 1652 ὀνόματος
429 1562 660 1648 συνεχώρησεν
681 1559 774 1652 αὐτῷ
795 1563 914 1652 πρώτῳ
936 1571 1115 1648 γραφῆναι,

167 1669 416 1752 παρακαλοῦντι
427 1659 505 1740 τοῦς
516 1659 722 1744 στρατιώτας.
745 1664 781 1729 ἐν
792 1667 907 1728 τοίνυν
917 1667 963 1751 τῷ
975 1660 1116 1748 μητράῳ
1135 1677 1168 1729 18

166 1763 256 1848 παρὰ
269 1760 307 1830 τό
320 1759 577 1849 βουλευτήριον,
591 1757 634 1847 ἣν
645 1766 736 1829 ἔδοτε
749 1758 878 1843 δωρεάν
888 1775 956 1840 τοῖς
966 1758 1031 1827 άπὸ
1045 1765 1118 1825 Φυ-

167 1872 226 1949 λῆς
237 1865 406 1950 φεύγοντα
416 1859 477 1930 τὸν
487 1865 595 1949 δῆμον
604 1868 860 1948 καταγαγοῦσιν,
871 1867 960 1929 ἔστιν
970 1865 1063 1929 ἰδεῖν.
1075 1852 1119 1945 ἦν

168 1962 228 2047 μὲν
246 1961 309 2046 γάρ
328 1958 345 2028 ὁ
364 1959 400 2028 τὸ
419 1960 574 2046 ψήφισμα
586 1962 716 2046 γράψας
733 1962 789 2028 καί
799 1960 936 2048 νικήσας
944 1956 1117 2045 Ἀρχίνοςὸ

168 2061 204 2126 ἐκ
222 2062 360 2143 Κοίλης,
385 2052 429 2136 εἷς
445 2064 514 2124 τοῖν
531 2058 786 2142 καταγαγόντων
796 2055 857 2126 τὸν
868 2062 984 2145 δῆμον,
997 2064 1119 2143 ἔγραψε

169 2153 205 2219 δὲ
216 2159 349 2236 πρῶτον
360 2155 421 2239 μὲν
437 2151 548 2232 αὐτοῖς
559 2160 604 2233 είς
615 2161 740 2222 θυσίαν
757 2158 812 2222 καὶ
827 2155 1025 2243 ἀναθήματα
1038 2160 1120 2222 δοῦ-

168 2275 223 2316 ναι
242 2256 345 2336 χιλίας
362 2250 524 2337 δραχμάς,
549 2254 602 2319 καὶ
623 2249 715 2319 τοῦτ’
734 2254 823 2320 ἐστίν
841 2260 977 2322 ἔλαττον
997 2250 1019 2341 η’
1040 2257 1120 2322 δέκα

169 2350 309 2436 δραχμαὶ
326 2347 400 2416 κατ’
421 2349 528 2434 άνδρα
546 2352 702 2436 ἕκαστον,
726 2355 834 2418 ἔπειτα
852 2353 979 2420 κελεύει
996 2374 1120 2436 στεφα-

98 2461 150 2520 577
169 2457 314 2517 νοῦσθαι
335 2455 465 2516 θαλλοῦ
489 2449 642 2538 στεφάνῳ
664 2446 775 2516 αὐτῶν
799 2448 955 2533 ἕκαστον,
979 2448 1054 2517 ἀλλ’
1078 2448 1120 2516 οῦ

167 2555 297 2637 χρυσῷ·
310 2548 384 2616 τότε
394 2548 455 2635 μὲν
464 2545 529 2633 γάρ
540 2540 583 2633 ἦν
594 2544 611 2614 ὁ
624 2555 686 2615 τοῦ
694 2555 825 2615 θαλλοῦ
834 2550 996 2634 στέφανος
1004 2556 1120 2634 τίμιος,

169 2647 244 2712 νυνὶ
257 2647 292 2715 δὲ
301 2643 383 2714 καὶὸ
397 2654 542 2733 χρυσοῦς
553 2645 850 2732 καταπεφρόνηται.
863 2649 918 2715 καί
929 2645 1007 2716 οῦδὲ
1020 2656 1119 2714 τοῦτο

168 2747 240 2830 είκῇ
252 2748 373 2827 πρᾶξαι
383 2745 526 2829 κελεύει,
539 2740 612 2812 ἀλλ’
626 2742 771 2831 άκριβῶς
782 2741 844 2831 τὴν
857 2745 985 2832 βουλὴν
995 2760 1122 2825 σκεψα-

169 2845 284 2925 μένην,
295 2839 368 2908 ὅσοι
379 2840 492 2911 αὐτῶν
501 2846 554 2912 ἐπὶ
565 2851 662 2930 Φυλῇ
673 2846 970 2932 ἐπολιορκήθησαν,
983 2844 1037 2915 ὅτε
1048 2854 1121 2913 Λα-

168 2937 432 3024 κεδαιμόνιοικαλ
439 2943 472 3006 οί
477 2940 655 3023 τριάκοντα
661 2944 962 3027 προσέβαλλοντοίς
976 2953 1121 3012 καταλα-

169 3041 269 3120 βοῦσι
280 3033 413 3120 Φυλὴν,
427 3033 487 3122 οὐχ
498 3036 572 3106 ὅσοι
582 3037 644 3126 την
654 3040 747 3120 τάξιν
757 3045 870 3108 ἔλιπον
882 3045 919 3108 ἐν
931 3049 1121 3132 Χαιρωνεία

169 3139 237 3197 τῶν
248 3140 415 3218 πολεμίων
425 3134 597 3202 ἐπιόντων.
618 3134 668 3203 ὅτι
681 3134 712 3204 δ’
727 3134 837 3224 ἀληθῆ
849 3133 950 3224 λέγω,
963 3136 1120 3227 άναγνώ-

170 3249 261 3297 σεται
271 3227 352 3317 ὑμῖν
363 3229 399 3298 τό
412 3232 576 3318 ψήφισμα.

248 3337 471 3398 ΨΗΦΙΣΜΑ
488 3340 596 3401 ΠΕΡΙ
615 3341 803 3403 ΛΩΡΕΑΣ
823 3344 933 3405 ΤΟΙΣ
951 3346 1046 3406 ΑΠΟ

560 3439 724 3500 ΦΤΛΗΣ.
