2340 3916
58 228 84 277 ρ.
105 209 147 260 38.
266 211 355 261 1113121
373 211 448 262 TOT
466 211 620 262 Πεεευε
637 212 800 264 mmor.
974 217 1013 280 31

528 587 554 646 3.

56 717 185 792 ΠΕΡΙ
211 707 317 790 Τοο
336 711 544 788 Πεεεοε
562 682 786 790 ΚΛΗΡοο
808 715 847 788 Η
871 715 1016 790 RATA

122 848 436 927 NIKOAHMOT
464 848 953 925 υΕοΔοΜΑΡεοΡΙαΝ.

401 1086 679 1139 ΤΠΟΘΕΣΙΣ.

146 1218 271 1298 Πύρρου
304 1215 355 1282 τὸν
382 1221 481 1300 ἕτερον
507 1223 559 1299 τῆς
589 1215 729 1322 ἀδελφῆς
745 1215 813 1284 υῖδν
841 1224 1015 1322 υλοποιηση-

100 1305 195 1384 μένου
215 1303 354 1382 Ἔνδιον,
388 1305 438 1366 καὶ
463 1301 568 1366 τούτου
595 1296 729 1368 m'liov'q
709 1329 729 1384 η
751 1307 864 1368 εἴκοσιν
892 1308 942 1385 ἔτη
963 1300 1016 1367 τὸν

101 1393 215 1488 κλῆρον
232 1390 481 1487 κατασχόντος,ε
469 1385 530 1450 εἶτα
551 1380 775 1469 ύποθανόντος,
795 1389 943 1468 Ξενοκλῆς
965 1397 1016 1451 λα-

100 1467 164 1552 χῶν
185 1476 246 1535 τῶν
264 1467 419 1554 χρημάτων
439 1469 515 1547 ὑπὲρ
538 1475 647 1552 Φίλης,
669 1477 721 1553 τῆς
739 1474 846 1537 ἑαυτοῦ
862 1470 1015 1556 γυναικός,

103 1554 334 1658 διεμαρτύρησεν
356 1552 484 1619 εἶναι
449 1549 541 1656 αυτήν
561 1561 684 1660 μνησίαν
708 1556 832 1639 Πύρρου
853 1558 1014 1663 θυματὲρα

100 1636 345 1742 ἄμφισβητούσης
374 1645 426 1703 τοῦ
457 1636 567 1720 κλήρου
597 1644 650 1720 τῆς
673 1636 789 1703 Ἐνδίου
812 1642 935 1745 μητρός·
964 1640 1015 1701 καὶ

101 1721 178 1786 ἕύλω
199 1726 480 1825 ψευδομαρτυριῶν,
507 1723 683 1827 Νικοδήμου
709 1725 759 1786 ναὶ
787 1748 879 1787 αυτον
905 1747 1014 1825 μαρτυ-

100 1802 246 1887 ρήσαντος
268 1809 410 1910 ἐγγυῆσαι
429 1802 540 1911 Πύρρῳ
559 1802 614 1886 τήν
631 1802 762 1911 ἀδελφήν
783 1803 858 1870 κατύ
878 1802 945 1881 τούς
962 1804 1014 1868 νύ-

99 1915 191 1990 μους,
213 1889 276 1967 ἐξ
261 1917 297 1970 ης
317 1890 517 1972 γεγονέναι
486 1916 539 1972 την
561 1896 666 1969 Φίλην.
706 1886 723 1954 5
741 1888 858 1955 Ἐνδίου
881 1894 912 1956 δὲ
932 1883 1015 1954 ύδελ

101 1969 162 2055 φύς
181 1972 302 2079 νόθην
302 1973 380 2038 εἷναί
399 1995 504 2055 φησιν,
529 1975 557 2050 ἐξ
579 1976 695 2058 ἑταίρας
717 1974 828 2068 Πύρρα
844 1977 1015 2081 γενομένην,

100 2060 153 2121 καί
174 2053 266 2134 ούτως
288 2053 348 2122 ὑπὸ
364 2058 445 2121 Ἐνδί
431 2062 479 2121 ίου
494 2061 657 2137 ἐκδοθῆναι
677 2040 822 2130 Ξενοκλεῖ
859 2057 901 2123 Η
916 2059 1016 2134 στάσις

100 2139 278 2223 στοχασμός,
306 2138 337 2206 τύ
366 2144 397 2207 δὲ
426 2145 555 2225 ἔγκλημα
583 2146 847 2228 ψευδομαρτυριῶν
869 2138 944 2207 κατὰ
962 2149 1015 2207 τοῦ

106 2226 292 2306 Νικοδήμου.

130 2382 268 2476 Ανδρες
280 2392 448 2475 δικασταί,
466 2383 484 2456 5
502 2383 645 2475 ἀδελφὸς
662 2392 719 2474 τῆς
730 2386 850 2478 μητρὸς
868 2393 925 2476 τῆς
937 2391 1015 2477 ἐμῆς

56 2484 211 2575 Πύρρος,
236 2483 333 2567 ἅπαις
355 2483 403 2558 ὢν
419 2495 566 2575 γνησίων
588 2493 734 2575 παίδων,
759 2487 932 2575 ἐποιήσατο
940 2485 1015 2557 Ἕν·
1110 2510 1116 2519 ·

59 2592 136 2655 διον
152 2582 209 2655 τὸν
226 2583 372 2675 ἆδελφδν
395 2585 453 2658 τὸν
471 2585 549 2676 ἐμὸν
566 2585 642 2657 υίόν
659 2591 782 2680 ἑαυτῷ·
807 2583 842 2668 ὃς
860 2586 1015 2678 κληρονό-

56 2713 120 2774 μος
139 2682 185 2755 ῆν
202 2689 269 2756 τοῖν
287 2691 414 2758 ἐκείνου
433 2692 511 2776 ἐβίω
529 2696 631 2757 πλείω
649 2695 704 2775 ἔτη
722 2683 743 2775 ῆ
762 2698 880 2776 είκοσι,
905 2690 960 2757 καί
980 2692 1016 2758 ἐν

57 2784 168 2878 χρόνῳ
197 2785 341 2879 τοσούτῳ
369 2795 497 2877 ἔχοντος
522 2791 651 2858 ἐκείνου
673 2785 731 2858 τδν
759 2791 880 2877 κλῆρον
903 2785 1015 2868 οὐδεὶς

56 2886 191 2956 πώποτε
214 2886 473 2976 προσεποιήσατο
500 2884 575 2958 οὐδ’
603 2885 831 2978 ἠμφισβήτησε
859 2893 916 2976 τῆς
934 2898 1014 2976 Ικλη-

58 2994 215 3075 ρονομίας
233 2992 355 3080 ἐκείνην.
391 2988 644 3077 τελευτήσαντος
663 2990 700 3058 δὲ
716 2992 777 3059 τού
793 2986 943 3078 ἀδελφοῦ
960 2992 1014 3058 πέ-
1032 3019 1050 3068 2

58 3107 174 3174 ρυσιν,
205 3083 377 3182 ύπερβᾱσα
400 3087 458 3159 τὸν
482 3098 670 3160 τελευταῖον
692 3088 912 3178 κληρονόμου,
936 3118 1014 3177 μνη·

56 3195 118 3256 σία
133 3187 284 3277 θυγάτηρ
297 3193 359 3259 τού
368 3185 527 3279 ἡμετέρου
544 3199 641 3260 θείου
653 3187 725 3277 ήκει
743 3188 917 3278 φάσκουσα
930 3189 1015 3259 εἶναι

59 3296 162 3376 Φίλη,
181 3292 236 3357 καί
254 3287 367 3376 κύριος
377 3295 541 3378 Ξενοκλῆς
556 3289 701 3377 Κόπριος
718 3294 778 3360 τού
788 3286 1015 3378 Πύρρουκλή-
1040 3328 1044 3337 ,

57 3417 121 3473 ρου
138 3398 251 3478 λαχεῖν
267 3387 328 3477 τήν
345 3394 437 3478 λῆξιν
455 3388 611 3479 ῆξίωσεν,
630 3386 667 3472 ὃς
684 3389 894 3477 τετελεύτηκε
911 3396 1014 3457 πλείω

55 3484 77 3578 ῆ
102 3499 228 3559 εἴκοσιν
251 3497 322 3578 ἔτη,
345 3500 421 3578 τρία
443 3490 586 3563 τύλαντα
607 3499 730 3582 τίμημα
750 3494 798 3583 τῷ
818 3488 927 3580 κλήρῳ
948 3491 1015 3558 ἐπι·
