2340 3916
277 228 399 285 ΠΕΡΙ
416 228 848 287 ΠΑΡΑΠΡΕΣΒΕΙΑΣ.
990 226 1030 289 73

83 382 229 470 ἄρχαίοις
241 387 378 472 μύθοις,
405 383 479 455 ἄλλ’
491 383 545 470 ἐφ’
558 383 653 472 ήμῶν
663 388 880 472 γεγενημένα,
901 387 1030 455 τούτων

33 488 70 543 32
81 483 308 570 ἐπεμνήσθην.
331 492 513 570 συμμαχίας
529 484 594 568 γάρ
609 488 880 570 Λακεδαιμονίων
895 487 1030 553 καὶτῶν

84 578 368 668 άλλωνἘλλήνων
379 581 622 666 συνελθούσης,
646 577 692 659 εἷς
709 576 757 647 ύν
772 583 900 649 τούτων
909 581 1029 667 Ἀμύν-

83 707 140 760 τας
158 679 176 748 ὁ
195 688 363 750 Φιλίππου
383 679 488 767 πατήρ
504 683 559 749 καὶ
573 685 712 766 πέμπων
728 681 896 765 σύνεδρον
908 686 1029 768 καὶτῆς

83 777 166 846 καθ’
186 777 292 846 αὑτὸν
309 780 425 866 ψήφου
445 782 560 865 κύριος
577 776 624 846 ύν
641 783 823 866 ἐψηφίσατο
834 781 1029 867 Ἀμφίπολιν
1047 782 1096 844 211

82 876 145 963 τήν
154 875 340 963 Ἀθηναίων
357 883 563 963 συνεξαιρεῖν
578 875 659 964 μετὰ
670 887 738 954 τῶν
749 877 1030 963 άλλωνἘλλήνων

81 972 274 1060 Ἀθηναίοις.
289 977 344 1042 καὶ
355 976 485 1043 τούτων
496 974 532 1042 ιδ
545 973 661 1044 κοινὸν
672 975 778 1062 δόγμα
789 985 856 1043 τῶν
863 972 1028 1061 Ἑλλήνων

81 1074 136 1140 καὶ
151 1071 229 1151 τούς
247 1078 496 1159 ψηφισαμένους
513 1077 550 1142 ἐκ
565 1082 634 1142 τῶν
652 1079 818 1160 δημοσίων
829 1076 1029 1161 γραμμάτων
1046 1088 1099 1142 218

33 1184 67 1236 33
82 1169 251 1257 μάρτυρας
268 1173 489 1259 παρεσχόμην.
512 1166 561 1240 ὦν
576 1174 611 1240 δὲ
625 1171 785 1258 Ἀμύντας
802 1172 924 1260 άπέστη
936 1171 953 1241 ὁ
966 1181 1028 1240 Φι-

87 1276 212 1337 λίππου
229 1272 336 1355 πατὴρ
363 1275 516 1340 ἐναντίον
543 1278 613 1339 τῶν
629 1269 793 1357 Ἑλλήνων
805 1270 964 1339 ἁπάντων
985 1269 1026 1338 οὐ

83 1367 190 1452 μόνον
200 1368 328 1453 λόγοις,
341 1366 425 1436 άλλδι
441 1370 623 1460 καὶψήφφ,
636 1370 780 1454 τούτων,
799 1369 973 1456 ἐφηνέγώ,
992 1371 1028 1437 σὲ

81 1463 141 1531 τὰν
162 1468 194 1543 ἐξ
217 1467 346 1533 ἐκείνου
370 1470 591 1553 γεγενημένον
612 1465 675 1534 ούκ
697 1472 765 1534 ἔστι
786 1472 914 1535 δίκαιον
935 1466 1027 1534 άντι-

81 1573 257 1630 ποιεῖσθαι.
282 1569 312 1631 εί
327 1563 360 1631 δ’
380 1563 631 1636 άντιποιεῑκατά
648 1567 794 1651 πόλεμον
809 1565 922 1652 λαβὼν
938 1565 1027 1632 είκύ-

81 1685 144 1738 τως
151 1666 246 1745 ἐχειν,
256 1666 286 1728 εί
294 1662 355 1747 μὲν
365 1661 448 1744 πρὸς
458 1661 544 1748 ήμιῖς
554 1661 741 1748 πολεμήσας
753 1663 956 1742 δοριάλωτον
966 1662 1029 1745 τήν
1043 1672 1099 1726 212

80 1762 181 1828 πόλιν
194 1755 294 1844 εἷλες,
317 1770 439 1845 κυρίως
456 1768 537 1848 ἔχεις
555 1771 601 1850 τῷ
617 1769 678 1828 τοῦ
689 1766 835 1845 πολέμου
845 1761 937 1848 νύμφ
949 1786 1028 1845 κτη-

80 1861 236 1946 σάμενος·
259 1867 290 1927 εί
305 1858 337 1927 δ’
360 1861 592 1946 Ἀμφιπολίτας
608 1858 749 1945 ἀφείλου
765 1855 826 1943 τήν
840 1856 1027 1944 Ἀθηναίων

80 1961 189 2043 πόλιν,
202 1957 243 2026 ού
253 1957 293 2026 τά
305 1963 440 2027 ἐκείνων
449 1965 539 2045 ἔχεις,
551 1957 632 2026 άλλά
644 1955 705 2043 τήν
712 1956 1026 2043 Ἀθηναίωνχύραν.

27 2068 63 2122 34
158 2055 342 2144 Ῥηθέντων
354 2059 389 2125 δὲ
406 2059 535 2126 τούτων
552 2059 607 2125 καὶ
624 2059 744 2139 ἑτέρων
760 2056 869 2140 λόγων
885 2054 948 2141 ήδη
967 2083 1027 2122 κα-

82 2166 188 2244 θήκεν
207 2164 252 2235 είς
268 2159 494 2244 Δημοσθένην
510 2155 546 2224 τό
567 2163 624 2242 τής
641 2161 816 2242 πρεσβείας
837 2157 950 2240 μέρος,
974 2155 1028 2220 καὶ

79 2255 199 2333 πάντες
210 2269 385 2341 προσεῖχον
397 2253 441 2334 ύς
450 2254 637 2340 ὑπερβολάς
646 2280 736 2332 τινας
743 2253 913 2338 δυνάμεως
924 2252 1029 2320 άκου-

81 2355 218 2440 σάμενοι
235 2354 362 2438 λόγων·
384 2352 520 2440 καὶγὰρ
538 2355 621 2438 πρὸς
642 2351 746 2420 αύτόν
767 2353 827 2419 τὸν
849 2359 1026 2433 Φίλιππον,

80 2452 125 2532 ὥς
135 2446 178 2537 ήν
189 2451 330 2535 ὕστερον
341 2451 492 2536 άκούειν,
511 2455 565 2519 καὶ
577 2451 660 2536 πρὸς
670 2450 748 2528 τούς
761 2453 910 2533 ἑταίρους
921 2446 1026 2514 αὐτοῦ

80 2553 258 2638 ἐξηγγέλθη
285 2549 306 2637 ή
336 2559 405 2618 τῶν
437 2555 640 2636 ἐπαγγελιῶν
667 2547 845 2634 ὑπερβολή.
880 2546 967 2614 οὕτω
991 2546 1026 2613 δὲ

80 2647 239 2717 ἁπάντων
255 2651 470 2735 διακειμένων
487 2647 571 2734 πρὸς
586 2646 647 2733 τήν
667 2645 829 2728 άκρόασιν
846 2647 1027 2729 φθέγγεται

78 2748 115 2816 τὸ
139 2756 261 2834 θηρίον
279 2755 377 2815 τοῦτο
402 2758 577 2833 προοίμιον
596 2744 768 2814 σκοτεινὸν
789 2745 842 2811 καὶ
864 2740 1027 2827 τεθνηκὸς

80 2852 200 2933 δειλίᾳ,
222 2848 277 2912 καὶ
297 2842 417 2930 μικρὸν
435 2842 635 2931 προαγαγών
652 2843 721 2911 άνω
739 2851 807 2909 τεᾶν
823 2846 1025 2926 πραγμάτων
1043 2857 1098 2912 220

78 2949 233 3029 ἐξαίφνης
245 2947 373 3029 ἐσίγησε
385 2947 439 3010 καὶ
450 2945 648 3029 διηπορήθη,
661 2949 823 3009 τελευτῶν
835 2940 870 3007 δὲ
880 2945 1027 3008 ἐκπίπτει

27 3058 62 3111 35
80 3047 115 3110 ἐκ
132 3049 193 3109 τού
210 3042 322 3126 λόγου.
345 3039 427 3110 ίδύν
445 3040 480 3108 δέ
498 3039 602 3109 αὐτὸν
618 3039 811 3117 ὁΦίλιππος
823 3035 866 3117 ὡς
877 3040 1024 3122 διέκειτο,

79 3152 219 3225 θαρρεῖν
235 3166 270 3206 τε
288 3138 523 3222 παρεκελεύετο
541 3142 595 3206 καὶ
612 3139 656 3226 μή
674 3145 833 3226 νομίζειν,
858 3136 968 3220 ὥσπερ
988 3140 1025 3203 έν

77 3254 145 3318 τοῖς
155 3238 324 3322 θεάτροις,
348 3238 403 3305 διὰ
413 3246 511 3305 τούτο
525 3246 658 3306 οἴεσθαί
664 3264 695 3306 τι
707 3238 926 3318 πεπονθέναι,
948 3231 1020 3301 ἀλλ’
1041 3242 1090 3297 221

78 3336 184 3427 ήσυχή
199 3341 253 3404 καὶ
271 3334 353 3404 κατά
368 3334 489 3421 μικρὸν
506 3335 817 3420 ἀναμιμνήσκεσθαι
839 3334 894 3400 καὶ
915 3334 1024 3416 λέγειν

78 3434 122 3514 ὥς
133 3444 310 3518 προείλετο.
324 3433 342 3502 ὁ
357 3433 388 3501 δ’
402 3435 447 3513 ύς
459 3433 544 3515 ἅπαξ
558 3435 722 3520 ἐταράχθη
735 3434 789 3500 καὶ
800 3439 868 3498 τῶν
878 3455 1023 3515 γεγραμ-
