2340 3916
141 208 181 272 38
490 207 745 265 ΑΙΣΧΙΝΟΥ

140 370 383 455 Λεωδάμαντος
398 366 501 452 γυνή·
523 363 543 451 ή
564 365 599 434 δὲ
616 364 700 451 γυνή
716 366 878 451 Τίμαρχος
889 362 1013 434 οὑτοσί.
1049 359 1092 432 δν

145 467 320 551 δὲτρόπον
342 467 512 533 κλέπτεται
533 463 570 530 τό
594 461 768 549 ἀργύριον,
791 462 855 550 ἐγῶ
878 467 977 548 ἐρῶ.“
1009 461 1090 549 μετά

144 574 247 632 ταῦτα
258 563 321 652 ήδη
338 563 455 652 διεξῄει
472 563 545 646 περὶ
561 562 824 647 τοῦπράγματος
835 563 890 629 καὶ
901 559 988 647 μάλα
999 561 1088 629 είδό-

76 673 124 727 129
143 692 205 743 τως
216 666 270 731 καὶ
283 670 405 749 σαφῶς.
430 662 562 740 διδάξας
573 659 607 727 δὲ
617 667 731 746 ταῦτα,
744 671 799 746 ,,τί
808 653 870 727 οὖν
879 664 1002 745 ἐστιυ,“
1015 666 1089 748 ἐφη,

143 756 192 846 ,,ῶ
209 757 425 848 Ἀθηναῖοι,δ
443 758 662 845 συμβουλεύω
679 755 772 844 δμίν;
790 759 848 826 ἐὰν
865 758 927 844 μὲν
943 755 962 846 ή
981 761 1087 847 βουλή

142 869 351 946 καταγνοῦσα
361 860 493 926 τουτονὶ
504 855 629 923 άδικεῑν
640 858 693 923 καὶ
703 857 1026 942 ’ἐκφυλλοφορήσασα
1037 861 1089 924 δι-

142 966 307 1048 καστηρίῳ
326 960 481 1046 παραδῷ,
505 955 579 1023 δότε
596 952 657 1040 τήν
675 953 805 1040 δωρεάν
824 952 950 1039 αὐτοῖς,
975 952 1035 1021 ἐάν
1053 956 1089 1023 δὲ

142 1054 187 1141 μή
208 1057 388 1139 κολάσωσι,
409 1052 453 1141 μή
473 1057 570 1139 δῶτε,
596 1050 663 1120 ἀλλ’
684 1058 729 1132 είς
745 1056 874 1139 ἐκείνην
899 1051 1011 1130 αὐτοῖς
1026 1049 1090 1137 τήν

143 1150 268 1238 ἡμέραν
283 1151 631 1238 άπομνημονεάσατε.“
662 1148 741 1237 μετά
761 1159 864 1217 ταῦτα
882 1147 925 1230 ῶς
942 1153 1087 1236 ε’παυήλ-
1113 1173 1159 1221 11·.1

142 1249 236 1336 θενή
250 1249 354 1338 βουλή
369 1256 414 1329 είς
424 1247 459 1317 τδ
471 1249 719 1337 βουλευτήριον,
729 1249 1017 1335 ἐξεφυλλοφόρησε
1027 1251 1090 1335 μὲν

75 1358 126 1412 130
146 1347 265 1436 αὐτὸν,
278 1355 314 1418 ἐν
326 1351 360 1418 δὲ
371 1359 411 1438 τῇ
421 1349 521 1439 ψήφῳ
533 1352 733 1430 κατεδέξατο.
757 1348 808 1417 ὅτι
819 1346 851 1415 δ’
864 1346 905 1415 οὐ
917 1353 1088 1433 παρέδωκε

144 1452 339 1538 δικαστηρίῳ
349 1447 423 1516 οὐδ’
436 1449 593 1535 ἐξήλασεν
603 1451 640 1517 ἐκ
652 1455 712 1516 τοῦ
723 1455 971 1535 βουλευτηρίου,
983 1446 1089 1535 άχθο-

144 1573 202 1632 μαι
212 1548 273 1630 μὲν
284 1550 409 1632 λέγων,
422 1545 549 1633 ἀνάγκη
562 1545 594 1613 δ’
606 1550 695 1615 ἐστὶν
707 1555 820 1633 εἰπεῖν,
831 1547 880 1616 ὅτι
892 1556 949 1634 τῆς
961 1553 1087 1637 δωρεάς

143 1640 354 1730 ἀπετύγχανε.
391 1644 435 1730 μή
447 1652 562 1712 τοίνυν
573 1652 715 1730 φανῆτε,
739 1637 958 1733 ῶἏθηυαίοι,
976 1655 1017 1735 τῇ
1026 1649 1087 1730 μὲν

142 1748 248 1828 βουλή
268 1743 508 1828 χαλεπήναντες
529 1745 582 1810 καί
610 1747 845 1820 πεντακοσίους
874 1743 999 1827 ἄνδρας
1019 1754 1087 1812 τῶν

142 1849 286 1907 πολιτῶν
309 1839 563 1925 άστεφανῶτους
580 1838 790 1925 ποιήσαντες,
812 1838 863 1907 ότι
884 1848 1004 1909 τοῦτον
1022 1841 1085 1911 οὐκ

141 1939 376 2024 ἐτιμωρήσατο,
400 1937 493 2006 αὐτοὶ
512 1940 547 2007 δὲ
564 1936 686 2025 άφήτε,
708 1939 763 2004 καί
780 1935 839 2004 τόν
859 1944 898 2026 τή
916 1946 1021 2028 βουλή
1042 1941 1085 2027 μή

141 2036 385 2119 συνενεγκόντα
398 2037 537 2123 ῥήτορα,
556 2046 675 2104 τοῦτον
694 2045 740 2125 τῶ
752 2037 844 2122 δήμῳ
856 2036 900 2123 μή
913 2041 1088 2126 περιποιή-

141 2153 226 2219 σητε.

222 2227 317 2296 Ἀλλά
330 2231 403 2312 περὶ
414 2232 474 2314 μὲν
487 2227 543 2307 τάς
554 2229 722 2315 κληρωτάς
733 2229 834 2317 άρχάς
845 2235 913 2300 ε’στι
924 2241 1083 2321 τοιοῦτος,
1110 2249 1157 2300 113

74 2345 120 2400 131
141 2331 215 2411 περὶ
233 2328 269 2395 δὲ
287 2324 345 2405 τάς
362 2325 590 2412 χειροτονητάς
607 2335 754 2415 βελτίων.
789 2333 844 2397 καὶ
861 2337 909 2408 τίς
919 2327 1014 2417 ὑμῶν
1025 2331 1086 2399 οὐκ

140 2423 246 2508 οἶδεν,
273 2423 316 2503 ῶς
337 2425 541 2511 περιβοήτως
561 2427 737 2513 ἐξηλέγχθη
756 2430 894 2513 κλέπτης
913 2427 974 2507 ῶν;
1003 2456 1086 2516 πεμ-

140 2525 239 2608 φθεὶς
250 2522 312 2607 γάρ
331 2520 388 2608 ὑφ’
407 2521 680 2611 ὑμῶνέξεταστής
690 2533 758 2592 τῶν
769 2528 805 2593 ἐν
821 2524 964 2616 Ἐρετρίᾳ
983 2533 1085 2608 ξένων

140 2622 243 2706 μόνος
253 2629 320 2688 τῶν
331 2624 510 2700 ἐξεταστῶν
522 2620 684 2708 ῶμολόγει
700 2631 814 2709 λαβεῖν
831 2623 1009 2712 ἀργύριον,
1032 2629 1088 2696 καὶ

140 2719 181 2786 οὐ
200 2720 273 2802 περὶ
290 2726 351 2787 τοῦ
368 2717 559 2807 πράγματος
577 2719 783 2808 ἀπελογεῖτο,
806 2720 875 2791 ἀλλ’
889 2722 994 2802 εὐθὺς
1011 2729 1086 2810 περὶ

139 2823 200 2883 τοῦ
216 2816 393 2903 τιμήματος
411 2822 556 2886 ἱκέτευεν
572 2815 746 2903 ὁμολογῶν
769 2818 903 2888 άδικελν.
937 2818 1029 2906 ὑμεῖς
1052 2823 1087 2889 δὲ

140 2925 207 2991 τοῖς
218 2913 278 2998 μὲν
289 2915 434 2999 ἐξάρνοις
444 2914 616 3000 ἐτιμήσατε
628 2918 793 2985 ταλάντου
811 2919 954 3006 ἑκάστῳ,
976 2919 1083 3010 τούτῳ

141 3012 176 3074 δὲ
188 3012 362 3092 τριάκοντα
379 3019 481 3096 μνῶν.
516 3016 549 3078 οί
562 3013 597 3080 δὲ
614 3015 713 3099 νόμοι
730 3016 905 3083 κελεύουσι
923 3023 991 3083 τῶν
1008 3026 1085 3084 κλε-

140 3116 232 3177 πτῶν
253 3111 331 3190 τούς
358 3111 420 3196 μὲν
440 3108 684 3196 ὁμολογοῦντας
710 3116 849 3206 θανάτῳ
877 3123 1084 3202 ζημιοῦσθαι,

138 3204 216 3285 τούς
245 3206 275 3274 δ’
299 3206 526 3294 ἀρνουμένους
554 3218 737 3296 κρίνεσθαι.
785 3215 951 3300 τοιγάρτοι
977 3216 1084 3295 οὕτως
1107 3236 1153 3287 111

139 3301 233 3389 ὑμῶν
249 3305 513 3392 κατεφρόνησεν,
538 3307 609 3377 ὥστ’
624 3308 729 3388 εὐθὺς
747 3313 799 3379 ἐπὶ
816 3327 884 3391 ταῖς
896 3316 933 3378 έν
944 3328 1011 3392 τοῖς
1024 3317 1085 3400 δή·

138 3430 210 3487 μοις
223 3407 433 3489 διαψηφίσεσι
448 3411 603 3492 δισχιλίας
615 3408 759 3494 δραχμάς
772 3417 877 3496 ἔλαβε.
900 3410 1009 3496 φήσας
1019 3411 1084 3498 γάρ
