2340 3916
298 222 430 280 ΚΑΤΑ
449 220 827 280 ΚΤΗΣΙΦΩΝΤΟΣ.
966 218 1026 283 131

81 381 233 467 πρόσθεν
244 388 311 446 τῶν
324 379 518 464 ἐπωνύμων,
531 377 609 457 τοὺς
621 379 656 447 δέ
667 379 844 465 πρυτάνεις
855 397 961 450 ποιεῖν
972 385 1027 450 ἐκ·

80 485 220 565 κλησίαν
238 476 480 563 ἐπιγράψαντας
497 479 709 564 νομοθέταις,
730 477 791 546 τόν
808 478 840 546 δ’
851 483 1028 568 ἐπιστάτην

80 587 148 645 τῶν
164 581 336 661 προέδρων
354 581 614 662 διαχειροτονίαν
632 577 760 645 διδόναι
778 587 825 668 τῷ
843 579 952 670 δήμφ,
974 584 1029 648 καί

79 677 157 754 τοὺς
179 676 241 761 μὲν
258 673 409 761 άναιρεϊν
425 683 493 744 τῶν
510 676 641 762 νόμων,
662 675 741 757 τοὺς
757 680 792 746 δέ
808 688 1027 763 καταλείπειν,
1044 681 1093 736 4³1

80 776 168 855 ὅπως
181 772 224 842 άν
236 775 280 855 εἷς
291 767 313 863 ἦ
324 776 425 861 νόμος
441 777 549 863 καὶμὴ
561 785 694 858 πλείους
706 781 779 865 περὶ
791 780 929 865 ἑκάστης
941 781 1027 866 πρά-

81 881 167 953 ξεως.
191 881 248 942 καί
256 901 312 960 μοι
322 878 397 960 λέγε
408 873 486 954 τοὺς
498 874 629 961 νόμους.

469 982 631 1043 ΝΟΜΟΙ.

28 1085 65 1139 λυ
161 1077 204 1138 El
218 1080 350 1158 τοίνυν,
376 1065 603 1161 ῶἈθηναῖοι,
625 1069 1028 1162 άληθὴςῆνὸπαράτού-

80 1198 145 1237 των
157 1171 254 1254 λόγος
266 1174 320 1239 καὶ
337 1166 423 1258 ἦσαν
441 1173 502 1241 δύο
520 1179 666 1260 κείμενοι
681 1173 779 1259 νόμοι
796 1177 871 1260 περὶ
888 1183 955 1241 τῶν
967 1202 1029 1261 κη-

81 1267 274 1353 ρυγμάτων,
297 1268 504 1357 ἐξάνάγκης,
530 1270 636 1356 οἶμαι,
658 1273 798 1358 τῶνμὲν
809 1281 1027 1360 θεσμοθετῶν

80 1365 294 1450 ἐξευρόντων,
306 1376 374 1435 τῶν
385 1371 420 1435 δὲ
430 1370 628 1454 πρυτάνεων
638 1369 836 1440 άποδόντων
845 1388 913 1452 τοῖς
925 1398 1028 1457 νομο-

80 1467 191 1542 θέταις
209 1460 404 1551 ἀνῄρητ’άν
426 1464 443 1534 ὁ
464 1468 574 1553 ἕτερος
595 1476 662 1536 τῶν
680 1469 810 1556 νόμων,
833 1470 906 1557 ἤτοι
929 1468 946 1538 ὁ
967 1471 1028 1555 την

78 1565 231 1641 ἐξουσίαν
243 1564 394 1643 δεδωκάς
405 1562 552 1634 άνειπεῑν
562 1560 612 1651 ἢὸ
627 1563 861 1651 ὑπαγορεύων·
882 1564 979 1634 ὁπότε
993 1566 1028 1633 δὲ

79 1664 182 1747 μηδὲν
198 1661 327 1728 τούτων
343 1666 530 1748 γεγένηται,
549 1672 702 1750 φανερῶς
712 1666 753 1749 δή
766 1689 831 1731 που
843 1667 1029 1749 ἐξελέγχον-

79 1788 130 1826 ται
142 1756 183 1826 ού
195 1761 302 1845 μόνον
312 1766 420 1848 ψευδῆ
430 1765 590 1846 λέγοντες,
604 1759 686 1828 άλλά
699 1764 754 1828 καὶ
764 1767 933 1839 παντελῶς
944 1759 1029 1826 άδύ-

32 1880 63 1930 λι
80 1886 161 1926 νατα
173 1861 338 1944 γενέσθαι.
361 1858 446 1926 ὅθεν
454 1859 490 1927 δέ
502 1856 542 1945 δὴ
554 1857 591 1926 τό
604 1864 727 1939 ψεῦδος
738 1867 836 1925 τοῦτο
848 1860 1027 1942 ἐπιφέρου-

79 1980 148 2040 σιν,
170 1956 233 2041 έγῶ
254 1957 372 2036 διδάξω
390 1954 476 2042 ὑμᾶς
493 1955 680 2043 προειπῶν,
703 1948 752 2022 ῶν
768 1957 866 2023 ἕνεκα
883 1958 917 2021 οί
932 1954 1030 2039 νόμοι,

79 2059 241 2141 ἐτέθησαν
258 2059 291 2122 οἱ
306 2058 380 2139 περὶ
397 2061 466 2122 τῶν
476 2056 514 2122 ἐν
523 2061 569 2143 τῶ
580 2054 714 2142 θεάτρῳ
727 2052 957 2139 κηρυγμάτων.
975 2079 1028 2138 γι-

78 2156 252 2238 γνομένων
268 2153 331 2239 γάρ
348 2159 417 2219 τῶν
434 2156 470 2220 ἐν
488 2148 580 2220 άστει
600 2156 781 2242 τραγφδῶν
803 2150 1028 2238 ἀνεκήρυττόν

79 2278 181 2334 τινες,
200 2249 242 2318 ού
257 2258 426 2330 πείσαντες
436 2248 496 2319 τόν
508 2255 630 2338 δῆμον,
642 2255 676 2317 οί
684 2249 745 2336 μὲν
756 2247 807 2317 ότι
818 2254 1027 2336 στεφανοὺνι
1045 2253 1096 2307 432

78 2377 130 2417 ται
152 2346 218 2416 ὑπό
241 2357 309 2416 τῶν
327 2357 496 2434 φυλετῶν,
517 2350 623 2435 έτεροι
640 2345 671 2414 δ’
691 2345 756 2414 ὑπό
774 2353 842 2414 τῶν
861 2350 1026 2432 δημοτῶν·

79 2448 171 2515 ἄλλοι
190 2449 230 2515 δέ
250 2473 336 2525 τινες
358 2445 646 2533 ὑποκηρυξάμενοι
668 2444 747 2524 τούς
769 2443 881 2511 αὑτῶν
902 2447 1028 2520 οίκέτας

79 2545 221 2630 άφίεσαν
240 2543 503 2630 ἀπελευθέρους,
526 2544 695 2629 μάρτυρας
714 2550 771 2628 τῆς
789 2538 1029 2624 άπελευθερίας

27 2657 62 2710 42
80 2641 157 2722 τοὺς
170 2640 329 2728 Ἕλληνας
351 2640 553 2726 ποιούμενοι.
582 2638 600 2707 δ
623 2637 654 2707 δ’
677 2632 721 2725 ἦν
742 2636 1027 2723 ἐπιφθονώτατον,

79 2745 251 2826 προξενίας
262 2739 346 2816 τινὲς
362 2734 538 2824 εὑρημένοι
548 2739 585 2805 ἐν
598 2750 667 2815 ταῖς
677 2741 737 2816 ἔξω
749 2734 863 2802 πόλεσι
875 2735 1028 2819 διεπράτ-

78 2866 174 2907 τοντο
187 2837 468 2922 ἀναγορεύεσθαι,
480 2834 530 2905 ότι
543 2849 705 2921 στεφανοῖ
710 2832 833 2913 αὐτούς
845 2832 862 2902 ὑ
876 2840 987 2921 δῆμος,
1000 2839 1030 2900 εί

80 2936 166 3003 οὑτω
184 2936 293 3021 τύχοι,
315 2932 411 3003 ὁτῶν
424 2933 556 3003 Ῥοδίων
574 2931 596 3020 ἢ
613 2941 705 3004 Χίων
722 2929 745 3021 ἦ
763 2936 817 3002 καὶ
827 2932 927 3019 άλλης
938 2931 1028 3010 τινός

80 3036 204 3113 πόλεως
231 3032 348 3121 άρετης
374 3037 471 3102 ἕνεκα
499 3036 554 3102 καὶ
584 3032 820 3119 ἀνδραγαθίας,
852 3036 907 3100 καὶ
933 3031 1028 3099 ταῦτ’

79 3139 241 3217 ἔπραττον
259 3131 318 3217 ούχ
332 3132 448 3215 ,ῶσπερ
466 3138 500 3200 οἱ
515 3128 581 3198 ὑπό
600 3141 658 3217 τῆς
668 3138 792 3219 βουλῆς
804 3139 859 3218 τῆς
870 3129 1029 3217 ὑμετέρας

80 3232 343 3316 στεφανούμενοι
354 3227 375 3317 γ’γ’
388 3228 452 3298 ὑπδ
471 3238 531 3297 τοῦ
542 3229 674 3315 δήμου,
697 3237 867 3308 πείσαντες
879 3226 963 3314 ὑμᾶς
974 3230 1029 3295 καὶ

79 3329 158 3416 μετὰ
180 3338 405 3416 ψηφίσματος,
428 3328 554 3413 πολλὴν
575 3327 671 3413 χάριν
693 3331 927 3413 καταθέμενοι,
953 3325 1027 3392 ἀλλ’

29 3445 65 3498 43
79 3427 171 3496 αὐτοὶ
182 3429 399 3514 προελόμενοι
408 3426 492 3494 άνευ
503 3428 664 3513 δόγματος
674 3423 892 3573 ὑμετέρουᾴέκ
904 3426 939 3493 δέ
951 3425 1028 3490 τού·
1044 3435 1094 3492 433

863 3522 877 3552 θ
