2340 3916
170 229 231 292 150
374 280 376 287 ,
588 219 718 271 ΙΣΑΙΟΤ
823 264 826 277 ,
1019 221 1122 270 01³.1‘2

170 401 332 466 πλουσίου
360 394 398 463 δέ
424 395 477 463 ἐπὶ
505 396 644 484 διαβολῇ
669 409 809 463 ποιεῖται
826 389 964 472 τούτους
981 389 1059 473 τοδς
1078 392 1132 462 λό-

170 525 259 586 γους.
297 490 412 584 έγῶδ’
432 482 476 564 ἓν
487 492 670 582 κεφάλαιον
697 496 762 583 ἐρῶ
778 490 912 563 πόντων
929 489 1132 582 μέγιστον,ὸ

170 600 225 668 καὶ
251 591 333 687 ὑμῖν
350 590 471 665 ο”ἶδ”
451 623 501 665 οτι
528 592 616 677 δόξει
643 599 780 664 δίκαιον.
816 591 1043 664 κοινώσασθαι
1067 591 1131 685 μδρ

172 701 276 769 ἐθέλω
294 694 365 786 τηυϊ
381 692 499 766 οὐσίαν
515 692 577 784 την
604 693 745 784 ἐμὴν
702 723 743 784 τη
760 723 820 764 του
809 692 974 782 παιδός,
993 696 1049 762 καὶ
1068 705 1133 763 εἴτε

171 795 276 869 πολλοὶ
295 793 357 867 εἰτ’
376 793 472 884 ὀλίγα
489 798 595 884 ἐστίν,
615 799 651 866 έν
662 799 765 889 κοινῷ
780 796 961 884 γενομένης
978 793 1132 883 λάβωμεν

54 1082 61 1091 s
171 1001 285 1089 ἑτέρου
303 1001 365 1069 τοῦ
380 995 619 1088 προσήκοντος·
637 992 712 1066 ἀλλ’
732 993 795 1067 οὐκ
814 994 973 1086 ἐθελήσει.

580 1131 721 1213 Anum.

583 1321 724 1350 ...ψ-...-

628 1504 676 1566 12.

426 1651 566 1727 ΥΠΕΡ
592 1647 914 1727 ΕΤΦΙΛΗΤΟΤ.

510 1869 795 1923 ΤΠΟΘΕΣΙΣ.

160 1994 162 2001 ’
259 1999 317 2067 Τόν
336 1997 473 2109 Ἐρχιέων
490 2005 584 2084 δημον
606 1999 690 2079 είς
661 2029 694 2066 το
714 1999 904 2104 δικαστήριον
924 2009 1136 2106 προσκαλεῖταί

214 2114 259 2164 τις
274 2088 333 2151 τῶν
352 2083 672 2189 ἀποψηφισθέντων
651 2113 691 2162 υς
710 2081 871 2163 ἀδίκως
834 2113 886 2188 της
901 2082 1077 2161 πολιτείας’
1060 2112 1131 2150 απε

215 2167 400 2252 λασκόμενος
432 2171 547 2254 έμράφη
567 2165 623 2254 γάρ
639 2169 677 2250 δή
689 2196 733 2247 τις
747 2165 807 2235 δπδ
823 2176 883 2234 τῶν
895 2167 1066 2274 Ἀθηναίων
1082 2169 1132 2234 νό

214 2280 283 2336 μος,
305 2256 434 2332 ἐξέτασιν
453 2256 604 2360 γενέσθαι
615 2259 675 2318 τῶν
696 2259 824 2318 πολιτῶν
844 2281 921 2319 κατα
910 2249 1109 2336 δήμους,
1081 2280 1133 2317 τον

216 2341 247 2404 δὲ
268 2334 565 2444 ἀποψηφισθέντα*
548 2333 607 2403 υπό
628 2343 686 2402 τῶν
709 2341 897 2421 δημοτῶν
861 2365 913 2420 της
927 2343 1074 2414 πολιτείας
1092 2364 1132 2440 μη

215 2425 359 2505 μετέχειν,
380 2431 442 2500 τοῖς
458 2425 490 2488 δέ
503 2419 621 2498 ἀδίκως
640 2419 902 2528 ἀποψηφισθεῖσιν
923 2425 1073 2504 ἔφεσινί
1045 2420 1133 2498 εςτδ

216 2506 408 2612 δικαστήριρν
428 2505 503 2571 εἶναι
521 2510 804 2591 προσκαλεσαμένοις
821 2504 890 2586 τοδς
912 2505 1054 2614 δημότας,
1081 2509 1132 2569 καὶ

215 2587 309 2656 έάν
282 2618 314 2657 το
332 2590 467 2677 δεύτερον
491 2593 702 2695 ἐξελεγχθῶσι,
718 2596 889 2695 πεπρᾶσθαι
909 2586 1017 2666 αὖτοδς
1032 2593 1083 2654 καὶ
1096 2586 1133 2653 τό

216 2701 350 2760 χρηματα
366 2674 443 2740 εἶναι
459 2674 594 2780 δημόσια.
630 2672 705 2740 κατά
723 2682 828 2742 τοῦτον
849 2672 902 2741 τόν
921 2700 1016 2782 νυμον
1032 2699 1048 2738 ο
1068 2672 1133 2738 Εὐ-

216 2764 348 2840 φίλητος,
360 2759 631 2865 προσκαλεσάμενρς
644 2758 713 2838 τούς
724 2755 890 2862 Ἐρχιέας“
870 2789 909 2838 ως
919 2757 1029 2835 ἀδίκως
1042 2784 1133 2822 κατα-

215 2839 492 2926 ψηφισαμένους“
456 2849 563 2948 αυτοῦ,
578 2840 629 2910 τόν
624 2842 743 2947 ἀγῶνα
763 2845 848 2910 τόνδε
864 2849 1037 2909 διατίθεται.
1060 2869 1133 2928 προ-

216 2931 328 3008 είρηται
358 2929 427 3031 μέν
443 2928 484 3030 δη
508 2924 544 2994 τῶ
571 2926 755 3077 πράγματαῖ
746 2928 839 2994 ταῦτ’
859 2923 992 3012 ἀκριβῶς
1006 2953 1059 2990 και
1081 2952 1131 2991 πε

217 3017 357 3076 πίστωται
380 3007 484 3077 δια
442 3039 503 3078 των
529 3013 708 3119 μαρτύρων·
723 3012 769 3090 οἷς
795 3015 966 3097 δδβεβαίας
990 3011 1133 3114 βοόλεται

216 3100 336 3177 ποιῆσαι
362 3092 413 3174 τῶς
428 3104 617 3203 μαρτυρίας,
643 3093 708 3163 τόδ’
733 3100 821 3177 ἐστίν,
842 3125 881 3174 ως
902 3100 956 3180 μέν
971 3097 1028 3201 έγῶ
1048 3094 1135 3175 δόξης

217 3182 287 3262 έχω,
308 3178 396 3246 πάντ’
388 3179 549 3287 ἀκριβῶς
564 3184 592 3261 έξ
578 3186 781 3270 ξειργασμένα,
797 3185 930 3291 κρινέτω
943 3175 1010 3245 δέο
1026 3181 1143 3264 βουλό·

216 3290 303 3347 μενος
323 3262 396 3330 εί
363 3293 399 3331 τα
420 3266 606 3350 προσήκοντα
627 3270 741 3351 ἔγνωκα
761 3267 830 3352 περὶ
850 3261 955 3332 αὐτῶν.

243 3405 312 3479 Οτι
339 3411 400 3497 μέν
425 3419 555 3498 τοίνυν,
590 3400 616 3479 ῶ
642 3407 762 3502 ἀνδρες
789 3416 956 3498 δικασταί,
989 3405 1134 3496 ἀδελφός

176 3503 257 3598 ἡμῖν
284 3513 372 3579 ἐστιν
398 3506 511 3582 οὑτοσὶ
528 3507 734 3601 Εὐφίλητος,
761 3506 802 3581 06
819 3510 922 3601 μόνον
938 3505 1033 3600 ἡμῶν
1050 3504 1135 3577 ἀλλά

57 3636 111 3684 h
