<?xml version="1.0" encoding="UTF-8"?>
<!DOCTYPE html PUBLIC "-//W3C//DTD XHTML 1.0 Transitional//EN"
    "http://www.w3.org/TR/xhtml1/DTD/xhtml1-transitional.dtd">
<html xmlns="http://www.w3.org/1999/xhtml" xml:lang="en" lang="en">
 <head>
  <title>
</title>
<meta http-equiv="Content-Type" content="text/html;charset=utf-8" />
  <meta name='ocr-system' content='tesseract 3.04.00' />
  <meta name='ocr-capabilities' content='ocr_page ocr_carea ocr_par ocr_line ocrx_word'/>
</head>
<body>
  <div class='ocr_page' id='page_1' title='image "./orationescumali00isaegoog/orationescumali00isaegoog_0526.png"; bbox 0 0 2340 3916; ppageno 0'>
   <div class='ocr_carea' id='block_1_1' title="bbox 332 224 1025 288">
    <p class='ocr_par' dir='ltr' id='par_1_1' title="bbox 332 224 1025 288">
     <span class='ocr_line' id='line_1_1' title="bbox 332 224 1025 288; baseline 0.01 -8"><span class='ocrx_word' id='word_1_1' title='bbox 332 224 466 280; x_wconf 84' lang='grc' dir='ltr'><em>ΚΑΤΑ</em></span> <span class='ocrx_word' id='word_1_2' title='bbox 498 226 766 284; x_wconf 82' lang='lat' dir='ltr'><em>TIMAPXOY.</em></span> <span class='ocrx_word' id='word_1_3' title='bbox 984 228 1025 288; x_wconf 71' lang='lat'><em>:33</em></span> 
     </span>
    </p>
   </div>
   <div class='ocr_carea' id='block_1_2' title="bbox 9 381 1134 2950">
    <p class='ocr_par' dir='ltr' id='par_1_2' title="bbox 9 381 1134 1363">
     <span class='ocr_line' id='line_1_2' title="bbox 9 381 1026 470; baseline 0.005 -20"><span class='ocrx_word' id='word_1_4' title='bbox 9 397 49 452; x_wconf 66' lang='lat'><em>161</em></span> <span class='ocrx_word' id='word_1_5' title='bbox 70 386 235 469; x_wconf 77' lang='grc' dir='ltr'><strong><em>εἰσφέρων</em></strong></span> <span class='ocrx_word' id='word_1_6' title='bbox 247 385 396 467; x_wconf 80' lang='grc' dir='ltr'><em>ἐπίτιμον</em></span> <span class='ocrx_word' id='word_1_7' title='bbox 409 381 501 449; x_wconf 85' lang='grc' dir='ltr'><em>εἶναι.</em></span> <span class='ocrx_word' id='word_1_8' title='bbox 532 388 643 448; x_wconf 82' lang='grc' dir='ltr'><em>ἔπειτα</em></span> <span class='ocrx_word' id='word_1_9' title='bbox 653 385 709 451; x_wconf 85' lang='grc' dir='ltr'><em>καὶ</em></span> <span class='ocrx_word' id='word_1_10' title='bbox 719 383 781 470; x_wconf 82' lang='grc' dir='ltr'><em>τὴν</em></span> <span class='ocrx_word' id='word_1_11' title='bbox 793 384 953 470; x_wconf 78' lang='grc' dir='ltr'><em>εὐήθειαν</em></span> <span class='ocrx_word' id='word_1_12' title='bbox 964 398 1026 455; x_wconf 82' lang='grc' dir='ltr'><em>τοῦ</em></span> 
     </span>
     <span class='ocr_line' id='line_1_3' title="bbox 69 480 1134 570; baseline 0.004 -19"><span class='ocrx_word' id='word_1_13' title='bbox 69 484 175 569; x_wconf 86' lang='grc' dir='ltr'><em>λόγου</em></span> <span class='ocrx_word' id='word_1_14' title='bbox 195 481 318 548; x_wconf 89' lang='grc' dir='ltr'><em>τούτου</em></span> <span class='ocrx_word' id='word_1_15' title='bbox 334 480 454 569; x_wconf 73' lang='grc' dir='ltr'><em>βοίδιόν</em></span> <span class='ocrx_word' id='word_1_16' title='bbox 475 484 564 548; x_wconf 83' lang='grc' dir='ltr'><em>ἐστιν</em></span> <span class='ocrx_word' id='word_1_17' title='bbox 583 483 739 560; x_wconf 78' lang='grc' dir='ltr'><strong><em>ἐξετάσαι.</em></strong></span> <span class='ocrx_word' id='word_1_18' title='bbox 763 485 883 563; x_wconf 89' lang='grc' dir='ltr'><em>πάντες</em></span> <span class='ocrx_word' id='word_1_19' title='bbox 893 486 957 570; x_wconf 84' lang='grc' dir='ltr'><em>γάρ</em></span> <span class='ocrx_word' id='word_1_20' title='bbox 980 484 1024 555; x_wconf 82' lang='grc' dir='ltr'><em>άν</em></span> <span class='ocrx_word' id='word_1_21' title='bbox 1130 491 1134 499; x_wconf 87' lang='grc'><strong>’</strong></span> 
     </span>
     <span class='ocr_line' id='line_1_4' title="bbox 69 575 1023 668; baseline 0.003 -20"><span class='ocrx_word' id='word_1_22' title='bbox 69 577 162 648; x_wconf 81' lang='grc' dir='ltr'><em>τοῦθ’</em></span> <span class='ocrx_word' id='word_1_23' title='bbox 178 577 459 665; x_wconf 79' lang='grc' dir='ltr'><em>ὁμολογήσαιμεν,</em></span> <span class='ocrx_word' id='word_1_24' title='bbox 478 575 528 645; x_wconf 86' lang='grc' dir='ltr'><em>ὅτι</em></span> <span class='ocrx_word' id='word_1_25' title='bbox 540 576 597 657; x_wconf 86' lang='grc' dir='ltr'><em>τάς</em></span> <span class='ocrx_word' id='word_1_26' title='bbox 610 581 785 667; x_wconf 75' lang='grc' dir='ltr'><strong><em>συνθήκας</em></strong></span> <span class='ocrx_word' id='word_1_27' title='bbox 795 581 853 660; x_wconf 87' lang='grc' dir='ltr'><em>τάς</em></span> <span class='ocrx_word' id='word_1_28' title='bbox 865 581 949 668; x_wconf 80' lang='grc' dir='ltr'><em>πρὸς</em></span> <span class='ocrx_word' id='word_1_29' title='bbox 961 583 1023 651; x_wconf 85' lang='grc' dir='ltr'><em>άλ-</em></span> 
     </span>
     <span class='ocr_line' id='line_1_5' title="bbox 69 675 1023 770; baseline 0.003 -23"><span class='ocrx_word' id='word_1_30' title='bbox 69 679 191 766; x_wconf 86' lang='grc' dir='ltr'><em>λήλους</em></span> <span class='ocrx_word' id='word_1_31' title='bbox 203 675 353 757; x_wconf 75' lang='grc' dir='ltr'><strong><em>ἀπιστίας</em></strong></span> <span class='ocrx_word' id='word_1_32' title='bbox 363 679 460 745; x_wconf 90' lang='grc' dir='ltr'><em>ένεκα</em></span> <span class='ocrx_word' id='word_1_33' title='bbox 472 679 677 767; x_wconf 72' lang='grc' dir='ltr'><em>ποιούμεθα,</em></span> <span class='ocrx_word' id='word_1_34' title='bbox 701 685 757 749; x_wconf 80' lang='grc' dir='ltr'><em>ἵνα</em></span> <span class='ocrx_word' id='word_1_35' title='bbox 775 681 850 769; x_wconf 78' lang='grc' dir='ltr'><em>ὁμὴ</em></span> <span class='ocrx_word' id='word_1_36' title='bbox 870 684 1023 770; x_wconf 88' lang='grc' dir='ltr'><em>παραβάς</em></span> 
     </span>
     <span class='ocr_line' id='line_1_6' title="bbox 69 778 1023 869; baseline 0.006 -24"><span class='ocrx_word' id='word_1_37' title='bbox 69 780 109 846; x_wconf 88' lang='grc' dir='ltr'><em>τά</em></span> <span class='ocrx_word' id='word_1_38' title='bbox 126 780 337 864; x_wconf 73' lang='grc' dir='ltr'><em>γεγραμμένα</em></span> <span class='ocrx_word' id='word_1_39' title='bbox 354 782 451 863; x_wconf 81' lang='grc' dir='ltr'><em>δίκην</em></span> <span class='ocrx_word' id='word_1_40' title='bbox 468 778 554 863; x_wconf 80' lang='grc' dir='ltr'><em>λάβῃ</em></span> <span class='ocrx_word' id='word_1_41' title='bbox 568 787 609 866; x_wconf 77' lang='grc' dir='ltr'><em>τῇ</em></span> <span class='ocrx_word' id='word_1_42' title='bbox 620 781 721 868; x_wconf 78' lang='grc' dir='ltr'><em>ψήφῳ</em></span> <span class='ocrx_word' id='word_1_43' title='bbox 740 780 829 866; x_wconf 84' lang='grc' dir='ltr'><em>παρά</em></span> <span class='ocrx_word' id='word_1_44' title='bbox 841 791 903 850; x_wconf 85' lang='grc' dir='ltr'><em>τοῦ</em></span> <span class='ocrx_word' id='word_1_45' title='bbox 914 809 1023 869; x_wconf 91' lang='grc' dir='ltr'><em>παρα-</em></span> 
     </span>
     <span class='ocr_line' id='line_1_7' title="bbox 67 873 1019 965; baseline 0.003 -20"><span class='ocrx_word' id='word_1_46' title='bbox 67 878 198 963; x_wconf 87' lang='grc' dir='ltr'><em>βάντος.</em></span> <span class='ocrx_word' id='word_1_47' title='bbox 234 873 377 960; x_wconf 81' lang='grc' dir='ltr'><em>οὐκοῦν,</em></span> <span class='ocrx_word' id='word_1_48' title='bbox 402 885 494 962; x_wconf 83' lang='grc' dir='ltr'><em>είπερ</em></span> <span class='ocrx_word' id='word_1_49' title='bbox 510 875 547 943; x_wconf 81' lang='grc' dir='ltr'><em>τὸ</em></span> <span class='ocrx_word' id='word_1_50' title='bbox 560 885 696 964; x_wconf 77' lang='grc' dir='ltr'><em>πρᾶγμα</em></span> <span class='ocrx_word' id='word_1_51' title='bbox 714 883 807 965; x_wconf 85' lang='grc' dir='ltr'><em>δίκης</em></span> <span class='ocrx_word' id='word_1_52' title='bbox 818 886 1019 965; x_wconf 80' lang='grc' dir='ltr'><em>προσδεῖται,</em></span> 
     </span>
     <span class='ocr_line' id='line_1_8' title="bbox 67 972 1021 1067; baseline 0.005 -24"><span class='ocrx_word' id='word_1_53' title='bbox 67 991 135 1054; x_wconf 80' lang='grc' dir='ltr'><em>τοῖς</em></span> <span class='ocrx_word' id='word_1_54' title='bbox 146 972 229 1042; x_wconf 80' lang='grc' dir='ltr'><em>κατὰ</em></span> <span class='ocrx_word' id='word_1_55' title='bbox 241 989 465 1061; x_wconf 79' lang='grc' dir='ltr'><em>γραμματεῖον</em></span> <span class='ocrx_word' id='word_1_56' title='bbox 475 973 707 1064; x_wconf 78' lang='grc' dir='ltr'><em>ἡταιρηκόσιν,</em></span> <span class='ocrx_word' id='word_1_57' title='bbox 729 975 978 1065; x_wconf 72' lang='grc' dir='ltr'><em>άνάδικολνται,</em></span> <span class='ocrx_word' id='word_1_58' title='bbox 1002 978 1021 1067; x_wconf 81' lang='grc' dir='ltr'><strong><em>ἡ</em></strong></span> 
     </span>
     <span class='ocr_line' id='line_1_9' title="bbox 67 1066 1020 1161; baseline 0.004 -19"><span class='ocrx_word' id='word_1_59' title='bbox 67 1083 136 1142; x_wconf 82' lang='grc' dir='ltr'><em>τῶν</em></span> <span class='ocrx_word' id='word_1_60' title='bbox 155 1074 270 1160; x_wconf 85' lang='grc' dir='ltr'><em>νόμων</em></span> <span class='ocrx_word' id='word_1_61' title='bbox 286 1066 335 1141; x_wconf 71' lang='grc' dir='ltr'><em>οἷν</em></span> <span class='ocrx_word' id='word_1_62' title='bbox 352 1067 449 1143; x_wconf 86' lang='grc' dir='ltr'><em>ούτοί</em></span> <span class='ocrx_word' id='word_1_63' title='bbox 466 1097 570 1160; x_wconf 80' lang='grc' dir='ltr'><em>φασιν</em></span> <span class='ocrx_word' id='word_1_64' title='bbox 590 1080 763 1161; x_wconf 82' lang='grc' dir='ltr'><em>ἐπικουρία</em></span> <span class='ocrx_word' id='word_1_65' title='bbox 784 1086 1020 1148; x_wconf 86' lang='grc' dir='ltr'><em>καταλείπεται.</em></span> 
     </span>
     <span class='ocr_line' id='line_1_10' title="bbox 68 1171 1022 1266; baseline 0.003 -24"><span class='ocrx_word' id='word_1_66' title='bbox 68 1177 123 1242; x_wconf 82' lang='grc' dir='ltr'><em>καὶ</em></span> <span class='ocrx_word' id='word_1_67' title='bbox 135 1182 182 1254; x_wconf 88' lang='grc' dir='ltr'><em>τίς</em></span> <span class='ocrx_word' id='word_1_68' title='bbox 193 1171 238 1241; x_wconf 87' lang='grc' dir='ltr'><em>άν</em></span> <span class='ocrx_word' id='word_1_69' title='bbox 255 1171 272 1242; x_wconf 80' lang='grc' dir='ltr'>ὁ</span> <span class='ocrx_word' id='word_1_70' title='bbox 290 1175 387 1259; x_wconf 92' lang='grc' dir='ltr'><em>λόγος</em></span> <span class='ocrx_word' id='word_1_71' title='bbox 399 1177 558 1262; x_wconf 85' lang='grc' dir='ltr'><em>ἑκατέρου</em></span> <span class='ocrx_word' id='word_1_72' title='bbox 574 1185 694 1262; x_wconf 86' lang='grc' dir='ltr'><em>φανείη</em></span> <span class='ocrx_word' id='word_1_73' title='bbox 702 1206 711 1257; x_wconf 87' lang='grc'><strong>;</strong></span> <span class='ocrx_word' id='word_1_74' title='bbox 734 1176 778 1264; x_wconf 75' lang='grc' dir='ltr'><em>μὴ</em></span> <span class='ocrx_word' id='word_1_75' title='bbox 792 1178 856 1264; x_wconf 89' lang='grc' dir='ltr'><em>γάρ</em></span> <span class='ocrx_word' id='word_1_76' title='bbox 868 1175 926 1245; x_wconf 86' lang='grc' dir='ltr'><em>ὑπ’</em></span> <span class='ocrx_word' id='word_1_77' title='bbox 939 1184 1022 1266; x_wconf 82' lang='grc' dir='ltr'><em>ἐμοῦ</em></span> 
     </span>
     <span class='ocr_line' id='line_1_11' title="bbox 67 1274 1019 1363; baseline 0.006 -22"><span class='ocrx_word' id='word_1_78' title='bbox 67 1274 258 1360; x_wconf 84' lang='grc' dir='ltr'><em>λεγόμενον,</em></span> <span class='ocrx_word' id='word_1_79' title='bbox 267 1274 351 1342; x_wconf 86' lang='grc' dir='ltr'><em>άλλά</em></span> <span class='ocrx_word' id='word_1_80' title='bbox 362 1276 564 1361; x_wconf 87' lang='grc' dir='ltr'><em>γιγνόμενον</em></span> <span class='ocrx_word' id='word_1_81' title='bbox 575 1276 611 1343; x_wconf 85' lang='grc' dir='ltr'><em>τὸ</em></span> <span class='ocrx_word' id='word_1_82' title='bbox 624 1285 758 1362; x_wconf 80' lang='grc' dir='ltr'><em>πρᾶγμα</em></span> <span class='ocrx_word' id='word_1_83' title='bbox 770 1275 1019 1363; x_wconf 85' lang='grc' dir='ltr'><em>νομίσαθ’ὁράν.</em></span> 
     </span>
    </p>

    <p class='ocr_par' dir='ltr' id='par_1_3' title="bbox 10 1371 1088 2060">
     <span class='ocr_line' id='line_1_12' title="bbox 10 1371 1020 1463; baseline 0.002 -22"><span class='ocrx_word' id='word_1_84' title='bbox 10 1388 49 1443; x_wconf 73' lang='grc' dir='ltr'><em>,θλ</em></span> <span class='ocrx_word' id='word_1_85' title='bbox 66 1379 148 1441; x_wconf 86' lang='grc' dir='ltr'><em>ε”στω</em></span> <span class='ocrx_word' id='word_1_86' title='bbox 160 1371 224 1458; x_wconf 86' lang='grc' dir='ltr'><em>γάρ</em></span> <span class='ocrx_word' id='word_1_87' title='bbox 237 1371 254 1440; x_wconf 88' lang='grc' dir='ltr'>ὁ</span> <span class='ocrx_word' id='word_1_88' title='bbox 268 1375 329 1459; x_wconf 72' lang='grc' dir='ltr'><em>μὲν</em></span> <span class='ocrx_word' id='word_1_89' title='bbox 346 1374 604 1460; x_wconf 80' lang='grc' dir='ltr'><em>μισθωσάμενος</em></span> <span class='ocrx_word' id='word_1_90' title='bbox 622 1379 748 1454; x_wconf 89' lang='grc' dir='ltr'><em>δίκαιος</em></span> <span class='ocrx_word' id='word_1_91' title='bbox 764 1382 810 1454; x_wconf 84' lang='grc' dir='ltr'><em>είς</em></span> <span class='ocrx_word' id='word_1_92' title='bbox 825 1376 861 1443; x_wconf 81' lang='grc' dir='ltr'><em>τὸ</em></span> <span class='ocrx_word' id='word_1_93' title='bbox 875 1385 1020 1463; x_wconf 77' lang='grc' dir='ltr'><em>πρᾶγμα,</em></span> 
     </span>
     <span class='ocr_line' id='line_1_13' title="bbox 66 1469 1023 1561; baseline 0.001 -20"><span class='ocrx_word' id='word_1_94' title='bbox 66 1469 84 1541; x_wconf 91' lang='grc' dir='ltr'>ὁ</span> <span class='ocrx_word' id='word_1_95' title='bbox 104 1472 139 1541; x_wconf 79' lang='grc' dir='ltr'><em>δέ</em></span> <span class='ocrx_word' id='word_1_96' title='bbox 156 1476 340 1559; x_wconf 79' lang='grc' dir='ltr'><em>μισθωθεὶς</em></span> <span class='ocrx_word' id='word_1_97' title='bbox 357 1472 471 1552; x_wconf 84' lang='grc' dir='ltr'><em>άδικος</em></span> <span class='ocrx_word' id='word_1_98' title='bbox 488 1477 543 1541; x_wconf 86' lang='grc' dir='ltr'><em>καὶ</em></span> <span class='ocrx_word' id='word_1_99' title='bbox 560 1471 603 1560; x_wconf 78' lang='grc' dir='ltr'><em>μὴ</em></span> <span class='ocrx_word' id='word_1_100' title='bbox 622 1479 769 1561; x_wconf 87' lang='grc' dir='ltr'><em>βέβαιος,</em></span> <span class='ocrx_word' id='word_1_101' title='bbox 791 1472 924 1560; x_wconf 74' lang='grc' dir='ltr'><em>ἣπάλιν</em></span> <span class='ocrx_word' id='word_1_102' title='bbox 941 1476 1023 1543; x_wconf 91' lang='grc' dir='ltr'><em>τού-</em></span> 
     </span>
     <span class='ocr_line' id='line_1_14' title="bbox 67 1571 1020 1661; baseline 0.003 -22"><span class='ocrx_word' id='word_1_103' title='bbox 67 1571 232 1642; x_wconf 86' lang='grc' dir='ltr'><em>ναντίονὸ</em></span> <span class='ocrx_word' id='word_1_104' title='bbox 246 1577 306 1661; x_wconf 73' lang='grc' dir='ltr'><em>μὲν</em></span> <span class='ocrx_word' id='word_1_105' title='bbox 317 1578 503 1658; x_wconf 76' lang='grc' dir='ltr'><em>μισθωθείς</em></span> <span class='ocrx_word' id='word_1_106' title='bbox 514 1577 644 1658; x_wconf 89' lang='grc' dir='ltr'><em>μέτριος</em></span> <span class='ocrx_word' id='word_1_107' title='bbox 654 1577 709 1641; x_wconf 87' lang='grc' dir='ltr'><em>καὶ</em></span> <span class='ocrx_word' id='word_1_108' title='bbox 720 1582 826 1641; x_wconf 79' lang='grc' dir='ltr'><em>ποιῶν</em></span> <span class='ocrx_word' id='word_1_109' title='bbox 837 1574 877 1640; x_wconf 83' lang='grc' dir='ltr'><em>τά</em></span> <span class='ocrx_word' id='word_1_110' title='bbox 891 1571 1020 1659; x_wconf 80' lang='grc' dir='ltr'><em>ὡμολο-</em></span> 
     </span>
     <span class='ocr_line' id='line_1_15' title="bbox 65 1666 1020 1759; baseline 0.002 -20"><span class='ocrx_word' id='word_1_111' title='bbox 65 1675 202 1758; x_wconf 84' lang='grc' dir='ltr'><em>γημένα,</em></span> <span class='ocrx_word' id='word_1_112' title='bbox 217 1670 282 1740; x_wconf 80' lang='grc' dir='ltr'><em>ὁδὲ</em></span> <span class='ocrx_word' id='word_1_113' title='bbox 292 1670 354 1758; x_wconf 79' lang='grc' dir='ltr'><em>τήν</em></span> <span class='ocrx_word' id='word_1_114' title='bbox 365 1670 498 1758; x_wconf 79' lang='grc' dir='ltr'><em>ἡλικίαν</em></span> <span class='ocrx_word' id='word_1_115' title='bbox 508 1671 688 1759; x_wconf 79' lang='grc' dir='ltr'><em>προλαβάν</em></span> <span class='ocrx_word' id='word_1_116' title='bbox 699 1677 753 1741; x_wconf 81' lang='grc' dir='ltr'><em>καὶ</em></span> <span class='ocrx_word' id='word_1_117' title='bbox 764 1666 1020 1759; x_wconf 74' lang='grc' dir='ltr'><em>μισθωσάμενος</em></span> 
     </span>
     <span class='ocr_line' id='line_1_16' title="bbox 65 1769 1020 1858; baseline 0.001 -21"><span class='ocrx_word' id='word_1_118' title='bbox 65 1772 239 1851; x_wconf 78' lang='grc' dir='ltr'><em>ἐψεύσθω·</em></span> <span class='ocrx_word' id='word_1_119' title='bbox 263 1774 317 1838; x_wconf 86' lang='grc' dir='ltr'><em>καὶ</em></span> <span class='ocrx_word' id='word_1_120' title='bbox 336 1770 493 1850; x_wconf 84' lang='grc' dir='ltr'><em>δικαστάς</em></span> <span class='ocrx_word' id='word_1_121' title='bbox 509 1769 595 1857; x_wconf 80' lang='grc' dir='ltr'><em>ὑμᾶς</em></span> <span class='ocrx_word' id='word_1_122' title='bbox 611 1770 734 1851; x_wconf 81' lang='grc' dir='ltr'><em>αύτούς</em></span> <span class='ocrx_word' id='word_1_123' title='bbox 756 1772 940 1858; x_wconf 77' lang='grc' dir='ltr'><em>ὑπολάβετε</em></span> <span class='ocrx_word' id='word_1_124' title='bbox 958 1799 1020 1840; x_wconf 90' lang='grc' dir='ltr'><em>κα-</em></span> 
     </span>
     <span class='ocr_line' id='line_1_17' title="bbox 64 1868 1019 1958; baseline -0.002 -20"><span class='ocrx_word' id='word_1_125' title='bbox 64 1878 204 1956; x_wconf 83' lang='grc' dir='ltr'><em>θῆσθαι.</em></span> <span class='ocrx_word' id='word_1_126' title='bbox 249 1869 379 1937; x_wconf 84' lang='grc' dir='ltr'><em>ούκούν</em></span> <span class='ocrx_word' id='word_1_127' title='bbox 400 1868 416 1937; x_wconf 85' lang='grc' dir='ltr'><strong>ὁ</strong></span> <span class='ocrx_word' id='word_1_128' title='bbox 440 1871 678 1958; x_wconf 84' lang='grc' dir='ltr'><em>πρεσβύτερος,</em></span> <span class='ocrx_word' id='word_1_129' title='bbox 712 1868 937 1949; x_wconf 75' lang='grc' dir='ltr'><em>ἀποδοθέντος</em></span> <span class='ocrx_word' id='word_1_130' title='bbox 957 1879 1019 1937; x_wconf 81' lang='grc' dir='ltr'><em>τοῦ</em></span> 
     </span>
     <span class='ocr_line' id='line_1_18' title="bbox 65 1968 1088 2060; baseline 0.002 -25"><span class='ocrx_word' id='word_1_131' title='bbox 65 1968 187 2048; x_wconf 83' lang='grc' dir='ltr'><em>ύδατος</em></span> <span class='ocrx_word' id='word_1_132' title='bbox 212 1968 302 2060; x_wconf 77' lang='grc' dir='ltr'><em>αύτῷ</em></span> <span class='ocrx_word' id='word_1_133' title='bbox 324 1973 378 2036; x_wconf 80' lang='grc' dir='ltr'><em>καὶ</em></span> <span class='ocrx_word' id='word_1_134' title='bbox 401 1970 521 2055; x_wconf 86' lang='grc' dir='ltr'><em>λόγον,</em></span> <span class='ocrx_word' id='word_1_135' title='bbox 544 1979 739 2057; x_wconf 78' lang='grc' dir='ltr'><em>κατηγορῶν</em></span> <span class='ocrx_word' id='word_1_136' title='bbox 759 1971 839 2057; x_wconf 84' lang='grc' dir='ltr'><em>μετά</em></span> <span class='ocrx_word' id='word_1_137' title='bbox 862 1975 1020 2057; x_wconf 74' lang='grc' dir='ltr'><em>σπονδῆς,</em></span> <span class='ocrx_word' id='word_1_138' title='bbox 1038 1997 1088 2052; x_wconf 76' lang='lat'><em>152</em></span> 
     </span>
    </p>

    <p class='ocr_par' dir='ltr' id='par_1_4' title="bbox 10 2066 1020 2950">
     <span class='ocr_line' id='line_1_19' title="bbox 10 2066 1018 2157; baseline 0.003 -23"><span class='ocrx_word' id='word_1_139' title='bbox 10 2090 47 2145; x_wconf 74' lang='lat'><em>63</em></span> <span class='ocrx_word' id='word_1_140' title='bbox 63 2075 198 2155; x_wconf 83' lang='grc' dir='ltr'><em>βλέπων</em></span> <span class='ocrx_word' id='word_1_141' title='bbox 217 2069 371 2155; x_wconf 81' lang='grc' dir='ltr'><em>δηλονότι</em></span> <span class='ocrx_word' id='word_1_142' title='bbox 389 2069 472 2151; x_wconf 82' lang='grc' dir='ltr'><em>πρὸς</em></span> <span class='ocrx_word' id='word_1_143' title='bbox 489 2066 591 2156; x_wconf 78' lang='grc' dir='ltr'><em>ὑμᾶς,</em></span> <span class='ocrx_word' id='word_1_144' title='bbox 614 2073 713 2150; x_wconf 81' lang='grc' dir='ltr'><em>λέξει·</em></span> <span class='ocrx_word' id='word_1_145' title='bbox 745 2071 1018 2157; x_wconf 76' lang='grc' dir='ltr'><em>,,έμισθωσάμην,</em></span> 
     </span>
     <span class='ocr_line' id='line_1_20' title="bbox 65 2161 1019 2258; baseline 0.003 -24"><span class='ocrx_word' id='word_1_146' title='bbox 65 2161 281 2254; x_wconf 67' lang='grc' dir='ltr'><em>εἷἈθηναῖοι,</em></span> <span class='ocrx_word' id='word_1_147' title='bbox 299 2175 465 2254; x_wconf 80' lang='grc' dir='ltr'><em>Τίμαρχον</em></span> <span class='ocrx_word' id='word_1_148' title='bbox 475 2170 616 2254; x_wconf 79' lang='grc' dir='ltr'><em>ἑταιρεῖν</em></span> <span class='ocrx_word' id='word_1_149' title='bbox 627 2173 758 2258; x_wconf 77' lang='grc' dir='ltr'><em>ἐμαυτῷ</em></span> <span class='ocrx_word' id='word_1_150' title='bbox 769 2168 852 2237; x_wconf 83' lang='grc' dir='ltr'><em>κατά</em></span> <span class='ocrx_word' id='word_1_151' title='bbox 864 2168 900 2237; x_wconf 84' lang='grc' dir='ltr'><em>τὸ</em></span> <span class='ocrx_word' id='word_1_152' title='bbox 911 2197 1019 2255; x_wconf 91' lang='grc' dir='ltr'><em>γραμ-</em></span> 
     </span>
     <span class='ocr_line' id='line_1_21' title="bbox 63 2265 1019 2355; baseline 0.001 -20"><span class='ocrx_word' id='word_1_153' title='bbox 63 2283 200 2355; x_wconf 80' lang='grc' dir='ltr'><em>ματείου</em></span> <span class='ocrx_word' id='word_1_154' title='bbox 216 2267 252 2335; x_wconf 87' lang='grc' dir='ltr'><em>τδ</em></span> <span class='ocrx_word' id='word_1_155' title='bbox 273 2266 361 2351; x_wconf 84' lang='grc' dir='ltr'><em>παρά</em></span> <span class='ocrx_word' id='word_1_156' title='bbox 381 2271 593 2353; x_wconf 85' lang='grc' dir='ltr'><em>Δημοσθένει</em></span> <span class='ocrx_word' id='word_1_157' title='bbox 607 2274 808 2354; x_wconf 79' lang='grc' dir='ltr'><em>κείμενον’“</em></span> <span class='ocrx_word' id='word_1_158' title='bbox 845 2265 1019 2354; x_wconf 75' lang='grc' dir='ltr'><em>οὐδὲνγὰρ</em></span> 
     </span>
     <span class='ocr_line' id='line_1_22' title="bbox 63 2365 1019 2453; baseline -0.001 -18"><span class='ocrx_word' id='word_1_159' title='bbox 63 2368 185 2435; x_wconf 83' lang='grc' dir='ltr'><em>κωλύει</em></span> <span class='ocrx_word' id='word_1_160' title='bbox 196 2366 303 2445; x_wconf 80' lang='grc' dir='ltr'><em>οὕτως</em></span> <span class='ocrx_word' id='word_1_161' title='bbox 314 2373 484 2453; x_wconf 82' lang='grc' dir='ltr'><em>εἰρῆσθαι·</em></span> <span class='ocrx_word' id='word_1_162' title='bbox 507 2365 553 2451; x_wconf 86' lang='grc' dir='ltr'><em>,,ὁ</em></span> <span class='ocrx_word' id='word_1_163' title='bbox 569 2365 602 2434; x_wconf 87' lang='grc' dir='ltr'><em>δ’</em></span> <span class='ocrx_word' id='word_1_164' title='bbox 615 2365 656 2434; x_wconf 91' lang='grc' dir='ltr'><em>ού</em></span> <span class='ocrx_word' id='word_1_165' title='bbox 670 2382 760 2434; x_wconf 80' lang='grc' dir='ltr'><em>ποιεί</em></span> <span class='ocrx_word' id='word_1_166' title='bbox 765 2394 822 2452; x_wconf 91' lang='grc' dir='ltr'><em>μοι</em></span> <span class='ocrx_word' id='word_1_167' title='bbox 837 2366 876 2434; x_wconf 85' lang='grc' dir='ltr'><em>τά</em></span> <span class='ocrx_word' id='word_1_168' title='bbox 890 2365 1019 2453; x_wconf 77' lang='grc' dir='ltr'><em>ὡμολο-</em></span> 
     </span>
     <span class='ocr_line' id='line_1_23' title="bbox 63 2463 1020 2553; baseline -0.004 -19"><span class='ocrx_word' id='word_1_169' title='bbox 63 2470 230 2553; x_wconf 81' lang='grc' dir='ltr'><em>γημένα.“</em></span> <span class='ocrx_word' id='word_1_170' title='bbox 262 2470 315 2533; x_wconf 82' lang='grc' dir='ltr'><em>καὶ</em></span> <span class='ocrx_word' id='word_1_171' title='bbox 332 2465 421 2533; x_wconf 81' lang='grc' dir='ltr'><em>ταῦτ’</em></span> <span class='ocrx_word' id='word_1_172' title='bbox 440 2465 502 2551; x_wconf 77' lang='grc' dir='ltr'><em>ἤδη</em></span> <span class='ocrx_word' id='word_1_173' title='bbox 522 2469 652 2546; x_wconf 77' lang='grc' dir='ltr'><em>διέξεισι</em></span> <span class='ocrx_word' id='word_1_174' title='bbox 670 2467 824 2552; x_wconf 79' lang='grc' dir='ltr'><em>δηλονότι</em></span> <span class='ocrx_word' id='word_1_175' title='bbox 841 2466 924 2546; x_wconf 86' lang='grc' dir='ltr'><em>πρὸς</em></span> <span class='ocrx_word' id='word_1_176' title='bbox 941 2463 1020 2542; x_wconf 84' lang='grc' dir='ltr'><em>τούς</em></span> 
     </span>
     <span class='ocr_line' id='line_1_24' title="bbox 65 2561 1019 2650; baseline -0.002 -19"><span class='ocrx_word' id='word_1_177' title='bbox 65 2563 220 2643; x_wconf 85' lang='grc' dir='ltr'><em>δικαστάς</em></span> <span class='ocrx_word' id='word_1_178' title='bbox 239 2563 379 2650; x_wconf 82' lang='grc' dir='ltr'><em>λέγωνά</em></span> <span class='ocrx_word' id='word_1_179' title='bbox 395 2565 455 2650; x_wconf 78' lang='grc' dir='ltr'><em>χρὴ</em></span> <span class='ocrx_word' id='word_1_180' title='bbox 468 2564 528 2632; x_wconf 84' lang='grc' dir='ltr'><em>τὸν</em></span> <span class='ocrx_word' id='word_1_181' title='bbox 538 2571 692 2631; x_wconf 83' lang='grc' dir='ltr'><em>τοιοῦτον</em></span> <span class='ocrx_word' id='word_1_182' title='bbox 703 2578 819 2631; x_wconf 75' lang='grc' dir='ltr'><em>ποιεῖν.</em></span> <span class='ocrx_word' id='word_1_183' title='bbox 856 2570 966 2631; x_wconf 81' lang='grc' dir='ltr'><em>ἔπειτα</em></span> <span class='ocrx_word' id='word_1_184' title='bbox 977 2561 1019 2630; x_wconf 89' lang='grc' dir='ltr'><em>ού</em></span> 
     </span>
     <span class='ocr_line' id='line_1_25' title="bbox 64 2661 1018 2750; baseline -0.002 -18"><span class='ocrx_word' id='word_1_185' title='bbox 64 2663 371 2749; x_wconf 83' lang='grc' dir='ltr'><em>καταλευσθήσεται</em></span> <span class='ocrx_word' id='word_1_186' title='bbox 389 2661 406 2730; x_wconf 89' lang='grc' dir='ltr'>ὁ</span> <span class='ocrx_word' id='word_1_187' title='bbox 419 2664 647 2750; x_wconf 88' lang='grc' dir='ltr'><em>μισθούμενος</em></span> <span class='ocrx_word' id='word_1_188' title='bbox 662 2664 722 2730; x_wconf 89' lang='grc' dir='ltr'><em>τδν</em></span> <span class='ocrx_word' id='word_1_189' title='bbox 737 2662 918 2748; x_wconf 73' lang='grc' dir='ltr'><em>Ἀθηναῖον</em></span> <span class='ocrx_word' id='word_1_190' title='bbox 929 2663 1018 2748; x_wconf 84' lang='grc' dir='ltr'><em>παρά</em></span> 
     </span>
     <span class='ocr_line' id='line_1_26' title="bbox 63 2762 1020 2849; baseline -0.001 -18"><span class='ocrx_word' id='word_1_191' title='bbox 63 2762 143 2841; x_wconf 83' lang='grc' dir='ltr'><em>τούς</em></span> <span class='ocrx_word' id='word_1_192' title='bbox 155 2764 297 2849; x_wconf 83' lang='grc' dir='ltr'><em>νόμους,</em></span> <span class='ocrx_word' id='word_1_193' title='bbox 320 2766 374 2830; x_wconf 82' lang='grc' dir='ltr'><em>καὶ</em></span> <span class='ocrx_word' id='word_1_194' title='bbox 386 2762 590 2849; x_wconf 79' lang='grc' dir='ltr'><em>προσοφλων</em></span> <span class='ocrx_word' id='word_1_195' title='bbox 602 2762 732 2831; x_wconf 86' lang='grc' dir='ltr'><em>άπεισιν</em></span> <span class='ocrx_word' id='word_1_196' title='bbox 745 2767 779 2831; x_wconf 86' lang='grc' dir='ltr'><em>ἐκ</em></span> <span class='ocrx_word' id='word_1_197' title='bbox 791 2772 853 2831; x_wconf 83' lang='grc' dir='ltr'><em>τοῦ</em></span> <span class='ocrx_word' id='word_1_198' title='bbox 864 2770 1020 2848; x_wconf 83' lang='grc' dir='ltr'><em>δικαστη-</em></span> 
     </span>
     <span class='ocr_line' id='line_1_27' title="bbox 65 2859 1019 2950; baseline 0.002 -21"><span class='ocrx_word' id='word_1_199' title='bbox 65 2870 141 2945; x_wconf 89' lang='grc' dir='ltr'><em>ρίου</em></span> <span class='ocrx_word' id='word_1_200' title='bbox 152 2859 193 2929; x_wconf 87' lang='grc' dir='ltr'><em>ού</em></span> <span class='ocrx_word' id='word_1_201' title='bbox 205 2863 266 2947; x_wconf 75' lang='grc' dir='ltr'><em>τὴν</em></span> <span class='ocrx_word' id='word_1_202' title='bbox 277 2866 461 2948; x_wconf 79' lang='grc' dir='ltr'><em>ἐπωβελίαν</em></span> <span class='ocrx_word' id='word_1_203' title='bbox 475 2864 598 2948; x_wconf 79' lang='grc' dir='ltr'><em>μόνον,</em></span> <span class='ocrx_word' id='word_1_204' title='bbox 616 2860 700 2931; x_wconf 85' lang='grc' dir='ltr'><em>άλλά</em></span> <span class='ocrx_word' id='word_1_205' title='bbox 721 2865 774 2931; x_wconf 84' lang='grc' dir='ltr'><em>καὶ</em></span> <span class='ocrx_word' id='word_1_206' title='bbox 786 2863 890 2949; x_wconf 83' lang='grc' dir='ltr'><em>άλλην</em></span> <span class='ocrx_word' id='word_1_207' title='bbox 901 2862 1019 2950; x_wconf 84' lang='grc' dir='ltr'><em>ύβριν;</em></span> 
     </span>
    </p>
   </div>
   <div class='ocr_carea' id='block_1_3' title="bbox 12 2952 1087 3543">
    <p class='ocr_par' dir='ltr' id='par_1_5' title="bbox 12 2952 1087 3543">
     <span class='ocr_line' id='line_1_28' title="bbox 12 2952 1019 3047; baseline 0.001 -19"><span class='ocrx_word' id='word_1_208' title='bbox 12 2984 48 3039; x_wconf 78' lang='lat'><em>64</em></span> <span class='ocrx_word' id='word_1_209' title='bbox 64 2959 132 3029; x_wconf 78' lang='grc' dir='ltr'><em>ἀλλ’</em></span> <span class='ocrx_word' id='word_1_210' title='bbox 146 2959 206 3046; x_wconf 89' lang='grc' dir='ltr'><em>ούχ</em></span> <span class='ocrx_word' id='word_1_211' title='bbox 226 2952 341 3045; x_wconf 79' lang='grc' dir='ltr'><em>οὗτος,</em></span> <span class='ocrx_word' id='word_1_212' title='bbox 369 2959 469 3028; x_wconf 86' lang='grc' dir='ltr'><em>άλλ’ὁ</em></span> <span class='ocrx_word' id='word_1_213' title='bbox 491 2965 678 3047; x_wconf 76' lang='grc' dir='ltr'><em>μισθωθεὶς</em></span> <span class='ocrx_word' id='word_1_214' title='bbox 697 2962 867 3042; x_wconf 78' lang='grc' dir='ltr'><em>δικάζεται.</em></span> <span class='ocrx_word' id='word_1_215' title='bbox 899 2964 1019 3047; x_wconf 87' lang='grc' dir='ltr'><em>λεγέτω</em></span> 
     </span>
     <span class='ocr_line' id='line_1_29' title="bbox 62 3053 1087 3146; baseline 0.002 -20"><span class='ocrx_word' id='word_1_216' title='bbox 62 3059 103 3145; x_wconf 76' lang='grc' dir='ltr'><em>δὴ</em></span> <span class='ocrx_word' id='word_1_217' title='bbox 118 3057 301 3143; x_wconf 74' lang='grc' dir='ltr'><em>παρελθών</em></span> <span class='ocrx_word' id='word_1_218' title='bbox 313 3057 330 3126; x_wconf 86' lang='grc' dir='ltr'>ὁ</span> <span class='ocrx_word' id='word_1_219' title='bbox 343 3059 449 3145; x_wconf 78' lang='grc' dir='ltr'><em>σοφὸς</em></span> <span class='ocrx_word' id='word_1_220' title='bbox 461 3060 610 3138; x_wconf 84' lang='grc' dir='ltr'><em>Βάταλος</em></span> <span class='ocrx_word' id='word_1_221' title='bbox 621 3058 705 3144; x_wconf 75' lang='grc' dir='ltr'><em>ὑπὲρ</em></span> <span class='ocrx_word' id='word_1_222' title='bbox 723 3053 845 3146; x_wconf 83' lang='grc' dir='ltr'><em>αύτοῦ,</em></span> <span class='ocrx_word' id='word_1_223' title='bbox 868 3059 907 3127; x_wconf 79' lang='grc' dir='ltr'><em>ἵν’</em></span> <span class='ocrx_word' id='word_1_224' title='bbox 923 3066 1021 3128; x_wconf 47' lang='grc' dir='ltr'><em>εἰδῶ*</em></span> <span class='ocrx_word' id='word_1_225' title='bbox 1035 3088 1087 3143; x_wconf 73' lang='lat'><em>163</em></span> 
     </span>
     <span class='ocr_line' id='line_1_30' title="bbox 61 3156 1019 3246; baseline -0.001 -20"><span class='ocrx_word' id='word_1_226' title='bbox 61 3186 141 3245; x_wconf 86' lang='grc' dir='ltr'><em>μεν,</em></span> <span class='ocrx_word' id='word_1_227' title='bbox 165 3166 199 3227; x_wconf 88' lang='grc' dir='ltr'><em>τί</em></span> <span class='ocrx_word' id='word_1_228' title='bbox 217 3156 286 3226; x_wconf 87' lang='grc' dir='ltr'><em>ποτ’</em></span> <span class='ocrx_word' id='word_1_229' title='bbox 299 3163 374 3244; x_wconf 81' lang='grc' dir='ltr'><em>ἐρεῖ.</em></span> <span class='ocrx_word' id='word_1_230' title='bbox 398 3158 541 3244; x_wconf 73' lang='grc' dir='ltr'><em>,,άνδρες</em></span> <span class='ocrx_word' id='word_1_231' title='bbox 563 3162 727 3245; x_wconf 76' lang='grc' dir='ltr'><em>δικασταί,</em></span> <span class='ocrx_word' id='word_1_232' title='bbox 750 3157 959 3246; x_wconf 78' lang='grc' dir='ltr'><em>ἐμισθώσατό</em></span> <span class='ocrx_word' id='word_1_233' title='bbox 980 3185 1019 3242; x_wconf 92' lang='grc' dir='ltr'><em>με</em></span> 
     </span>
     <span class='ocr_line' id='line_1_31' title="bbox 63 3254 1019 3347; baseline -0.002 -21"><span class='ocrx_word' id='word_1_234' title='bbox 63 3261 204 3340; x_wconf 79' lang='grc' dir='ltr'><em>ἑταιρεῖν</em></span> <span class='ocrx_word' id='word_1_235' title='bbox 215 3255 305 3347; x_wconf 75' lang='grc' dir='ltr'><em>αὑτῷ</em></span> <span class='ocrx_word' id='word_1_236' title='bbox 318 3256 484 3345; x_wconf 88' lang='grc' dir='ltr'><em>άργνρίου</em></span> <span class='ocrx_word' id='word_1_237' title='bbox 495 3256 807 3345; x_wconf 80' lang='grc' dir='ltr'><em>ὁστισδηποτοῦν·“</em></span> <span class='ocrx_word' id='word_1_238' title='bbox 839 3256 940 3325; x_wconf 80' lang='grc' dir='ltr'><em>ούδέυ</em></span> <span class='ocrx_word' id='word_1_239' title='bbox 955 3254 1019 3343; x_wconf 86' lang='grc' dir='ltr'><em>γάρ</em></span> 
     </span>
     <span class='ocr_line' id='line_1_32' title="bbox 64 3355 1021 3445; baseline -0.002 -21"><span class='ocrx_word' id='word_1_240' title='bbox 64 3362 214 3445; x_wconf 80' lang='grc' dir='ltr'><em>διαφέρει</em></span> <span class='ocrx_word' id='word_1_241' title='bbox 225 3358 331 3436; x_wconf 81' lang='grc' dir='ltr'><em>οὕτως</em></span> <span class='ocrx_word' id='word_1_242' title='bbox 343 3365 513 3444; x_wconf 84' lang='grc' dir='ltr'><em>είρῆσθαι·</em></span> <span class='ocrx_word' id='word_1_243' title='bbox 541 3355 661 3444; x_wconf 82' lang='grc' dir='ltr'><em>,,κοἰγώ</em></span> <span class='ocrx_word' id='word_1_244' title='bbox 674 3357 735 3443; x_wconf 82' lang='grc' dir='ltr'><em>μέυ</em></span> <span class='ocrx_word' id='word_1_245' title='bbox 754 3356 884 3425; x_wconf 78' lang='grc' dir='ltr'><em>ἅπαντα</em></span> <span class='ocrx_word' id='word_1_246' title='bbox 895 3359 949 3424; x_wconf 82' lang='grc' dir='ltr'><em>καὶ</em></span> <span class='ocrx_word' id='word_1_247' title='bbox 961 3381 1021 3422; x_wconf 84' lang='grc' dir='ltr'><em>πε-</em></span> 
     </span>
     <span class='ocr_line' id='line_1_33' title="bbox 62 3450 1019 3543; baseline -0.002 -20"><span class='ocrx_word' id='word_1_248' title='bbox 62 3464 184 3543; x_wconf 81' lang='grc' dir='ltr'><em>ποίηκα</em></span> <span class='ocrx_word' id='word_1_249' title='bbox 197 3463 251 3525; x_wconf 79' lang='grc' dir='ltr'><em>καὶ</em></span> <span class='ocrx_word' id='word_1_250' title='bbox 263 3463 309 3525; x_wconf 85' lang='grc' dir='ltr'><em>έτι</em></span> <span class='ocrx_word' id='word_1_251' title='bbox 322 3461 375 3525; x_wconf 82' lang='grc' dir='ltr'><em>καὶ</em></span> <span class='ocrx_word' id='word_1_252' title='bbox 386 3465 453 3525; x_wconf 86' lang='grc' dir='ltr'><em>νύν</em></span> <span class='ocrx_word' id='word_1_253' title='bbox 470 3464 555 3525; x_wconf 66' lang='grc' dir='ltr'><em>ποιοί</em></span> <span class='ocrx_word' id='word_1_254' title='bbox 571 3455 654 3524; x_wconf 84' lang='grc' dir='ltr'><em>κατά</em></span> <span class='ocrx_word' id='word_1_255' title='bbox 675 3454 712 3523; x_wconf 83' lang='grc' dir='ltr'><em>τὰ</em></span> <span class='ocrx_word' id='word_1_256' title='bbox 732 3470 972 3542; x_wconf 79' lang='grc' dir='ltr'><em>γραμματείου,</em></span> <span class='ocrx_word' id='word_1_257' title='bbox 999 3450 1019 3520; x_wconf 77' lang='grc' dir='ltr'><em>ά</em></span> 
     </span>
    </p>
   </div>
   <div class='ocr_carea' id='block_1_4' title="bbox 0 0 1174 3916">
    <p class='ocr_par' dir='ltr' id='par_1_6' title="bbox 0 0 1174 3916">
     <span class='ocr_line' id='line_1_34' title="bbox 0 0 1174 3916; baseline 0 2"><span class='ocrx_word' id='word_1_258' title='bbox 0 0 1174 3916; x_wconf 95' lang='lat' dir='ltr'><em> </em></span> 
     </span>
    </p>
   </div>
  </div>
 </body>
</html>
