2340 3916
241 206 333 259 ΠΕΡΙ
351 208 426 258 ΤΗΣ
445 206 545 259 ΠΡΟΣ
564 205 697 259 ΛΑΚΕΔ.
717 206 892 261 ΕΙΡΗΝΗΣ.
997 206 1040 271 65

70 348 259 436 πιτήδειον,
284 346 383 435 ἀτελή
410 348 471 435 τήν
495 347 634 436 γνύμην
658 346 773 417 αύτῶν
798 354 951 437 ποιήσαι,
982 351 1038 419 καί

69 450 153 538 μήτε
177 452 214 519 έν
233 450 343 542 τούτῳ
361 450 442 538 μήτε
461 452 498 519 ἐν
522 451 625 542 ἑτέρῳ
643 475 690 541 τῳ
708 464 779 530 τοϊς
802 449 902 538 ύμάν
921 449 1037 521 αύταῑυ

70 555 239 638 ἐχθίστοις
256 551 434 641 ὁμόψηφοί
449 576 529 621 ποτε
547 552 701 639 γένησθε.

543 851 573 914 3.

87 986 215 1061 ΠΕΡΙ
240 986 347 1062 ΤΗΣ
374 983 515 1062 ΠΡΟΣ
542 984 1020 1062 ΛΑΚΕΔΑΙΜΟΝΙΟΤΣ

433 1105 680 1180 ΕΙΡΗΝΗΣ.

455 1256 657 1310 ΤΠΟΘΕΣΙΣ.

159 1378 222 1437 Τού
234 1374 408 1456 Ἑλληνικοῦ
423 1374 632 1457 μηκυνομένου
647 1374 792 1455 πολέμου,
814 1375 864 1437 καί
878 1368 970 1453 πολλά
985 1378 1041 1455 μέν

110 1458 290 1540 Ἀθηναίων
304 1461 382 1523 κακά
397 1461 489 1523 πολλά
504 1460 537 1523 δὲ
551 1460 802 1540 Λακεδαιμονίων
815 1458 1042 1540 ὑπομεινάντων

117 1545 167 1607 καί
179 1554 238 1608 τῶν
250 1545 395 1628 ἑκατέρων
405 1544 579 1626 συμμάχων,
588 1543 747 1624 Ἀθηναῖοι
758 1544 896 1626 πρέσβεις
907 1541 1041 1607 ἀπέστει-

111 1635 169 1692 λαν
179 1630 522 1713 πρδςΛακεδαιμονίους
532 1629 764 1711 αὐτοκράτορας·
782 1623 827 1692 οἷν
842 1628 902 1690 ἐστι
913 1629 962 1691 καὶ
973 1626 1040 1691 Ἀν-

112 1715 243 1795 δοκίδης.
274 1718 365 1777 τινῶν
385 1714 418 1777 δὲ
441 1713 654 1796 προταθέντων
674 1714 754 1795 παρά
778 1714 1040 1793 Λακεδαιμονίων,

111 1799 163 1861 καί
186 1796 426 1862 ἀποστειλάντων
450 1799 598 1862 κάκείνων
620 1800 716 1871 ἰδίους
741 1795 905 1880 πρέσβεις,
940 1796 1041 1874 ἔδοξεν

112 1882 191 1947 ύύστε
212 1885 284 1948 εἴσω
306 1885 525 1966 τεσσαράκοντα
546 1880 666 1964 ήμεροίν
687 1881 962 1963 ἐπιβουλεύσασθαι
988 1881 1041 1943 τὸν

112 1970 211 2049 δῆμον
238 1969 305 2050 περὶ
336 1972 387 2048 τής
414 1969 543 2049 εἰρήνης.
584 1968 635 2031 καί
654 1967 702 2029 έπί
728 1967 842 2042 τούτοις
865 1964 1041 2047 Ἀνδοκίδης

119 2054 315 2135 συμβουλεύει
336 2061 397 2127 τοῖς
410 2051 584 2134 Ἀθηναίοις
599 2050 821 2128 καταδέξασθαι
837 2051 893 2131 τήν
907 2051 1039 2135 εἰρήνην.

103 2139 192 2199 ’Ἐστι
205 2141 261 2219 μὲν
276 2131 333 2200 ούυ
348 2141 519 2220 συμβουλῆς
535 2137 567 2200 τδ
582 2131 676 2213 είδος·
700 2137 864 2216 κεφάλαιον
878 2136 910 2199 τὸ
925 2135 1040 2217 συμφέ-

113 2247 174 2304 ρον.
205 2224 366 2305 Φιλόχορος
381 2222 436 2303 μὲν
451 2218 508 2286 οὖν
524 2222 600 2304 λέγει
619 2222 792 2285 καίέλθεῖν
813 2222 881 2295 τούς
902 2221 1040 2304 πρέσβεις

69 2358 71 2363 .
114 2307 147 2369 ἐκ
159 2310 413 2388 Λακεδαιμονίας,
429 2308 480 2371 καί
493 2306 663 2389 ἀπράκτους
675 2304 818 2370 ἀνελθεῖν
831 2303 872 2387 μή
882 2309 1040 2382 πείσαντος

113 2402 165 2455 τοῦ
183 2390 374 2455 Ἀνδοκίδου·
402 2391 418 2455 δ
439 2392 472 2455 δὲ
494 2389 654 2466 Διονύσιος
675 2391 772 2454 νόθου
794 2386 873 2453 εἰναι
892 2389 969 2472 λέγει
989 2390 1041 2453 τὸν

112 2478 211 2558 λόγον.

136 2600 210 2672 Ὅτι
227 2603 290 2690 μὲν
304 2603 442 2693 εἰρήνην
456 2613 626 2672 ποιεῖσθαι
644 2604 780 2669 δικαίαν
793 2598 933 2687 ἀμεινόν
949 2602 1038 2669 ἐστιν
1058 2628 1072 2675 1

69 2699 90 2791 ή
109 2712 285 2793 πολεμεῖν,
309 2706 442 2774 δοκεῖτέ
456 2733 511 2792 μοι
530 2695 746 2790 ἀἈθηυαῑοι
763 2700 888 2780 πάντες
912 2701 1040 2788 γιγνοί-

71 2826 179 2875 σκειν·
205 2803 256 2874 ὅτι
274 2806 312 2876 δὲ
330 2812 366 2876 οἰ
388 2807 525 2895 ῥήτορες
549 2808 596 2898 τῷ
623 2804 686 2892 μὲν
710 2802 850 2892 ὀνόματι
867 2808 928 2890 τῆς
946 2804 1036 2893 εἰρή-

70 2935 131 2995 νης
157 2910 392 2998 συγχωρούσι,
416 2923 487 2988 τοῖς
512 2908 547 2975 δ’
577 2914 686 2995 ἔργοις
711 2904 773 2993 ἀφ’
801 2895 850 2974 ὧν
878 2903 899 2992 ή
924 2905 1040 2994 εἰρήνη

70 3012 203 3096 γένοιτο
235 3008 309 3100 (ἀν)
344 3013 595 3097 ἐναντιοῦνται,
630 3013 732 3077 τοῦτο
767 3007 806 3077 δὲ
841 3002 882 3075 ού
916 3006 1042 3087 πάντες

71 3112 313 3205 αἰσθάνεσθε..
333 3113 470 3199 λέγουσι
499 3111 566 3200 γάρ
598 3108 643 3191 ἀς
675 3116 743 3180 ἔστι
767 3108 961 3179 δεινότατον
992 3114 1040 3201 τῷ

140 3260 187 3310 Or.
206 3260 256 3311 111.
278 3259 313 3313 Π.
337 3260 368 3315 Τ.
388 3258 497 3312 ΠΡΟΣ
512 3259 594 3310 ΛΑΚ.
617 3256 815 3316 ΕΙΡΗΝΗΣῚ
830 3253 904 3335 ’περί
927 3253 978 3320 τῆς
1002 3250 1043 3306 εἰ·

71 3320 159 3408 ρήήης
176 3329 263 3393 Harp.
284 3333 312 3378 et
330 3328 385 3407 vit:
405 3329 473 3390 513.
485 3354 519 3364 -
535 3322 663 3407 moa]
682 3318 958 3392 ἐπιβουλευσασθαι]
974 3320 1042 3385 βου·

72 3395 233 3447 λευσασθαι
253 3395 279 3446 S.
299 3422 333 3432 -
351 3394 384 3447 δε
404 3400 468 3461 post
485 3395 650 3461 κεφαλαιον
661 3393 723 3444 add.
738 3410 763 3448 v.
778 3398 842 3445 ante
856 3390 907 3443 Bk.
922 3388 1041 3456 (Dobs.).

73 3489 106 3498 -
125 3455 300 3515 ἐπανελθεῖν
318 3463 479 3515 Reiskiana.
496 3489 529 3498 -
548 3452 683 3522 διόυυσος
701 3461 756 3513 AB.

140 3534 163 3585 1.
182 3523 288 3590 πάντες
308 3537 336 3582 et
348 3526 380 3582 δὲ
400 3536 461 3597 post
474 3530 559 3583 τοῦτο
578 3528 638 3584 add.
652 3529 698 3581 AB
712 3529 765 3581 Bk.
776 3516 858 3579 -ἀν
877 3524 942 3583 αδδ.
956 3524 1044 3581 Dobr.

122 3621 263 3664 Ακαοαιυιω.
822 3615 839 3665 ί)
