2340 3916
143 192 163 254 8
429 228 432 232 ·
494 194 753 252 ΑΙΣΧΙΝΟΥ

148 361 245 435 σθαι,
264 350 342 429 τούς
355 352 390 418 δὲ
400 349 443 437 μη
456 357 676 436 πειθομένους
694 352 859 433 κολάζειν,
886 359 917 421 εί
926 359 979 421 δεῖ
986 352 1025 420 τό
1038 362 1096 440 τῆς

148 452 275 527 πόλεως
286 455 496 535 καλωςέχειν.
518 454 688 530 σκέψασθε
698 445 997 537 γάρ,ύἈθηναῖοι,
1009 451 1096 536 ὅσην

148 549 310 631 πρόνοιαν
322 549 396 629 περλ
409 549 628 633 σωφροσύνης
641 549 816 635 ἐποιήσατο
839 545 857 617 ὁ
870 550 991 617 Σόλων
1009 552 1095 617 έκεῖ-

148 673 221 731 νος,
235 642 252 713 ὁ
264 644 403 724 παλαιός
416 655 617 733 νομοθέτης,
640 651 694 716 καὶ
707 646 723 716 ὁ
736 650 884 731 Δράκων
901 651 1002 716 καλοί
1011 647 1094 716 κατά

147 745 226 822 τούς
243 745 385 830 χρόνους
403 747 550 823 ἐκείνους
566 749 755 831 νομοθέται,
790 757 923 834 πρῶτον
943 747 1006 832 μὲν
1026 745 1123 832 γάργ

148 845 394 929 ἐνομοθέτησαν
406 844 480 927 περὶ
491 851 549 929 τῆς
560 844 781 930 σωφροσύνης
799 854 867 912 ταῖν
884 852 1014 914 παίδων
1026 853 1096 912 τῶν

98 955 133 1009 33
149 937 334 1024 ἡμετέρων,
352 942 407 1008 καλ
425 942 606 1027 διαρρήδην
624 940 798 1022 ἀπέδειξαν
810 942 832 1010 δι’
845 944 905 1030 χρὴ
920 942 980 1011 τόν
992 948 1095 1010 παῖδα

147 1037 208 1104 τόν
219 1040 397 1122 ἐλεύθερον
407 1041 611 1125 ἐπιτηδεύειν
622 1043 675 1109 καὶ
687 1040 730 1120 ὥς
741 1047 793 1109 δεῖ
801 1040 905 1110 αὐτόν
914 1051 1095 1128 τραφῆναι,

148 1143 258 1203 ἔπειτα
271 1138 429 1221 δεύτερον
439 1140 512 1222 περὶ
525 1146 592 1205 τῶν
603 1146 798 1224 μειρακίων,
810 1146 921 1222 τρίτον
931 1138 961 1206 δ’
976 1143 1096 1225 ἑφεξῆς

147 1238 221 1317 περὶ
233 1243 300 1301 των
312 1235 421 1302 άλλων
432 1233 585 1321 ἡλικιῶν,
605 1235 646 1302 ού
657 1237 764 1320 μόνον
775 1239 850 1320 περὶ
861 1244 930 1303 τῶν
939 1240 1095 1320 ίδιωτωυ,

147 1331 230 1399 άλλά
243 1335 297 1399 καὶ
309 1335 460 1414 περὶτῶν
472 1333 632 1418 ρητόρων.
663 1336 717 1399 καὶ
729 1334 867 1410 τούτους
878 1333 957 1410 τούς
967 1332 1097 1416 νόμους

148 1430 398 1515 άναγράψαντες
410 1429 489 1515 ύμῖν
507 1434 795 1516 παρακατέθεντο,
818 1433 872 1497 καὶ
884 1427 970 1513 ὑμᾶς
982 1427 1096 1495 αὐτῶν

147 1532 328 1614 ἐπέστησαν
340 1528 500 1613 φύλακας.
536 1527 699 1614 βούλομαι
717 1525 756 1612 δη
769 1529 823 1594 καλ
836 1527 898 1610 ε’γιδ
916 1527 993 1592 νυνλ
1007 1524 1093 1609 πρὸς
1109 1551 1128 1600 8

147 1625 299 1713 ὑμάςτόν
308 1625 742 1712 αύτόντρόπονχρήσασθαι
753 1626 907 1715 τῷλόγῳ,
916 1623 1095 1710 όνπερτοῐς

146 1727 259 1812 νόμοις
277 1723 294 1794 ὁ
312 1730 504 1812 νομοθέτης.
534 1734 668 1809 πρῶτον
690 1727 751 1811 μἐν
768 1725 832 1812 γάρ
856 1728 988 1810 διέξειμι
1010 1723 1096 1808 πρὸς

146 1823 231 1910 ὑμᾶς
243 1824 321 1903 τούς
333 1826 468 1909 νόμους,
487 1830 521 1890 οἳ
538 1838 662 1890 κεῖνται
672 1826 746 1906 περὶ
757 1831 814 1909 τῆς
832 1820 1008 1907 εὐκοσμίας
1025 1826 1095 1888 τιδυ

146 1927 274 1989 παίδων
285 1929 352 1988 των
365 1919 547 2008 ἡμετέρων,
560 1926 668 1987 ἔπειτα
681 1920 838 2004 δεύτερον
849 1919 927 1996 τούς
938 1921 1013 2001 περὶ
1025 1926 1096 1986 τῶν

146 2028 339 2106 μειρακίων,
351 2025 461 2100 τρίτον
473 2016 503 2082 δ’
519 2020 634 2103 ἑφεξῆς
644 2016 722 2094 τούς
733 2019 807 2099 περὶ
820 2025 886 2084 τω”ν
898 2016 1009 2085 ἄλλων
1020 2014 1095 2102 ηλι-

146 2126 237 2188 κιοίν.
270 2116 358 2184 οὕτω
379 2114 442 2200 γάρ
464 2115 508 2183 άν
529 2141 584 2198 μοι
608 2114 747 2199 μάλιστα
769 2113 994 2200 ὑπολαμβάνω
1014 2113 1095 2192 τούς

147 2218 268 2303 λόγους
283 2215 441 2300 εὐμαθεῖς
451 2220 617 2299 γενέσθαι.
651 2213 718 2300 άμα
737 2216 773 2283 δὲ
792 2217 843 2282 καὶ
862 2215 1042 2302 βούλομαι,
1067 2208 1094 2281 ὦ

143 2314 323 2401 Ἀθηναῖοι,
337 2319 584 2398 προδιεξελθεῖυ
595 2320 728 2399 πρῶτον
739 2315 822 2398 πρός
833 2310 932 2398 ὑμᾶς,
941 2310 985 2392 ὦς
996 2320 1094 2400 έχου-

96 2430 131 2482 34
147 2436 201 2480 σιν
218 2418 252 2481 οί
267 2413 365 2497 νόμοι
382 2414 456 2494 περὶ
473 2419 530 2498 τῆς
554 2413 695 2496 πόλεως,
717 2414 819 2481 πάλιν
839 2415 875 2481 δὲ
891 2412 971 2499 μετά
991 2422 1093 2481 τοῦτο

147 2510 357 2591 ἀντεξετάσαι
375 2509 453 2588 τούς
469 2511 615 2593 τρόπους
632 2510 708 2588 τούς
730 2512 913 2597 Τιμάρχου·
937 2510 1095 2599 εὑρήσετε

146 2608 209 2695 γάρ
222 2608 326 2676 αὐτόν
338 2611 492 2686 ἐναντίως
503 2607 605 2675 ἅπασι
615 2624 682 2688 τοῖς
692 2610 808 2695 νόμοις
819 2611 1012 2696 βεβιωκότα.

224 2705 261 2771 Ὁ
276 2705 341 2792 γάρ
359 2709 543 2793 νομοθέτης
559 2715 693 2793 πρῶτον
710 2710 772 2794 μὲν
788 2725 855 2786 τοῖς
873 2709 1092 2794 διδασκάλοις,
1110 2738 1128 2790 9

147 2802 194 2885 οἷς
206 2807 238 2884 ἐξ
250 2803 396 2891 άνάγκης
407 2809 742 2892 παρακατατιθέμεθα
752 2806 831 2885 τούς
840 2804 1019 2893 ἡμετέρους
1030 2806 1094 2874 αύ-

146 2914 215 2971 τωιι
227 2910 360 2988 παῖδας,
383 2903 431 2983 οἷς
443 2909 532 2972 ἐστιν
548 2901 640 2990 ὁμὲν
651 2910 722 2989 βίος
740 2902 805 2973 άπό
820 2914 881 2972 τοῦ
892 2919 1093 2989 σωφρονεῖν,

146 3001 165 3089 η
179 3001 209 3070 δ’
223 3001 345 3088 άπορία
357 3007 392 3070 έκ
403 3011 471 3069 τῶν
482 3006 657 3087 ἐναντίων,
669 3002 758 3088 ὅμως
770 3001 918 3070 άπιστεῖν
930 3009 1093 3087 φαίνεται,

146 3104 199 3169 καλ
210 3099 612 3188 διαρρηδηνάποδείκνυσι
622 3100 825 3185 πρῶτονμὲν
834 3098 877 3186 ἢν
888 3099 1095 3183 ω’ρανπροσ-

145 3200 218 3286 η’κει
231 3202 315 3268 ι’έναι
327 3199 386 3266 τδυ
397 3203 496 3264 παῖδα
508 3195 569 3265 τδν
586 3199 767 3285 ἐλεύθερον
779 3205 825 3277 είς
835 3197 1094 3266 τδδιδασκαλεῖ-

146 3322 201 3377 ον,
224 3303 334 3363 ἔπειτα
355 3292 434 3379 μετά
458 3294 573 3362 πόσων
596 3300 725 3363 παίδων
747 3298 881 3362 εἰσιέναι
903 3296 957 3362 καὶ
968 3301 1092 3380 πηνίκα
1112 3327 1145 3379 10

145 3390 286 3475 ἀπιέναι,
296 3393 349 3459 καὶ
361 3390 439 3472 τοὺς
447 3392 665 3472 διδασκάλους
676 3391 715 3460 τά
729 3398 938 3462 διδασκαλεῖα
952 3395 1005 3461 καὶ
1015 3391 1096 3472 τούς
