2340 3916
137 165 180 228 88
489 165 636 222 ΑΙΣΧΙ
642 166 674 222 Ν
682 165 745 222 OT

67 347 122 404 203
138 327 290 411 πρέσβεις
302 326 338 391 έν
354 329 400 410 τῷ
419 329 600 410 στρατηγίῳ
615 330 662 411 τῷ
679 320 834 412 ὑμετέρῳ.
869 323 1046 408 τετόλμηκε
1058 321 1097 389 δὲ
1109 329 1147 385 86

140 421 223 506 πρός
234 422 319 508 ὑμᾶς
331 429 435 489 είπείν
449 418 466 488 ὁ
478 420 679 505 κατήγορος,
700 418 745 498 ῶς
761 417 824 486 ἀπό
838 428 906 486 τῶν
918 424 1017 501 ίερῶν
1029 422 1093 502 ἐγω

28 514 31 519 ’
138 522 369 608 Κριτόβουλον
383 519 535 606 ἀπήλασα
546 517 605 585 τόν
617 517 822 603 πρεσβευτὴν
832 516 892 586 τόν
904 516 991 600 παρά
1009 524 1095 601 Κερ-

141 625 340 710 σοβλέπτου,
352 617 528 705 παρόντων
540 617 602 704 μὲν
612 625 685 707 τῶν,
692 617 886 703 συμμάχων,
909 619 1094 702 ἐψηφισμέ-

140 749 203 789 νου
218 722 253 789 δέ
270 728 330 788 τοῦ
350 721 474 806 δήμου,
498 719 789 802 παρακαθημένων
809 717 845 785 δὲ
866 725 935 783 τῶν
952 736 1094 800 στρατη-

138 831 228 908 γῶν,
251 823 361 888 πόθεν
379 818 544 904 τοσαύτην
566 820 680 905 ρῶμην
697 817 826 904 λαβῶν;
859 817 880 902 ἢ
902 826 971 894 πῶς
992 813 1035 884 ἀν
1054 813 1092 882 τό

140 929 276 1006 πρᾶγμα
288 920 444 1005 έσιγήθη;
466 925 495 986 εί
506 916 538 985 δ’
552 916 617 1002 ἀρα
629 916 691 1000 ἐγώ
703 917 852 1000 ἐτόλμων
861 924 960 982 τοῦτο
973 930 1091 998 ποιεῖν,

139 1023 316 1102 ἐπέτρεψας
327 1016 387 1105 ἀν,
399 1011 426 1085 ῶ
438 1015 666 1103 Δημόσθενες,
684 1018 738 1083 καὶ
750 1014 811 1083 οὐκ
824 1018 1004 1101 ἐνέπλησας
1012 1023 1094 1107 βοῆς

140 1119 195 1185 καὶ
213 1124 359 1202 κραυγῆς
375 1117 435 1202 τὴν
454 1112 596 1200 ἀγοράν,
619 1112 708 1199 ὁρῶν
725 1140 780 1200 με,
805 1114 849 1193 ῶς
871 1121 951 1200 έφης
963 1113 1092 1197 ἀρτίως,

142 1212 299 1283 ῶθοῦντα
312 1212 377 1281 ἀπό
395 1222 462 1281 τῶν
474 1219 573 1298 ίερῶν
590 1212 650 1280 τόν
662 1213 885 1299 πρεσβευτήνς
906 1220 1044 1281 καλείτω
1057 1216 1097 1278 δέ

143 1340 199 1399 μοι
209 1311 286 1391 τοὺς
299 1311 500 1398 στρατηγοὺς
517 1310 534 1380 ὁ
553 1315 656 1398 κῆρυξ
676 1314 730 1379 καὶ
741 1311 819 1389 τοὺς
831 1315 1014 1396 συνέδρους
1025 1319 1094 1377 τῶν

144 1411 343 1498 συμμάχων,
355 1414 408 1478 καλ
419 1409 476 1488 τάς
486 1418 667 1496 μαρτυρίας
679 1406 792 1477 αὐτῶν
803 1408 976 1477 ἀκούσατε.

488 1513 747 1575 ΜΑΡΤΤΡῙΑΙ.

229 1604 302 1673 Οόκ
315 1599 379 1673 οὖν
390 1605 516 1687 δεινόν,
540 1598 568 1672 ῶ
581 1605 768 1691 Ἀθηναῖοι,
792 1615 824 1673 εί
832 1632 880 1683 τις
890 1602 956 1672 κατ’
970 1602 1094 1686 ἀνδρός
1107 1611 1142 1665 87

72 1724 126 1780 264
140 1709 287 1789 πολίτου,
301 1702 360 1795 οάχ
373 1706 509 1789 ἑαυτοῦ,
522 1701 589 1771 ἀλλ’
604 1701 780 1790 ὑμετέρου,
802 1713 900 1771 τοῦτο
912 1703 976 1788 γάρ
989 1725 1093 1788 προσ-

143 1807 359 1888 διορθοῦμαι,
371 1810 477 1889 τολμᾷ
485 1811 663 1888 τηλικαῦτα
674 1803 957 1889 καταψεύδεσθαι,
976 1807 1094 1869 κινδυ-

144 1900 301 1978 νεύοντος
321 1898 404 1982 ὑπὲρ
421 1908 483 1967 τοῦ
500 1899 666 1985 σῶματος;
696 1896 717 1986 η’
735 1910 803 1980 πῶς
820 1901 883 1968 οὐκ
907 1903 1039 1978 εἰκότως
1062 1905 1097 1967 οἱ

144 2000 280 2081 πατέρες
302 1995 398 2082 ἡμῶν
419 2001 455 2065 έν
474 2013 544 2075 ταῖς
565 2015 716 2082 φονικαῖς
733 2004 838 2077 δίκαις
854 2003 906 2068 ἐπὶ
916 2003 1094 2086 Παλλαδίῳ

143 2099 332 2174 κατέδειξαν
348 2098 525 2179 τέμνοντας
542 2094 582 2162 τά
600 2098 697 2181 τόμια
709 2096 787 2176 τούς
804 2107 966 2178 νικῶντας
975 2108 1016 2187 τῇ
1027 2101 1094 2184 ψη-

74 2222 127 2277 255
143 2220 196 2282 φφ
209 2197 444 2277 ἐξορκίζεσθαι,
464 2197 627 2262 καὶτοῦτο
640 2193 718 2281 ὑμῖν
730 2198 871 2282 πάτριόν
882 2200 972 2265 ἐστιν
982 2203 1028 2264 ε”τι
1040 2199 1095 2265 καλ

143 2302 225 2378 νῦν,
248 2289 377 2377 τάληθῆ
394 2295 448 2360 καὶ
460 2290 499 2360 τά
518 2297 627 2362 δίκαια
639 2301 838 2381 ψηφίζεσθαι
850 2304 917 2362 τῶν
929 2301 1095 2363 δικαστῶν

143 2394 217 2463 ὅσοι
230 2391 291 2481 τὴν
302 2402 416 2480 ψῆφον
426 2394 572 2482 ἤνεγκαν
582 2395 684 2484 αὐτῷ,
696 2399 750 2465 καί
761 2404 882 2479 ψεῦδος
891 2398 994 2484 μηδὲν
1005 2404 1095 2483 εἰρη-

143 2498 252 2576 κέναι,
279 2500 308 2562 εί
318 2494 353 2561 δέ
364 2493 425 2580 μη,
449 2496 548 2583 ἐξῶλη
561 2495 664 2564 αὐτόν
676 2496 760 2564 εἶναι
770 2501 959 2579 ἐπαρᾶσθαι
969 2500 1024 2565 καὶ
1035 2496 1096 2582 τὴν

144 2599 252 2661 οἰκίαν
274 2591 334 2678 τὴν
356 2592 477 2679 αὑτοῦ,
501 2610 566 2673 τοῖς
585 2598 620 2663 δέ
638 2600 805 2674 δικασταῖς
822 2593 978 2680 εὔχεσθαι
989 2593 1096 2662 πολλοὶ

144 2694 198 2759 καὶ
213 2691 325 2777 ἀγαθά
341 2692 439 2773 εἶναι;
471 2696 526 2761 καὶ
545 2694 632 2779 μάλα
651 2692 763 2778 ὀρθῶς
780 2698 835 2761 καὶ
856 2701 1046 2776 πολιτικῶς,
1070 2685 1097 2759 ῶ

140 2787 325 2876 Ἀθηναῖοι·
358 2799 388 2860 εί
403 2790 467 2878 γάρ
486 2795 597 2877 μηδεὶς
610 2791 654 2859 ἀν
673 2791 766 2879 ὑμῶν
777 2791 898 2861 ἑαυτὸν
909 2790 1097 2876 ἀναπλῆσαι
1112 2797 1148 2851 88

145 2888 255 2973 φόνου
267 2894 396 2956 δικαίου
406 2890 571 2975 βούλοιτο,
583 2884 607 2976 ἦ
617 2917 683 2958 που
695 2891 812 2959 ἀδίκου
822 2917 859 2976 γε
871 2889 1040 2977 φυλάξαιτ’
1054 2888 1097 2955 ἀν

145 2984 206 3071 τὴν
223 2987 332 3073 ψυχὴν
342 2984 365 3074 ἢ
376 2987 438 3074 την
456 2988 575 3057 οὐσίαν
589 2986 611 3076 ἢ
623 2990 684 3076 την
696 2995 860 3077 ἐπιτιμίαν
870 2990 960 3068 τινός
971 2987 1098 3073 ἀφελό-

144 3108 260 3168 μενος,
272 3090 304 3165 ἐξ
317 3078 365 3153 ῶν
377 3084 499 3166 αὐτους
512 3086 698 3176 ἀνηρήκασί
707 3116 807 3177 τινες,
830 3094 864 3156 οί
877 3088 912 3156 δὲ
924 3090 978 3155 καλ
992 3093 1097 3173 δημο-

145 3185 435 3271 σίᾳέτελεότησαν.
468 3179 516 3270 ἀρ’
532 3180 609 3273 οὖν,
635 3181 856 3273 ῶἈθηυαίοι,
875 3185 973 3273 δοίητ’
986 3185 1029 3252 ἀν
1040 3212 1097 3272 μοι

73 3291 130 3352 m
143 3284 363 3371 συγγυῶμηυ,
386 3289 416 3352 εί
432 3291 582 3353 κίναιδον
599 3284 704 3353 αὐτόν
715 3283 968 3372 προσειπῶνκαλ
980 3282 1024 3371 μὴ
1035 3312 1098 3352 κα-

144 3383 336 3467 θαρεύοντα
348 3391 394 3469 τῷ
407 3383 543 3471 σῶματι,
559 3382 638 3471 μηδ’
652 3384 736 3453 ὅθεν
747 3383 806 3471 τήν
819 3383 937 3470 φωνην
948 3382 1097 3470 ἀφίησιν,
