2340 3916
285 238 416 295 ΚΑΤΑ
440 239 819 300 ΚΤΗΣΙΦΩΝΤΟΣ.
955 240 1015 304 155

66 397 236 479 χιομένον·
269 405 336 463 ῖστε
352 396 492 475 τούτους
509 394 619 482 αύτολ,
643 401 697 466 καὶ
706 397 806 468 ούδέν
818 402 938 489 ἑτέρων
949 410 1017 472 δεῖ-

67 502 130 558 σθε
141 493 336 577 μαρτύρων,
358 498 432 578 τέλη
443 493 650 578 πεπραχότας
660 498 714 564 καὶ
725 498 873 583 χρήματα
886 503 1016 588 λαμβά-

67 618 186 669 νοντας
197 595 233 657 ἐκ
243 599 306 659 τοῦ
318 597 411 679 ἱεροῦ
423 594 563 677 λιμένος.
572 599 594 634 “
626 589 693 679 ἅμα
705 594 740 661 δὲ
751 592 1015 682 ἀναγιγνώσκειν

67 692 220 759 ἐκέλευον
237 690 348 770 αύτοῖς
363 688 425 777 την
442 698 601 777 μαντείαν
621 700 683 759 τοῦ
704 701 806 779 θεοῦ,
829 692 890 761 τόν
910 695 1014 778 ὅρκου

67 798 134 856 των
145 792 340 877 προγόνων,
364 790 426 876 την
437 787 524 873 ἀρὰν
534 789 596 876 τὴν
610 794 810 877 γενομένην,
835 795 1015 875 καὶδιωρι-
1032 812 1083 863 511

15 900 49 953 20
65 889 181 974 ζύμην,
204 887 255 956 ότι
272 888 359 976 ,ἐγώ
376 891 438 975 μέν
457 887 539 972 ὑπὲρ
557 897 616 956 τού
634 890 743 976 δήμου
757 900 818 957 του
826 888 1014 977 Ἀθηναίων

65 990 119 1053 καί
135 996 196 1055 τοῦ
213 988 364 1073 σοόματος
375 991 507 1054 καὶτῶν
518 989 646 1054 τέκνων
656 990 711 1055 καὶ
729 995 833 1066 οἰκίαις
843 997 900 1074 της
911 993 1014 1075 ἐμαυ-

65 1094 126 1151 τοῦ
144 1093 262 1172 βοηθῶ
279 1084 360 1152 κατά
378 1084 439 1153 τόν
457 1084 560 1169 ὅρκου
577 1087 632 1153 καὶ
649 1093 694 1175 τᾷ
711 1094 783 1176 θεῷ
801 1088 855 1154 καὶ
868 1095 909 1175 τῇ
919 1095 961 1173 γῇ
973 1098 1014 1175 τᾷ

65 1187 136 1270 ίερᾷ
149 1185 203 1249 καὶ
220 1187 302 1267 χειρὶ
318 1186 373 1251 καὶ
390 1187 465 1251 ποδὶ
477 1187 531 1252 καὶ
543 1192 642 1272 φωνῇ
658 1185 714 1251 καὶ
725 1194 827 1252 πᾶσιν
844 1185 893 1264 οἷς
909 1187 1015 1253 δύνα-

64 1310 138 1367 μαι,
161 1284 215 1348 καὶ
226 1280 286 1367 την
304 1282 402 1350 πόλιν
417 1282 478 1366 την
491 1279 653 1368 ἡμετέραν
665 1281 704 1350 τά
722 1281 805 1366 πρός
821 1283 899 1363 τούς
910 1282 1015 1362 θεούς

65 1378 209 1463 ἀφοσιῶ·
233 1377 327 1464 ὑμεῖς
345 1378 373 1446 δ’
387 1379 472 1465 ύπδρ
488 1378 584 1466 ύμιόν
595 1379 708 1449 αύτων
723 1382 786 1469 ἤδη
797 1386 1011 1469 βουλεύεσθε.

65 1484 219 1563 ἐνῆρκται
239 1476 350 1562 μὲυτά
371 1487 459 1545 κανᾶ
464 1531 473 1562 ,
496 1482 678 1566 παρέστηκε
696 1481 731 1548 δὲ
751 1496 818 1559 τοῖς
835 1489 958 1567 βωμοῖς
975 1481 1014 1547 τοὶ
1031 1497 1083 1549 512

63 1578 215 1664 θύματα,
228 1576 403 1662 μέλλετε,δ’
416 1584 518 1645 αἰτεῖν
528 1581 606 1659 τούς
617 1577 721 1658 θεούς
731 1578 863 1664 τάγαθὰ
875 1582 930 1646 καὶ
941 1605 1013 1645 κοι-

13 1687 46 1739 21
64 1686 106 1766 νη
116 1679 172 1745 καὶ
183 1682 259 1767 ίδίᾷ.
280 1693 430 1746 σκοπεῖτε
441 1679 493 1761 δὲ,
506 1686 584 1766 ποίᾳ
595 1686 709 1765 φωνῇ,
726 1685 804 1764 ποίᾳ
820 1685 925 1762 ψυχᾷ,
938 1682 1014 1742 ποί-

65 1806 112 1856 οις
124 1778 264 1863 ὄμμασι,
282 1784 356 1844 τίνα
366 1777 493 1861 τόλμαν
504 1777 702 1863 κτησάμενοι
713 1774 770 1853 τὰς
781 1779 904 1852 ίκεσίας
915 1771 1013 1857 ποιη-

65 1887 181 1961 σεσθε,
203 1877 342 1953 τούτους
360 1878 517 1957 παρέντες
540 1873 767 1961 ἀτιμωρήτους
788 1872 866 1952 τούς
887 1876 1012 1959 ἐναγεῖς

64 1979 118 2042 καὶ
133 1990 202 2052 ταῖς
220 1971 314 2060 ἀραῖς
333 1973 476 2057 ἐνόχους.
508 1970 549 2039 ού
565 1970 629 2057 γάρ
647 1970 686 2039 δι’
699 1973 918 2058 αἰνιγμάτων,
942 1970 1010 2039 ἀλλ’

64 2077 210 2156 ἐναργῶς
227 2075 406 2157 γέγραπται
423 2074 459 2137 έν
469 2077 509 2158 τῇ
521 2067 589 2158 ἀρᾷ
605 2071 688 2137 κατά
700 2097 734 2137 τε
745 2079 814 2137 τῶν
824 2068 1012 2156 ἀσεβησάν-

64 2197 146 2252 των,
161 2168 253 2255 ἀχρη
267 2179 389 2237 παθεῖν
401 2166 539 2255 αύτούς,
564 2170 619 2236 καὶ
636 2167 720 2236 κατά
732 2174 802 2235 των
812 2166 1010 2252 ἐπιτρεψάν-

64 2295 147 2350 των,
160 2270 214 2335 καὶ
225 2277 414 2335 τελευταῖον
424 2272 460 2335 έν
472 2276 511 2354 τῇ
524 2267 588 2357 ἀρᾷ
600 2270 796 2352 γέγραπται,
821 2264 900 2351 μηδ’
913 2263 1012 2342 ὁσίως

64 2369 207 2432 θύσειαν
218 2370 253 2433 οἱ
260 2365 304 2452 μη
317 2376 554 2452 τιμωροῦντες,
567 2369 664 2451 φησὶ,
681 2373 727 2453 τᾷ
737 2363 919 2431 Ἀπόλλωνι
930 2364 1011 2448 μηδὲ

63 2474 102 2550 τᾷ
109 2462 270 2548 Ἀρτέμιδι
281 2469 362 2549 μηδὲ
373 2474 414 2549 τῇ
423 2473 525 2550 Λητοῖ
533 2462 612 2548 μηδ’
620 2461 746 2549 Ἀθηνᾷ
758 2468 918 2548 Προνοίᾳ,
931 2463 1013 2547 μηδὲ

11 2572 45 2623 22
64 2570 209 2642 δέξαιντο
230 2563 345 2633 αύτων
361 2562 401 2629 τὰ
424 2563 530 2644 ίερά.“
562 2568 697 2628 τοιαῦτα
715 2562 770 2626 καὶ
788 2560 869 2644 πρὸς
884 2560 1012 2634 τούτοις
1029 2569 1082 2621 513

63 2667 158 2745 ἕτερα
169 2665 275 2727 πολλὰ
288 2661 515 2739 διεξελθόντος
526 2663 608 2744 ἐμοῦ
614 2709 623 2744 ,
642 2658 753 2743 ἐπειδή
770 2681 849 2724 ποτε
861 2655 1012 2741 ἀπηλλά-

62 2789 127 2846 γην
138 2762 192 2826 καὶ
203 2762 361 2844 μετέστην
373 2763 407 2825 ἐκ
418 2766 480 2825 τοῦ
492 2762 687 2841 συνεδρίου,
701 2755 829 2840 κραυγὴ
842 2753 945 2839 πολλᾷ
958 2757 1012 2820 καὶ

62 2861 212 2944 θόρυβος
230 2850 274 2943 ἦν
289 2866 357 2924 των
373 2856 639 2943 Ἀμφικτυόνων,
661 2856 717 2921 καὶ
734 2853 832 2939 λόγος
848 2846 891 2938 ἦν
902 2851 1013 2920 ούκέτι

63 2963 136 3036 περὶ
147 2966 215 3024 των
225 2957 390 3040 ἀσπίδων,
413 2953 452 3034 ἀς
468 2951 560 3040 ἡμεῖς
578 2953 759 3038 ἀνέθεμεν,
782 2948 851 3018 ἀλλ’
863 2950 926 3036 ἥδη
938 2952 1011 3031 περὶ

62 3068 117 3143 της
129 3068 196 3124 των
204 3056 410 3143 Ἀμφισσέων
422 3061 584 3139 τιμωρίας.
614 3052 677 3137 ἤδη
690 3055 725 3118 δὲ
736 3048 850 3135 πόρρω
861 3057 918 3134 τῆς
928 3045 1010 3132 ηιιέ-

64 3184 122 3236 ρας
147 3156 249 3244 οὔσης
270 3156 449 3240 προελθών
472 3154 490 3222 ὁ
512 3160 615 3242 κῆρυξ
631 3153 761 3238 ἀνεῖπε,
782 3157 930 3236 Δελφῶν
940 3149 1014 3217 όσοι

63 3259 114 3322 ἐπὶ
127 3263 227 3334 δίετες
237 3255 360 3343 ἡβῶσι,
385 3261 440 3324 καὶ
452 3257 595 3334 δούλους
613 3257 668 3322 καὶ
681 3255 898 3335 ἐλευθέρους,
920 3248 1014 3335 ἥκειν
1029 3257 1082 3309 514

63 3355 129 3438 ἀμα
147 3364 187 3442 τᾷ
202 3354 308 3442 ἡμέρᾳ
321 3362 454 3441 έχουτας
472 3355 556 3442 ἀμας
567 3357 622 3422 καὶ
640 3356 790 3430 δικέλλας
801 3349 883 3435 πρός
893 3347 930 3417 τό
944 3358 1014 3417 Θυ-

63 3469 150 3518 τεῖον
162 3458 232 3519 ἐκεῖ
239 3453 465 3539 καλούμενον·
489 3456 543 3521 καὶ
555 3453 655 3518 πόλιν
672 3448 688 3518 ό
701 3449 801 3528 αύτός
815 3452 923 3533 κῆρυξ
932 3446 1019 3526 ἀνη-
