2340 3916
258 253 380 309 ΠΕΡΙ
404 253 838 311 ΠΑΡΑΠΡΕΣΒΕΙΑΣ.
991 252 1032 318 75

29 435 65 488 40
159 407 406 495 Ἀφορμῶντων
423 407 456 477 δ’
474 407 570 494 ήμῶν
587 415 700 477 οίκαδε
717 413 753 479 ἐκ
770 420 828 497 τῆς
845 420 1030 501 πρεσβείας,

80 511 236 592 ἐξαίφνης
247 505 330 574 κατὰ
340 506 402 590 τήν
414 505 497 573 ὁδόν
508 509 701 590 παραδόξως
717 511 771 577 καὶ
783 512 1031 595 φιλανθρώπως

83 601 166 685 πρὸς
176 605 316 671 ἕκαστον
328 606 498 688 διελέγετο.
533 603 554 671 ό
568 631 600 671 τι
615 607 677 691 μὲν
694 599 757 674 οὖν
773 600 817 693 ήν
835 605 912 675 ποθ’
923 605 940 675 ὁ
953 614 1031 691 κέρ-
1046 625 1100 681 ‘m

81 715 156 781 κωψ
167 695 190 787 ή
202 699 239 768 τό
252 703 462 788 καλούμενον
468 698 691 788 παιπάλημαή
696 702 733 770 τό
741 712 946 791 παλίμβολον
957 700 979 790 ή
989 708 1030 772 τὰ

80 808 216 868 τοιαῦτα
241 801 384 886 ῥήματα,
419 800 482 869 οόκ
498 799 592 886 ήδειν
611 802 788 885 πρότερον·
821 810 887 870 νῦν
910 801 940 870 δ’
957 805 1031 888 ἐξη-

80 896 186 986 γητήν
197 907 317 966 τοῦτον
328 897 440 985 λαβῶν
452 909 510 986 τῆς
529 897 658 985 ἁπάσης
669 910 869 986 κακοηθείας
878 902 1031 987 μεμάθη-

30 1012 64 1065 41
84 1025 135 1066 κα.
168 1000 404 1085 διαλαμβάνων
415 998 478 1085 γὰρ
496 1001 636 1067 ἕκαστον
652 997 749 1085 ἡμῶν
766 1003 804 1067 ἐν
813 1002 904 1085 μέρει
912 1008 958 1087 τῶ
971 999 1031 1085 μὲν
1047 1010 1100 1065 22⁶

83 1105 204 1181 ἔρανον
226 1099 404 1182 συστήσειν
431 1101 644 1183 ἐπηγγέλλετο
674 1100 729 1166 καὶ
755 1097 939 1185 βοηθήσειν
962 1112 1032 1176 τοίς

82 1201 193 1280 ἰδίοις,
212 1196 272 1265 τόν
289 1197 326 1265 δὲ
344 1202 390 1275 εἰς
413 1204 612 1282 στρατηγίαν
635 1196 867 1281 καταστήσειν·
901 1197 972 1280 ἐμοὶ
994 1194 1030 1263 δὲ

81 1303 349 1379 παρακολουθῶν
359 1298 414 1362 καὶ
424 1295 484 1381 τήν
503 1296 607 1381 φύσιν
619 1300 806 1382 μακαρίζων
816 1297 872 1363 καλ
882 1294 960 1373 τοὺς
971 1295 1035 1362 λό-’

82 1420 163 1476 γονς
175 1393 233 1474 οδς
245 1393 338 1463 ελπον
350 1395 560 1480 ἐγκωμιάζων
570 1393 674 1473 πολὺς
690 1388 733 1480 ήν
742 1409 810 1473 τοῖς
822 1397 967 1472 ἐπαίνοις
976 1395 1032 1462 καὶ
1103 1462 1109 1473 ,

83 1494 239 1579 ἐπαχθής.
273 1494 565 1562 συνδειπνούντων
582 1491 613 1561 δ’
627 1492 722 1580 ήμῶν
739 1491 897 1562 ἁπάντων
909 1498 946 1561 ἐν
958 1501 1028 1562 Λα-

83 1598 179 1678 ρίσση
197 1597 242 1669 είς
259 1589 364 1660 αὐτόν
379 1592 441 1679 μὶν
457 1599 601 1663 ἔσκωπτε
616 1596 672 1663 καὶ
688 1593 750 1679 τήν
761 1591 904 1678 ἀπορίαν
921 1593 982 1680 τήν
993 1598 1031 1662 ἐν

82 1690 225 1779 τῷλόγῳ
237 1697 412 1777 συμβᾶσαν
424 1695 547 1778 ἐαυτῷ,
569 1691 630 1760 τόν
643 1693 678 1761 δὲ
695 1700 861 1760 Φίλιππον
877 1701 944 1760 τῶν
961 1691 1026 1760 ὑπό

82 1784 141 1854 τόν
157 1786 252 1872 ήλιον
275 1787 468 1874 ἀνθρώπων
484 1798 548 1877 ἐφη
572 1792 707 1858 πάντων
722 1790 806 1858 εἶναι
829 1792 1029 1858 δεινότατον.

33 1904 69 1956 42
83 1891 407 1973 συναποφηναμένου
424 1886 461 1955 δὲ
477 1885 586 1973 κάμοῦ
597 1914 628 1954 τι
638 1894 805 1967 τοιοῦτον,
824 1883 868 1966 ῶς
879 1889 934 1955 καὶ
944 1915 1029 1973 μνη-

79 1992 222 2068 μονικῶς
234 1996 319 2053 είποι
329 1983 413 2070 πρὸς
423 1983 463 2053 τόι
475 1984 546 2069 παρ’
559 1984 654 2073 ήμῶν
664 1988 819 2072 ῥηθέντα,
830 1991 1031 2071 Κτησιφῶν·

84 2108 139 2161 τος
150 2084 201 2168 δὲ,
215 2081 318 2165 ὅσπερ
330 2076 373 2167 ήν
382 2081 478 2169 ήμῶν
490 2085 729 2171 πρεσβύτατος,
752 2082 945 2171 ὑπερβολήν
955 2108 1029 2150 τινα

83 2183 204 2248 ἑαυτοῦ
221 2183 436 2266 παλαιότητος
452 2183 508 2249 καλ
527 2183 679 2267 πλήθους
699 2187 782 2250 ἐτῶν
803 2180 954 2261 είπόντος
974 2182 1030 2248 καλ

83 2281 304 2366 προσθέντος,
325 2278 369 2359 ῶς
380 2284 417 2348 ἐν
427 2281 574 2368 τοσούτω
585 2282 694 2368 χρόνω
706 2283 760 2348 καὶ
771 2286 833 2370 βίφ
845 2279 887 2348 οὐ
897 2277 1028 2347 πώποθ’

84 2377 189 2457 οὕτως
209 2376 297 2463 ήδύν
318 2376 394 2447 οὐδ’
416 2379 640 2464 ἐπαφρόδιτον
663 2377 850 2459 ἄνθρωπον
876 2377 1030 2462 ἑωρακῶς

30 2490 67 2542 43
83 2485 149 2560 είη,
172 2473 399 2562 ἀνακροτήσας
419 2474 601 2562 ὁΣίσιιφος
617 2472 673 2542 ὅδε
689 2474 747 2552 τὰς
770 2490 879 2559 χεῖρας
899 2484 1029 2560 ,ταῦτα
1046 2485 1099 2542 22⁶

82 2578 224 2658 μέντοιιι
242 2581 305 2660 ἔφη
323 2568 381 2660 ,,ῶ
390 2581 590 2661 Κτησιφῶν,
608 2568 680 2639 οὔτ’
693 2567 738 2638 όν
750 2571 793 2637 σὺ
803 2569 886 2654 πρός
896 2569 957 2638 τόν
969 2576 1029 2655 δή·

84 2698 149 2757 μον
160 2681 278 2757 είποις,
291 2672 361 2740 οὔτ’
376 2670 420 2742 δν
431 2665 558 2752 οὗτοςιι
570 2672 624 2757 ἐμὲ
637 2668 676 2756 δή
691 2674 796 2754 λέγων
808 2720 828 2753 ,,
837 2670 1029 2755 τολμήσειεν

83 2777 186 2838 εἰπεῖν
197 2769 279 2851 πρὸς
287 2768 498 2858 Ἀθηναίους,
519 2770 562 2850 ῶς
576 2763 620 2856 ήν
632 2777 794 2847 Φίλιππος
806 2765 914 2847 δεινός
925 2773 1029 2836 εἰπεῖν

82 2870 137 2934 καὶ
154 2869 389 2953 μνημονικός.“
421 2867 631 2955 ἀναισθήτως
649 2868 685 2936 δδ
702 2863 796 2953 ήμῶν
813 2864 957 2951 ἐχόντων
974 2867 1029 2932 καλ

82 2964 144 3050 τήν
155 2966 334 3052 ἐπιβουλήν
352 2965 394 3034 οὐ
410 2971 672 3053 προορωμένων,
697 2965 739 3053 ἣν
755 2963 873 3033 αὐτίκα
885 2964 1027 3032 ἄκουσε--

81 3073 160 3142 σθε,
190 3071 235 3143 είς
249 3065 427 3150 συνθήκην
440 3061 610 3150 τινιὶήμοῐς
633 3064 835 3149 κατέκλησεν
857 3059 939 3145 ὑπὲρ
965 3068 1028 3128 τοῦ

82 3160 175 3227 ταῦτ’
187 3165 275 3243 ἐρεῖν
301 3162 384 3246 πρός
414 3159 507 3247 ὑμᾶς.
541 3164 623 3247 ἐμοῦ
634 3161 669 3229 δὲ
686 3163 740 3228 καὶ
752 3164 864 3245 δέησιν
888 3157 1029 3244 ἰσχυρόν

82 3259 204 3345 ἐδεήθη
217 3258 260 3345 μή
274 3269 487 3345 παραλιπεῖν,
500 3257 568 3328 ἀλλ’
581 3265 699 3343 εἰπεῖν,
713 3256 757 3336 ῶς
767 3255 851 3339 ὑπὲρ
867 3253 1030 3342 Ἀμφιπό-

80 3356 162 3436 λεῶς
177 3385 209 3424 τι
220 3360 273 3426 καλ
286 3363 506 3445 Δημοσθένης
517 3368 610 3426 είποι.

31 3471 67 3520 44
167 3461 275 3542 Μέχρι
292 3459 354 3541 μὲν
372 3450 436 3523 οὖν
452 3458 580 3524 τούτων
598 3461 632 3523 οί
648 3457 868 3542 συμπρέσβεις
890 3461 955 3523 είσί
972 3479 1029 3540 μοι
