2340 3916
343 228 467 283 ΚΑΤΑ
492 228 760 287 TIMAPXOI’.
987 231 1029 295 59

77 384 181 464 αὐτὰς
194 393 298 453 εἰπεῖν
308 384 442 470 γνῶμας
456 381 563 463 οὕτως
573 382 663 464 ὅπως
673 381 717 453 άν
728 385 877 474 δύνηται,
888 386 927 469 δὶς
936 388 1028 458 εἶπεν

78 481 270 571 ὁπρότερος
281 483 406 568 ῥήτωρ,
429 478 528 565 ,,ἵυ’“
539 488 601 568 ἔφη
620 486 678 567 ,,οί
693 486 948 571 Λακεδαιμόνιοι
965 483 1027 554 άν-

78 581 158 667 δρός
175 578 308 664 α’γαθού
327 583 561 664 φθεγξαμένου
577 587 803 667 ψηφίσωνται,
825 581 884 662 τάς
908 584 943 652 δὲ
959 591 1027 652 τῶν

77 678 398 748 ὑποδεδειλιακότων
422 681 476 746 καί
503 687 660 764 πονηρῶν
686 677 878 768 άυθρῶπων
912 681 1027 766 φωνάς

78 778 160 865 μηδὲ
170 792 238 856 τοῖς
249 774 308 845 ῶσί
320 781 598 860 προσδέχωνται.“
608 775 709 844 ταῦθ’
723 774 740 845 ὁ
752 777 888 865 γε’ρωνὸ
902 785 938 848 ἐκ
950 806 1027 847 παι-

79 874 137 955 δός
158 874 421 958 σεσωφρονηκὼς
449 873 614 961 παρῄνεσε
635 888 703 953 τοῖς
726 876 847 943 ἑαυτοῦ
869 884 1024 954 πολίταις.
1045 895 1094 951 175

78 971 160 1056 ταχύ
188 969 222 1057 γ’
245 966 289 1037 άν
313 976 479 1055 Τίμαρχον
504 965 527 1055 ἢ
548 970 609 1037 τόν
629 976 781 1039 κίναιδον
801 977 1027 1059 Δημοσθένην
1103 1016 1108 1024 -

79 1079 167 1136 εἰασε
178 1068 420 1136 πολιτεύεσθαι.

34 1175 63 1232 32
154 1165 226 1236 Ἵνα
239 1165 328 1252 δὲμὴ
342 1171 431 1233 δοκῶ
442 1170 722 1251 Λακεδαιμονίους
732 1168 954 1253 θεραπεύειν,
973 1171 1027 1236 καὶ

78 1274 146 1333 τῶν
170 1263 338 1350 ημετίρων
365 1265 542 1348 προγόνων
568 1265 813 1353 μνησθήσομαι.
847 1264 935 1334 οὕτω
961 1265 1025 1352 γάρ

78 1358 164 1448 ἦσαν
185 1360 269 1445 πρός
290 1359 347 1439 τάς
371 1362 530 1446 αἰσχύνας
552 1369 686 1447 χαλεποί
706 1367 761 1432 καὶ
778 1366 853 1446 περὶ
870 1371 1026 1431 πλείστου

77 1471 145 1530 τῶν
164 1467 290 1530 τέκνων
306 1461 368 1546 τὴν
388 1461 613 1547 σωφροσύνην
631 1465 820 1546 ε’ποιουντο,
843 1459 920 1530 ὥστ’
940 1460 1025 1547 άνηρ

80 1557 125 1638 εἷς
141 1568 208 1627 τῶν
225 1567 386 1642 πολιτῶν,
411 1556 522 1641 εύρῶυ
544 1560 605 1645 την
625 1562 747 1627 ἑαυτοῦ
767 1564 936 1645 θυγατέρα
959 1567 1026 1627 διε-

81 1660 281 1744 φθαρμένην
300 1660 355 1725 καὶ
371 1654 433 1743 την
450 1655 582 1742 ἡλικίαν
598 1655 640 1724 ού
659 1665 767 1735 καλῶς
778 1658 1026 1742 διαφυλάξασαν

80 1757 310 1844 με’χριγάμου,
334 1756 646 1841 ἐγκατῳκοδόμησεν
657 1753 763 1840 αὐτὴν
773 1754 851 1841 μεθ’
865 1760 970 1822 ἵππου
981 1763 1027 1834 είς

80 1866 205 1943 ἔρημον
222 1863 345 1936 οἰκίαν,
369 1853 431 1940 ὑφ’
444 1847 487 1921 ού
498 1855 671 1940 προδήλως
683 1862 817 1940 ἔμελλεν
828 1851 1026 1921 άπολείσθαι

80 1955 134 2022 διά
152 1955 249 2040 λιμὸν
268 1955 563 2038 συγκαθειργμένη.
590 1954 643 2018 καί
655 1957 701 2018 ἔτι
712 1953 766 2019 καὶ
777 1961 841 2018 νῦν
852 1960 910 2037 τῆς
922 1958 1025 2030 οἰκίας
1047 1972 1096 2028 176

80 2053 201 2139 ταύτης
217 2055 331 2138 ἕστηκε
347 2049 387 2118 τά
406 2050 562 2119 οἰκόπεδα
579 2054 616 2117 ἐν
627 2059 672 2135 τῶ
685 2046 832 2139 ύμετίρῳ
844 2047 951 2133 άστει,
973 2052 1028 2116 καὶ

34 2165 64 2220 33
81 2148 98 2217 ὁ
118 2151 218 2228 τόπος
235 2143 333 2229 οὗτος
350 2160 494 2217 καλεῖται
511 2147 590 2234 παρ’
608 2153 712 2216 ἵππον
733 2150 788 2216 καί
812 2147 926 2232 κόραν.
949 2144 967 2215 ὁ
992 2147 1027 2214 δὲ

82 2249 202 2315 Σόλων
218 2245 235 2315 ὁ
254 2255 321 2314 τῶν
340 2257 535 2331 νομοθετῶν
552 2247 764 2327 ἐνδοξότατος
780 2250 949 2333 γέγραφεν
967 2242 1028 2328 άρ-

80 2353 178 2431 χαίως
194 2349 248 2413 καὶ
266 2353 395 2430 σεμνῶς
411 2348 485 2429 περὶ
502 2354 559 2431 τῆς
574 2353 642 2411 τῶν
658 2353 828 2430 γυναικῶν
841 2342 1024 2428 εὐκοσμίας.

80 2445 143 2530 τὴν
153 2445 217 2531 γάρ
228 2460 386 2530 γυναῖκα,
399 2441 454 2531 ἐφ’
469 2438 492 2532 ᾗ
504 2440 547 2511 άυ
557 2441 627 2532 άλχῶ
635 2444 756 2529 μοιχός,
768 2441 831 2511 οὐκ
843 2447 882 2531 ἐᾷ
894 2458 1028 2528 κοσμεῖ-

82 2555 163 2611 σθαι
179 2543 257 2612 οὐδὲ
276 2551 321 2622 είς
337 2541 377 2610 τά
394 2548 557 2628 δημοτελῆ
573 2543 645 2626 ίερά
662 2543 813 2624 εἰσιέναι,
834 2543 889 2606 ίυα
907 2537 951 2625 μὴ
969 2536 1027 2617 τάς

81 2642 329 2729 ἀναμαρτήτους
344 2649 412 2710 τῶν
429 2643 600 2724 γυναικῶν
610 2638 859 2724 άναμιγνυμένη
871 2644 1023 2721 διαφθεί-
1047 2655 1094 2710 Ιλλ

81 2769 137 2829 ρη·
160 2740 218 2809 ἐὰν
235 2741 267 2810 δ’
287 2747 370 2829 εἰσίη
387 2735 408 2826 ἦ
426 2746 600 2824 κοσμῆται,
622 2735 683 2804 τόν
700 2735 879 2821 ἐντυχόντα
899 2733 1026 2801 κελεύει

81 2841 348 2926 καταρρηγνύναι
358 2838 398 2907 τά
415 2838 526 2924 ἰμάτια
536 2839 590 2905 καί
600 2835 660 2904 τόν
671 2835 798 2921 κόσμον
811 2832 1027 2920 ἀφαιρεῖσθαι

81 2941 135 3005 καὶ
151 2939 302 3021 τύπτειν,
325 2937 520 3024 εἰργόμενον
536 2934 689 3004 θανάτου
705 2939 760 3003 καὶ
776 2943 837 3001 τού
855 2931 1027 3018 άυάπηρον

81 3044 231 3123 ποιῆσαι,
254 3034 382 3121 άτιμῶν
398 3034 459 3121 τὴν
476 3035 634 3120 τοιαύτην
650 3048 793 3118 γυναῖκα
810 3033 865 3099 καὶ
881 3030 941 3098 τὸν
951 3035 1027 3116 βίον

34 3155 65 3208 34
81 3131 223 3219 ἀβίωτον
244 3131 328 3220 αὐτῇ
350 3133 619 3217 παρασκευάζων.
644 3133 698 3197 καὶ
714 3129 794 3208 τούς
809 3126 1027 3213 προαγωγοὺς

80 3232 270 3316 γράφεσθαι
281 3230 424 3315 κελεύει,
442 3226 507 3297 κάν
518 3227 637 3312 ἁλῶσι,
655 3228 791 3315 θανάτῳ
804 3232 958 3312 ζημιοῦν,
975 3221 1027 3290 ὅτι

81 3337 148 3396 τῶν
164 3328 398 3414 ἐξαμαρτάνειν
416 3326 673 3413 ἐπιθυμούντων
690 3323 883 3391 ὀκνούντων
901 3324 954 3389 καὶ
974 3327 1028 3387 αἰ-

82 3430 295 3512 σχυνομένων
313 3425 467 3511 ἀλλήλοις
483 3425 697 3509 ἐντυγχάνειν
715 3420 809 3489 αύτοὶ
831 3421 893 3507 τὴν
915 3415 1026 3486 αὐτῶν
