2340 3916
141 202 201 265 122
490 201 744 259 ΑΙΣΧΙΝΟΥ

20 406 24 411 -
138 364 292 451 τυγχάνει
318 359 492 448 γεγραφώς
514 365 712 445 Κτησιφῶν,
742 346 796 426 διά
818 362 968 446 βραχίων
990 366 1094 428 εἰπεῖν

9 468 12 473 ’
137 465 308 550 βούλομαι.
329 464 367 529 ἐν
376 456 441 546 γάρ
450 471 520 537 τοῖς
529 463 721 544 ἔμπροσθεν
736 457 868 543 χρόνοις
876 456 1034 544 ἄρχοντές
1044 485 1094 526 τι-

76 582 82 591 ·
137 586 192 640 νες
201 559 259 638 τάς
269 566 421 645 μεγίστας
431 551 533 643 ἀρχάς
543 555 666 635 καὶτὰς
680 556 869 641 προσόδους
880 560 1092 643 διοικοῦντες,

136 659 191 726 καλ
201 660 468 742 δωροδοκοῦντες
484 654 559 738 περὶ
574 652 696 721 ἕκαστα
708 654 853 740 τούτων,
875 653 1094 740 προσλαμβά-

68 770 119 828 895
135 782 249 835 νοντες
258 755 337 834 τούς
356 780 392 822 τε
407 757 444 822 ἐκ
460 761 522 821 τοῦ
539 759 780 840 βουλευτηρίου
795 753 936 842 ῥήτορας
948 755 1003 822 καὶ
1013 750 1093 832 τούς

135 861 170 924 ἐκ
184 863 244 925 τοῦ
261 855 368 941 δήμου
380 853 560 938 πόρρωθεν
575 851 892 938 προκατελάμβανον
907 849 966 931 τάς
983 849 1092 923 εύθύ-

135 982 195 1034 νας
211 957 357 1032 ἐπαίνοις
374 952 430 1020 καλ
446 950 671 1037 κηρύγμασιν,
692 947 769 1022 ὥστ’
787 952 826 1018 ἐν
844 965 914 1030 ταῖς
929 947 1092 1030 εὐθύναις

133 1063 201 1122 τοῖν
217 1051 387 1138 ἀρχόντων
404 1056 449 1130 είς
464 1048 527 1137 τη“ν
541 1055 698 1136 μεγίστην
707 1049 768 1136 μὲν
778 1046 921 1136 ἀπορίαν
938 1046 1091 1135 ἀφικνεῖ-

135 1163 218 1220 σθαι
228 1151 306 1228 τούς
317 1149 538 1237 κατηγόρους,
558 1147 646 1217 πολύ
658 1146 693 1216 δὲ
705 1155 752 1216 ἔτι
768 1155 894 1235 μᾶλλον
904 1147 983 1227 τούς
996 1154 1092 1215 δικα-

63 1262 66 1266 ’
134 1250 222 1328 στάς.
243 1249 359 1316 πολλοὶ
370 1246 435 1332 γὰρ
446 1247 538 1314 πάνυ
547 1255 616 1315 τόν
626 1244 835 1315 ὑπευθύνων
845 1244 895 1315 ἐπ’
905 1243 1091 1335 αὐτοφώρῳ
1113 1276 1144 1326 10

133 1349 268 1415 κλέπται
278 1353 346 1413 τεόν
362 1350 530 1432 δημοσίων
546 1346 722 1433 χρημάτων
737 1345 833 1426 ὅντες
846 1345 1090 1432 ἐξελεγχόμενοι

134 1446 358 1532 διεφύγγανον
369 1446 405 1512 ἐκ
416 1449 722 1531 τῶνδικαστηρίυν,
735 1444 880 1524 εἰκότας·
905 1441 1089 1531 ᾐσχύνοντο

133 1543 198 1630 γὰρ
213 1542 306 1630 οἶμαι
321 1547 356 1611 οί
368 1544 533 1628 δικασταὶ,
556 1549 587 1612 εί
600 1543 785 1630 φανήσεται
800 1541 819 1610 ό
838 1541 938 1623 αύτός
956 1540 1042 1630 ἀνὴρ
1053 1545 1092 1611 ἐν

132 1650 172 1730 τῇ
180 1639 264 1730 αὐτῇ
276 1640 380 1727 πόλει,
386 1638 488 1727 τυχόν
497 1641 536 1710 δὲ
546 1643 600 1710 καλ
611 1645 649 1710 ἐν
659 1651 707 1734 τῷ
718 1641 807 1730 αύτῷ
815 1647 965 1733 ἐνιαυτῷ,
972 1643 1091 1733 πρῴην

133 1746 194 1828 μέν
211 1766 290 1809 ποτε
306 1739 594 1828 ἀναγορευόμενος
609 1743 647 1809 ἐν
664 1754 732 1820 τοῖς
747 1740 875 1828 ἀγῶσιν
899 1739 949 1810 ότι
966 1763 1090 1828 στεφα-

133 1849 250 1908 ναύται
264 1837 382 1927 ἀρετῆς
395 1841 493 1911 ἕνεκα
509 1841 565 1908 καί
580 1839 795 1927 δικαιοσύνης
811 1838 878 1908 ύπό
900 1848 963 1908 τού
979 1840 1090 1927 δήμου

132 1948 245 2028 χρυσῷ
253 1935 504 2025 στεφύνφ,όδὲ
514 1935 615 2016 αύτός
625 1935 711 2025 ἀνὴρ
722 1938 843 2024 μικρόν
854 1938 997 2025 ἐπισχών
1007 1941 1088 2018 ἔξει-

134 2057 188 2102 σιν
209 2040 245 2105 ἐκ
266 2042 327 2102 τοῦ
348 2040 561 2122 δικαστηρίου
586 2044 710 2123 κλοπῆς
737 2037 835 2104 ἕνεκα
860 2033 918 2115 τάς
941 2035 1090 2116 εὐθύνας

135 2133 311 2219 ω’φληκσίς
334 2131 417 2201 ὥστε
428 2131 651 2220 ἠναγκάζοντο
662 2131 724 2221 την
736 2141 851 2222 ψῆφον
863 2138 979 2222 φέρειν
988 2140 1024 2204 oc
1037 2140 1088 2203 δι-

64 2247 116 2304 396
132 2232 248 2299 κασταλ
269 2225 311 2298 ού
329 2233 403 2318 περὶ
423 2238 484 2300 τοῦ
499 2233 665 2317 παρόντος
681 2231 895 2322 ἀδικήματος,
916 2232 984 2305 ἀλλ’
1003 2231 1089 2319 ὑπὲρ

133 2337 189 2416 της
199 2330 358 2417 αἰσχύνης
367 2337 429 2398 τοῦ
437 2330 555 2418 δήμου.
589 2332 734 2402 κατιδών
750 2338 789 2403 δέ
804 2362 853 2414 τις
869 2343 973 2404 ταῦτα
984 2360 1089 2422 νομο-
1106 2355 1135 2406 11

133 2431 232 2514 θέτης
242 2435 356 2515 τίθησι
366 2427 472 2516 νόμον
483 2431 538 2498 καὶ
548 2430 638 2517 μάλα
647 2438 756 2510 καλῶς
767 2437 900 2517 ἔχοντα,
918 2430 1085 2516 τόνδιαρ-

133 2529 239 2616 ρήδην
249 2526 503 2615 ἀπαγορεύοντα
511 2527 591 2608 τούς
602 2527 819 2609 ὑπευθύνους
829 2528 873 2617 μη
887 2539 1086 2616 στεφανοῦν.

131 2628 186 2694 καλ
202 2635 306 2694 ταῦτα
328 2626 434 2707 οὕτως
449 2619 490 2696 εύ
507 2630 808 2717 προκατειληφότος
823 2637 887 2697 τού
897 2633 1086 2716 νομοθέτου

130 2721 286 2810 εὕρηνται
303 2733 487 2808 κρείττονες
502 2726 596 2813 λόγοι
612 2736 680 2795 τῶν
698 2729 828 2814 νόμιον,
850 2723 910 2808 οὓς
931 2734 961 2797 εί
976 2728 1021 2815 μή
1038 2756 1087 2808 τις

129 2817 211 2904 ύμῖν
225 2823 309 2908 ἐρεῖ,
332 2821 446 2909 λήσετε
462 2819 728 2911 ἐξαπατηθέντες.
765 2827 894 2894 τούτων
913 2829 978 2913 γάρ
999 2853 1087 2907 τινες

127 2917 506 3001 τῶντούςύπενθύνους
517 2921 1087 3013 στεφανούντανπαράτούςνόμους

129 3021 163 3085 οί
172 3016 232 3104 μὲν
244 3018 345 3104 φύσει
355 3022 485 3106 μέτριοί
497 3027 597 3106 εἰσιν,
621 3029 651 3091 εί
664 3023 706 3111 δή
724 3049 772 3103 τις
788 3025 855 3091 ἐστὶ
872 3026 1002 3110 μέτριος
1017 3030 1086 3092 τῶν

60 3132 112 3191 897
126 3116 166 3186 τά
181 3118 357 3205 παράνομα
373 3119 591 3205 γραφόντων·
619 3119 688 3190 ἀλλ’
702 3115 765 3191 οόν
786 3123 1035 3210 προβάλλονταί
1047 3148 1087 3209 γε

127 3243 158 3283 τι
170 3215 234 3301 πρό
249 3225 306 3303 της
316 3216 481 3304 αἰσχύνης.
500 3219 793 3307 προσεγγράφουσι
801 3219 866 3308 γὰρ
876 3218 959 3306 πρός
969 3218 1009 3288 τά
1020 3234 1088 3308 ψη-

128 3321 276 3400 φίσματα
298 3325 489 3400 στεφανοῦν
511 3316 573 3386 τόν
593 3316 806 3403 ὑπεύθυνον,
829 3318 964 3389 ἐπειδᾶν
984 3319 1088 3406 λόγον

125 3413 182 3477 καὶ
193 3408 343 3492 εὐθύνας
350 3420 408 3500 τῆς
416 3412 517 3502 ἀρχῆς
529 3421 584 3505 δῷ.
608 3415 765 3505 καδὴμλν
776 3419 871 3498 πόλις
880 3417 918 3486 τό
927 3426 1004 3488 ίσον
1015 3415 1090 3486 ἀδί·
1107 3437 1141 3492 12
