2340 3916
125 207 166 271 68
505 203 724 257 Αεεοειεοε

126 357 243 436 πολιν,
271 348 328 416 καὶ
351 346 446 437 νόμῳ
471 351 730 433 κατεκλείσαμεν
756 346 906 435 ἐξαίρετα
933 344 1019 415 είναι
1043 352 1093 437 τῷ

128 450 244 542 δήμῳ,
266 451 368 518 τοῦτο
392 447 431 516 δὲ
454 448 596 537 τριήρεις
620 445 724 528 άλλας
752 447 870 517 ἑκατόν
899 449 1093 541 ἐναυπηγη·

128 552 278 644 σάμεθα,
303 551 360 619 καὶ
377 550 505 630 ταότας
525 549 713 639 ἐξαιρέτους
738 548 977 638 ἐψηφισάμεθα
995 547 1094 637 εἶναι,

128 660 335 734 νεωσοίκους
353 679 388 722 τε
407 650 716 745 ᾠκοδομησάμεθα,
740 658 870 738 χιλίους
888 678 924 721 τε
942 653 999 720 καὶ
1018 655 1094 720 δια-

128 763 266 836 κοσίους
282 755 404 834 ίππέας
418 756 475 823 καί
489 753 627 834 τοξότας
640 752 826 834 τοσούτους
846 753 981 843 ἑτέρους
995 774 1090 823 κατε·

130 859 318 945 στήσαμεν,
342 857 399 924 καί
418 855 456 924 τό
474 870 582 941 τεῖχος
600 853 638 923 τό
664 855 795 943 μακρόν
818 855 856 923 τό
875 854 989 925 νότιον
1009 858 1094 925 ἐτει·
1155 858 1159 865 ’

129 966 241 1048 χίσθη.
278 963 387 1027 ταῦτα
406 960 443 1025 ἐκ
468 958 526 1044 τής
545 957 679 1046 εἰρήνης
703 960 762 1045 τής
781 957 865 1047 πρὸς
884 963 1096 1045 Λακεδαιμο-

130 1068 228 1139 νίους
253 1057 368 1146 άγαθδι
392 1060 434 1148 τή
460 1058 554 1127 πόλει
578 1061 636 1128 καί
661 1057 804 1146 δυ’ναμις
827 1061 874 1150 τῷ
907 1059 1002 1152 δήμῳ
1026 1064 1097 1127 τῶν

95 1162 318 1250 εἈθηναίων
344 1161 484 1247 ἐγένετο.
522 1158 634 1232 Πάλιν
658 1159 696 1229 δέ
720 1160 775 1228 διά
794 1161 975 1249 Μεγαρέας
994 1168 1096 1229 πολε·

14 1342 18 1347 ,
130 1264 294 1352 μήσαντες
304 1262 432 1350 καὶτήν
448 1261 563 1352 χάραν
572 1266 740 1350 τμηθῆναι
756 1263 945 1352 προέμενοι,
960 1265 1097 1330 πολλῶν

130 1365 273 1452 άγαθῶν
284 1364 502 1454 στερηθέντες
516 1354 617 1444 αὖθις
631 1364 692 1451 τήν
702 1364 841 1454 είρήνην
856 1363 1097 1452 ἐποιησάμεθα,

130 1463 173 1553 ήν
197 1465 280 1555 ήμίν
305 1472 428 1546 Νικίας
452 1465 470 1534 6
497 1464 692 1556 Νικηράτου
717 1465 965 1556 κατειργάσατο.
1005 1462 1098 1552 οἶμαι

133 1568 166 1638 δ’
186 1566 277 1656 δμάς
295 1565 447 1647 ἅπαντας
465 1567 592 1636 είδέναι
609 1569 729 1655 τοῦτο,
749 1564 799 1636 ότι
816 1568 872 1636 διά
889 1567 1018 1655 ταύτην
1036 1567 1098 1655 τήν

131 1671 269 1760 εἰρήνην
296 1671 524 1755 ἑπτακισχίλια
554 1667 616 1756 μὲν
639 1667 789 1738 τάλαντα
815 1677 1021 1759 νομίσματος
1048 1676 1098 1748 είς

98 1772 193 1859 οτήν
224 1771 410 1861 άκρόπολιν
441 1768 690 1858 ἀνηνέγκαμεν,
721 1775 807 1851 ναῦς
838 1770 876 1840 δέ
907 1777 1046 1850 πλείους
1077 1765 1098 1857 ή

131 1879 324 1963 τριακοσίας
357 1871 585 1960 ἐκτησάμεθα,
616 1873 674 1940 καὶ
705 1870 811 1961 φόρος
846 1872 988 1962 προσήει
1020 1870 1095 1940 κατ’

134 1975 290 2044 ἐνιαυτὸν
314 1974 418 2040 πλέον
442 1968 464 2059 ή
489 1973 641 2042 διακόσια
659 1974 717 2041 καὶ
743 1980 833 2060 χίλια
850 1974 1016 2060 τάλαντα,
1040 1975 1097 2042 καὶ

134 2074 352 2166 Χερρόνησόν
365 2100 401 2142 τε
414 2083 547 2160 είχομεν
561 2078 618 2143 καί
634 2074 750 2156 Νάξον
764 2076 821 2143 καὶ
833 2074 1099 2165 Εὐβοίαςπλέον
1137 2075 1140 2084 ’

133 2173 212 2265 ήτδι
231 2176 296 2245 δόο
314 2175 413 2265 μέρη·
432 2176 492 2256 τάς
510 2202 545 2246 τε
563 2175 666 2258 άλλας
681 2174 837 2257 ἀποικίας
855 2175 934 2246 καθ’
956 2179 1100 2247 ἕκαστον

134 2283 323 2366 διηγεῖσθαι
346 2277 474 2367 μακρὸς
498 2272 543 2346 άν
568 2288 619 2367 είη
640 2277 750 2365 λόγος.
787 2281 894 2348 ταῦτα
912 2275 946 2347 δ’
968 2285 1100 2366 ἔχοντες

133 2381 175 2449 τά
193 2378 308 2467 άγαθδ
324 2375 426 2448 πάλιν
440 2380 645 2469 κατέστημεν
659 2387 708 2459 είς
726 2379 875 2468 πόλεμον
893 2379 978 2471 πρὸς
988 2391 1100 2452 Λακε-

135 2487 351 2572 δαιμονίους,
370 2482 563 2563 πεισθέντες
581 2482 639 2550 καὶ
657 2481 731 2550 τότε
748 2480 810 2550 ὑπ’
827 2480 999 2572 Ἀργείων.

85 2608 116 2658 10
211 2589 356 2675 Πρῶτον
380 2583 444 2670 μἐν
466 2573 531 2652 οὗν
557 2574 774 2671 εόἈθηναίοι
798 2583 922 2653 τοότου
946 2582 1101 2671 άναμνή-

35 2726 41 2735 -
136 2698 257 2775 σθητε,
282 2693 318 2755 τί
333 2684 419 2770 δμίν
445 2685 478 2765 ἐξ
496 2683 601 2773 άρχής
618 2683 797 2773 δπεθέμην
814 2687 860 2777 τῷ
880 2685 981 2777 λόγῳ.
1017 2683 1102 2753 άλλο

135 2813 166 2856 τι
183 2784 203 2875 ή
221 2789 341 2874 τοῦτο,
360 2782 411 2854 ὅτι
425 2786 479 2853 διὰ
493 2786 555 2873 τήν
569 2785 709 2876 είρήνην
723 2785 942 2857 οὐδεπώποτε
961 2784 978 2855 6
997 2787 1101 2872 δήμος

135 2887 153 2958 6
177 2891 246 2957 τῶν
265 2886 457 2976 Ἀθηναίων
483 2887 673 2976 κατελόθης
701 2888 831 2958 οόκοῦν
855 2888 1101 2975 ἀποδέδεικται,

136 2990 193 3058 καὶ
218 2988 332 3070 οὐδεὶς
359 2991 518 3076 ἐξελέγξει
541 3016 581 3076 με
600 2987 645 3071 σός
671 2988 734 3059 οόκ
760 2997 828 3061 ἐστι
851 2993 961 3060 ταῦτα
979 2988 1101 3077 άληθή.

204 3187 386 3268 νευσυίκρυς]
415 3186 451 3237 ef.
478 3188 565 3240 Har
593 3202 614 3241 ε,
636 3204 662 3239 v.
686 3179 757 3306 νεός
759 3204 790 3240 ια
812 3181 892 3254 (Avo
917 3180 1005 3256 ἐντῷ
1028 3203 1058 3238 π
1079 3205 1105 3241 τ.

138 3250 204 3322 είρ.,
234 3252 261 3308 εί
299 3249 397 3322 νήσιος
419 3247 435 3307 6
444 3203 613 3321 26⁰6-
579 3261 693 3320 -ροει
720 3206 869 3336 ἐτειχίσθη
897 3255 961 3307 εδδ.
987 3240 1103 3307 Aesch..

137 3322 185 3377 καί
204 3317 255 3376 τόν
274 3275 368 3390 δῆμον
387 3316 485 3383 οὐδεὶς
504 3316 668 3390 ἐνεχείρησε
685 3325 854 3376 καταλυσαι.

154 3458 172 3509 f·
190 3394 278 3510 ἸΞιὴτρ
263 3389 412 3457 ριακοσίας
431 3406 492 3442 cum
510 3390 609 3443 Markl.
631 3408 664 3442 ex
682 3392 888 3443 Aeseh.'l'u1·.r·
907 3389 1103 3458 τετρακοσίας

138 3476 152 3509 c
234 3474 277 3511 ue.
296 3461 386 3520 2,13.

207 3529 246 3578 10.
265 3494 407 3592 ἐξελέγξει
427 3543 487 3580 cum
504 3527 583 3594 Tayl.
604 3527 644 3583 sl.
662 3528 757 3580 Turr..
776 3519 855 3593 ἐέξελ
856 3544 927 3596 γγει.
946 3553 979 3567 ·-
