2340 3916
356 206 455 256 ΚΑΤΑ
474 204 768 258 ΔΗΜΟΣΘΕΝΟΥΣ.
1024 206 1044 269 3

77 366 184 456 βουλὴ
209 357 235 434 ῶ
259 362 380 452 άνδρες
408 363 469 451 τὴν
492 363 622 432 τούτων
652 363 750 451 ίσχὺν
773 366 830 433 καὶ
852 363 915 453 τὴν
938 369 975 435 ἐν
997 371 1044 459 τῳ

76 477 186 560 λέγειν
214 473 270 541 καὶ
293 471 450 560 πράττειν
478 469 639 557 δύναμιν,
663 467 727 540 οὐκ
750 473 886 559 οίομένη
910 472 949 541 δὲ
972 480 1045 544 δεῖν

79 578 241 666 οὐδεμίαν
268 574 524 662 ὑπολογίζεσθαι
551 580 620 645 τῶν
647 579 722 667 περὶ
746 574 849 665 αὑτῆς
876 581 1045 668 ἐσομένων

78 688 315 775 βλασφημιῶν,
348 694 381 753 εί
405 712 454 765 τις
477 686 587 771 μέλλει
613 687 654 774 τῇ
676 689 811 773 πατρίδι
844 681 928 774 αὐτῇ
956 692 1045 755 αίτία

78 791 233 882 μοχθηρὰ
251 793 308 860 καὶ
330 796 492 870 κίνδυνος
514 797 661 859 ἔσεσθαι.
697 790 843 878 τούτων,
867 787 912 872 ῶς
935 793 1073 863 έδόκεισ

77 904 122 992 τῶ
143 900 252 990 δήμῳ,
276 901 384 977 καλῶς
402 899 458 966 καὶ
477 896 716 984 συμφερόντως
733 901 975 988 πεπραγμένων
994 905 1044 968 αί-

77 1014 145 1075 τίαι
163 1009 229 1074 νῦν
251 1006 307 1073 καὶ
326 1003 524 1093 προκλήσεις
546 1004 603 1073 καὶ
622 1011 846 1093 συκοφαντίαι
863 1005 954 1093 παρά
972 1017 1044 1095 Δη-

77 1114 269 1200 μοσθένους
285 1108 439 1198 ἥκουσιν,
449 1108 562 1199 ἐπειδὴ
578 1101 677 1192 οὗτος
691 1107 925 1199 ἀποπέφανται
938 1123 1045 1184 εῖκοσι

77 1220 222 1288 τάλαντα
246 1223 331 1304 ἔχων
355 1224 511 1306 χρυσίου·
533 1217 590 1286 καὶ
612 1213 721 1304 ἡτῶν
743 1221 780 1287 έκ
802 1226 964 1309 προνοίας
982 1222 1044 1309 φό-

78 1355 149 1395 νων
168 1323 356 1406 άξιόπιστος
380 1315 466 1392 οὖσα
483 1323 590 1411 βουλὴ
613 1322 651 1393 τὸ
671 1329 805 1394 δίκαιον
827 1328 883 1395 καί
901 1324 1045 1415 τάληθές

78 1430 200 1522 εὑρεῖν,
218 1434 274 1500 καὶ
292 1436 393 1518 κυρία
408 1430 543 1499 δικάσαι
560 1436 640 1521 περί
653 1457 688 1499 τε
702 1434 763 1501 τοῦ
789 1432 793 1516 Ι
819 1433 970 1520 σώματος
988 1437 1044 1504 καὶ
1061 1452 1093 1500 91

77 1543 135 1626 της
155 1535 272 1618 οὐσίας
290 1538 431 1605 ἑκάστου
446 1540 514 1605 τῶν
531 1540 687 1624 πολιτῶν,
701 1539 757 1606 καὶ
775 1554 845 1620 τοῖς
863 1539 925 1627 μέν
944 1548 1043 1632 βιαίῳ

77 1645 214 1736 θανάτῳ
233 1643 477 1730 τετελευτηκόσι
495 1647 675 1732 βοηθῆσαι,
693 1641 773 1725 τοὺς
791 1645 829 1713 δέ
846 1646 1045 1735 παράνομόν

77 1779 108 1819 τι
140 1754 209 1820 τῶν
240 1753 278 1818 έν
305 1777 344 1840 τη
372 1751 466 1819 πόλει
499 1752 810 1841 διαπεπραγμένους
841 1755 994 1839 ἐκβαλεῖν
1022 1749 1043 1841 ἢ

76 1858 214 1949 θανάτῳ
252 1859 427 1944 ζημιῶσαι,
458 1860 525 1926 νῦν
561 1858 614 1927 ἐπὶ
646 1871 717 1938 τοῖς
748 1856 832 1925 κατὰ
863 1862 1043 1945 Δημοσθέ-

76 1992 158 2045 νους
190 1961 481 2050 ἀποπεφασμένοις
508 1963 673 2053 χρήμασιν
706 1959 830 2051 άκυρος
862 1970 954 2033 ἔσται
982 1969 1043 2034 τοῦ

77 2076 225 2154 δικαίους

157 2183 239 2245 Ναί·
266 2177 484 2258 κατέψευσται
511 2174 574 2266 γάρ
602 2172 623 2265 ἡ
651 2174 758 2264 βουλὴ
782 2179 1070 2266 Δημοσθένους·7

76 2285 169 2352 τουτὶ
188 2283 251 2372 γάρ
270 2286 360 2351 έστιν
379 2279 547 2371 ὑπερβολὴ
567 2286 629 2352 τοῦ
646 2283 848 2371 πράγματος.
872 2288 935 2354 σοῦ
949 2289 1043 2355 κατέ·

75 2406 217 2471 ψευσται
250 2391 306 2458 καὶ
328 2389 511 2476 Δημάδου;
548 2387 629 2458 καθ’
656 2380 704 2459 ῶν
728 2387 808 2459 οὐδὲ
831 2387 974 2478 τάληθὲς
997 2398 1042 2462 εί-

75 2512 166 2583 πεῖν,
191 2492 235 2576 ῶς
258 2501 381 2582 ἔοικεν,
405 2492 552 2583 ἀσφαλές
569 2498 675 2579 έστιν;
699 2502 735 2564 οἳ
754 2495 861 2565 πολλά
878 2497 1043 2586 πρότερον

76 2606 144 2670 τῶν
167 2605 292 2670 κοινῶν
315 2605 425 2691 ἐκείνη
449 2610 556 2689 ζητεῖν
583 2601 802 2692 προσετάξατε
825 2603 881 2671 καὶ
905 2601 961 2671 διὰ
985 2603 1042 2685 τάς

77 2710 259 2795 γενομένας
286 2709 431 2796 ζητήσεις
449 2709 643 2797 έπηνέσατε;
663 2705 722 2790 οὓς
736 2706 769 2777 δ’
785 2705 806 2797 ἡ
821 2709 916 2790 πόλις
930 2707 1042 2779 ἅπασα

76 2813 118 2884 οὐ
137 2816 279 2885 δύναται
303 2812 499 2901 ἀναγκάζειν
521 2813 562 2884 τὰ
580 2820 693 2884 δίκαια
715 2831 840 2902 ποιεῖν,
862 2815 946 2885 κατὰ
964 2817 1041 2887 τοά-

75 2951 143 2991 των
162 2918 182 3010 ἡ
203 2920 310 3009 βουλὴ
329 2927 466 3003 ψευδεῖς
483 2918 670 3010 ἀποφάσεις
688 2929 878 3011 πεποίηται;
902 2914 1041 3014 ῶῊρά-

75 3140 93 3186 η
105 3113 202 3199 βονλή
224 3124 323 3174 abesse
346 3122 498 3174 malim·
466 3120 587 3185 -περλ
606 3114 696 3189 αάτῇς
718 3125 783 3177 Bk:
806 3121 872 3188 περὶ
892 3115 947 3177 αάτ
948 3123 990 3191 ῆς.
1007 3152 1042 3163 -

76 3180 150 3255 αὐτῇ
167 3191 257 3241 Bait:
277 3186 369 3258 αάτῆς
388 3183 503 3256 (αὐτοῖς
520 3206 581 3242 eum
598 3193 647 3243 BL
665 3191 717 3247 Bk.
736 3190 807 3272 Mr.)

142 3259 167 3308 6.
198 3249 326 3325 τάληθὲς
349 3259 449 3339 scripsi
471 3256 534 3309 coll.
556 3261 571 3320 ξ
596 3261 635 3315 11.
658 3261 704 3310 64ε
728 3251 897 3326 ἀληθὲς-
920 3260 991 3320 περί
1011 3275 1042 3311 τε

74 3327 188 3406 scripsi.
211 3342 241 3377 τε
264 3324 391 3389 moi.—
415 3319 516 3386 οόσίας
534 3327 647 3391 scripsi.
670 3327 778 3393 ψυχῆς,
797 3328 869 3392 quod
887 3343 939 3378 om.
956 3328 990 3378 N.
1008 3354 1040 3364 -

74 3386 224 3458 ἐκβάλλειν
241 3410 280 3460 pr.
298 3395 332 3446 Δ.

143 3461 296 3539 [ζητεῖν]
315 3460 464 3540 σφαλερῶς
481 3463 566 3514 Ν.-
584 3454 673 3531 έπηνέ
674 3459 768 3551 aussi
777 3454 1011 3545 άπηλόιξῳτεῖ
1020 3484 1057 3493 -

74 3520 359 3595 άναγκάζεινΝΜτ.ε
370 3520 585 3596 άναγκάσατπ-
595 3523 1082 3601 ψευδεῖςταςατιοφέιοειεΜΛ

829 3616 870 3667 ᾗ
