2340 3916
134 217 174 268 VI
510 214 732 269 PRAEFATIO.

132 370 187 431 tur
208 367 272 431 hoc
287 386 414 449 quoque
431 364 518 448 quod
539 365 604 429 iarn
625 386 806 448 proponam
822 365 863 429 ad
885 365 1102 429 coniecturam

133 467 247 533 referri
261 467 392 550 potest?
416 466 445 550 2,
463 467 504 530 10
525 463 586 546 τὴν
608 463 716 547 αὐτὴν
738 463 847 549 ἀρχήν
861 467 970 552 vulgo,
993 462 1101 549 αὐτὴν

132 566 195 653 τήν
210 565 319 652 ἀρχήν
340 567 566 633 inOxoniensi
588 568 722 652 legitur:
745 567 873 650 ταύτην
896 566 959 651 τὴν
980 564 1100 652 ἀρχήν,

133 692 214 754 quae
244 674 293 734 est
325 670 438 754 procul
467 668 563 733 dubio
591 690 668 733 vera
695 669 807 752 lectio,
837 692 854 733 e
881 670 994 734 Meieri
1028 693 1102 735 con-

132 772 255 837 iectura
276 774 467 854 receperunt
489 770 688 834 Turicenses.
726 769 849 836 Contra
869 792 1029 855 nusquam
1052 794 1103 836 ac-

133 873 212 938 cidit
233 876 270 936 ut
291 894 389 955 prave
411 871 453 955 N,
476 872 595 936 rectius
617 872 715 935 ceteri
738 872 863 938 codices
885 875 983 937 verba
1005 873 1102 937 collo-

133 978 216 1038 cent.
261 973 432 1038 Praeterea
459 973 493 1037 id
522 994 650 1056 quoque
673 972 851 1038 Oxoniensi
879 974 1037 1056 concessi,
1066 979 1102 1038 ut

134 1074 170 1138 in
197 1099 219 1137 ν
250 1073 499 1158 ἐφελκυστικῷ,
528 1075 676 1158 elisione,
704 1075 786 1139 crasi
813 1097 958 1161 quaeque
984 1077 1102 1141 similia

134 1179 211 1239 sunt
232 1176 284 1239 vel
306 1174 495 1240 adhibendis
517 1177 568 1240 vel
590 1199 658 1241 non
680 1177 869 1241 adhibendis
897 1178 965 1242 eius
995 1182 1102 1241 aucto-

133 1276 266 1340 ritatem
295 1299 458 1359 sequerer:
487 1278 604 1362 quibus
632 1277 671 1343 de
699 1279 794 1342 rebus
821 1282 859 1342 ut
885 1279 1006 1343 nullius
1034 1278 1101 1342 fere

133 1378 290 1442 momenti
312 1378 395 1442 nihil
417 1379 579 1444 adnotavi.
612 1379 689 1443 Pari
711 1380 808 1444 modo
830 1380 881 1443 vel
904 1378 1028 1443 ἑαυτοῦ
1050 1379 1102 1443 vel

132 1472 257 1560 αὑτοῦ,
287 1484 433 1544 σεαυτοῦ
460 1482 512 1545 vel
535 1483 680 1564 σαυτοῦ,
707 1483 886 1563 γίγνεσθαι
915 1485 947 1545 et
975 1481 1102 1562 γιγνώ-

134 1593 229 1642 σκειν
256 1580 309 1645 vel
336 1583 495 1662 γίνεσθαι
518 1585 550 1645 et
575 1582 759 1664 γινώσκειν
785 1581 961 1646 secundum
983 1580 1102 1646 Oxoni-

134 1681 220 1744 ensis
247 1682 355 1765 potius
382 1683 538 1747 lectiones
561 1705 657 1767 quam
680 1704 719 1748 ex
741 1686 828 1748 certa
855 1683 963 1767 aliqua
988 1704 1102 1747 norma

135 1782 264 1866 scripsi3
292 1806 361 1849 non
383 1785 469 1850 enim
491 1788 653 1868 praestare
676 1785 779 1849 ausim
801 1785 951 1850 ultimum
974 1804 1101 1867 quoque

134 1888 299 1948 oratorum
325 1887 511 1950 Atticorum
544 1887 741 1970 antiquiores
771 1886 891 1952 formas
923 1887 1101 1967 γίγνεσθαι

134 1988 167 2048 et
189 1984 392 2066 γιγνώσκειν
421 2009 547 2070 semper
575 1988 768 2053 adhibuisse.
812 1987 896 2052 Sunt
923 1986 1002 2051 haec
1025 2008 1101 2070 quo-

135 2107 196 2168 que
227 2087 304 2151 satis
334 2088 436 2152 levia:
465 2089 574 2172 itaque
607 2088 855 2153 commentarios
886 2088 1006 2151 nimiae
1037 2088 1102 2151 iam

135 2187 357 2270 amplitudinis
380 2190 430 2253 his
452 2189 548 2253 rebus
570 2189 703 2271 insuper
725 2188 836 2273 augeri
858 2189 958 2252 nolui.

218 2307 331 2373 Adieci
359 2310 467 2370 autem
496 2306 541 2369 eis
564 2326 646 2388 quae
669 2304 735 2369 dixi
763 2305 914 2370 detractis
942 2306 1102 2390 integram

136 2408 324 2473 varietatem
346 2405 416 2470 NA
438 2405 601 2489 codicum,
623 2408 849 2490 praeterquam
872 2407 974 2472 sicubi
996 2408 1032 2472 in
1054 2430 1102 2472 ac-

132 2513 229 2573 centu
251 2508 302 2572 vel
325 2506 440 2590 spiritu
462 2506 514 2571 vel
543 2531 556 2570 ι
578 2506 738 2592 adscripto
768 2508 820 2572 vel
841 2508 979 2594 denique
1006 2511 1103 2575 iuter-

133 2611 309 2692 punctione
332 2609 433 2673 abiis
455 2613 622 2692 peccatum
645 2613 723 2674 erat.
751 2606 922 2676 Lectiones
945 2633 999 2676 eas
1021 2634 1102 2695 quae

132 2714 313 2775 ceterorum
349 2711 495 2776 codicum
531 2733 717 2776 communes
754 2716 831 2777 sunt
872 2714 950 2778 item
986 2712 1100 2776 addidi.

134 2810 272 2875 Videtur
293 2813 401 2876 autem
412 2809 632 2896 Orippsianus,
657 2835 738 2896 quae
754 2815 851 2879 otiam
867 2812 1001 2895 Sauppii
1016 2831 1101 2873 nunc

131 2913 295 2976 sententia
321 2916 384 2995 est,
414 2934 453 2976 ex
481 2912 593 2978 eodem
622 2916 797 2998 exemplari
824 2913 999 2994 descriptus
1033 2931 1100 2973 esse

133 3012 222 3095 quod
237 3011 430 3078 Oxoniensis
451 3013 526 3079 fons
540 3014 618 3098 fuit3
641 3020 764 3081 ceteros
779 3037 817 3081 ex
831 3015 862 3077 A
876 3032 957 3076 corr.
973 3011 1102 3076 fluxisse

66 3102 71 3109 ’
132 3135 201 3178 non
224 3114 435 3198 improbabile
457 3119 515 3180 est.
559 3114 654 3182 Certe
675 3117 716 3181 ad
740 3136 841 3181 unum
863 3135 974 3179 omnes
998 3135 1102 3179 exem-

131 3214 204 3299 plar
225 3215 370 3281 redeunt.

217 3317 308 3383 Istud
323 3323 431 3384 autem
446 3320 645 3405 archetypon
660 3323 693 3384 et
707 3320 896 3384 lacunosum
912 3319 989 3384 satis
1005 3323 1038 3384 et
1053 3320 1101 3382 in-

132 3420 404 3502 terpolationibus
427 3422 617 3505 quibusdam
638 3419 864 3486 confoedatum
885 3419 983 3485 fuisse
1006 3421 1100 3484 facile

131 3521 335 3605 perspicitur.
373 3522 666 3606 Interpolationum
680 3520 909 3588 audacissimus
930 3522 1102 3605 indagator
