2340 3916
281 211 373 264 ΠΕΡΙ
391 211 468 262 ΤΗΣ
486 209 639 263 mmor
657 209 845 267 ΚΑΘΟΔΟΤ.
1004 210 1048 277 59

79 380 120 442 ης
138 352 235 442 δευρὶ
253 352 432 441 μετέστην,
453 359 563 438 ἔγνων
577 361 764 423 λυσιτελεῖν
777 380 833 441 μοι
851 350 871 441 ή
886 357 947 423 τού
967 362 1047 442 βίου

76 453 314 543 ἀπηλλάχθαι,
337 449 359 540 ή
377 454 440 541 τήν
458 454 558 524 πόλιν
576 455 703 543 ταύτην
721 454 857 542 άγαθόν
875 482 906 524 τι
923 461 1048 526 τοσού-

77 582 139 626 τον
158 556 387 646 ἐργάσασθαι,
406 553 492 626 όέστε
509 554 609 644 ύμάν
624 557 773 626 ἑκόντων
791 553 884 627 εἰναί
894 558 978 626 ποτέ
992 584 1048 646 μοι

78 658 343 727 πολιτεύσασθαι
360 657 439 745 μεθ’
454 657 564 746 ύμάιν.
593 661 630 728 ἐκ
648 657 687 727 δὲ
704 658 830 728 τούτου
849 656 890 727 ού
910 659 1047 729 πάποτε
1066 685 1096 733 11

77 759 157 830 ούτε
173 763 235 828 τοῦ
256 756 409 848 σώματος
428 758 507 829 ούτε
529 761 599 829 τῶν
617 757 727 830 όντων
747 762 821 848 ἐμοὶ
850 761 1048 849 ἐφεισάμην,

78 859 166 931 ὅπου
192 865 260 931 ἔδει
282 861 605 952 παρακινδυνεύειν·
630 861 708 931 ἀλλ’
738 860 863 932 αὐτίκα
887 861 950 950 μὲν
972 861 1048 932 τότε

73 964 262 1051 εἰσήγαγον
286 971 335 1044 εἰς
354 964 514 1052 στρατιάν
537 961 636 1051 ύμῶν
654 956 764 1033 οὖσαν
790 968 827 1035 ἐν
846 964 953 1056 Σάμῳ
977 990 1046 1032 κω-

78 1066 180 1152 πέας,
210 1070 281 1133 τῶν
305 1073 532 1156 τετρακοσίων
562 1062 626 1154 ήδη
649 1067 691 1135 τά
715 1065 896 1156 πράγματα
922 1066 1048 1136 ἐνθάδε

78 1166 347 1256 κατειληφότων,
372 1164 472 1247 ὄντος
493 1194 550 1257 μοι
563 1165 745 1256 Ἀρχελάου
764 1169 863 1249 ξένου
882 1170 1047 1255 πατρικοῦ

80 1270 137 1337 καί
168 1268 323 1350 διδόντος
347 1271 533 1357 τέμνεσθαί
554 1295 590 1338 τε
612 1270 670 1338 καί
696 1268 874 1355 ἐξάγεσθαι
897 1268 1048 1351 ὁπόσους

80 1371 281 1459 ἐβουλόμην.
304 1370 450 1451 τούτους
466 1397 502 1441 τε
520 1369 702 1457 εἰσήγαγον
719 1371 801 1450 τούς
819 1372 1047 1460 κωπέας,καί

79 1473 190 1562 παρόν
208 1499 265 1561 μοι
278 1474 378 1543 πέντε
391 1475 553 1561 δραχμῶν
565 1471 628 1559 τήν
641 1472 739 1561 τιμήν
754 1471 870 1542 αύτῶν
884 1473 1048 1555 δέξασθαι

77 1573 142 1643 ούκ
165 1573 317 1663 ήθέλησα
343 1575 536 1665 πράξασθαι
560 1575 664 1644 πλέον
688 1571 710 1662 ή
738 1572 822 1644 ὅσου
847 1576 922 1661 ἐμοὶ
946 1575 1046 1643 κατέ·

77 1696 224 1765 στησαν,
249 1677 431 1763 εἰσήγαγον
455 1677 494 1746 δὲ
518 1677 615 1746 σῖτόν
637 1701 674 1745 τε
691 1677 748 1745 καί
767 1675 913 1763 χαλκόν·
937 1675 995 1743 καὶ
1014 1679 1051 1745 οί
1067 1701 1098 1750 ιε

75 1776 199 1866 άνδρες
218 1782 340 1848 ἐκείνοι
359 1781 395 1848 ἐκ
413 1779 545 1847 τούτων
558 1777 868 1868 παρεσκευασμένοι
886 1780 1047 1864 ἐνίκησαν

77 1880 160 1967 μετά
175 1882 284 1950 ταῦτα
299 1887 600 1968 Πελοποννησίους
613 1881 891 1967 ναυμαχοῦντες,
908 1880 966 1947 καί
985 1879 1048 1966 τήν

76 1981 177 2051 πόλιν
201 1981 332 2076 ταύτην
355 1982 454 2070 μόνοι
477 1978 675 2072 ἀνθρώπων
694 1987 824 2051 έσωσαν
850 1983 888 2050 ἐν
905 1981 953 2073 τῷ
971 1980 1048 2049 τότε

77 2084 200 2175 χρόνῳ.
251 2091 282 2154 εἰ
315 2091 436 2153 τοίνυν
466 2083 624 2173 μεγάλων
655 2079 800 2169 άγαθῶν
831 2092 922 2153 αἰτια
956 2082 1047 2171 ύμᾶς

76 2185 282 2274 εἰργάσαντο
314 2188 456 2275 ἐκείνοι,
482 2187 583 2276 μέρος
615 2185 681 2272 ἐγώ
709 2184 773 2256 ούκ
800 2181 845 2253 άν
873 2185 1047 2271 ἐλάχιστον

77 2291 216 2367 δικαίως
230 2286 354 2376 ταύτης
368 2292 428 2375 τής
442 2295 553 2368 αἰτίας
569 2293 681 2375 ἔχοιμι.
711 2294 743 2358 εἰ
754 2288 822 2376 γάρ
834 2302 905 2368 τοῖς
915 2285 1048 2377 άνδρά·

76 2407 131 2457 σιν
151 2391 291 2469 ἐκείνοις
308 2389 384 2459 τότε
401 2390 443 2457 τά
461 2388 629 2475 ἐπιτήδεια
651 2390 697 2478 μή
716 2390 876 2477 εἰσήχθη,
902 2387 943 2456 ού
969 2389 1047 2477 περὶ

75 2493 137 2558 τοῦ
158 2495 264 2560 σῶσαι
280 2492 341 2572 τάς
351 2489 496 2578 Ἀθήνας
510 2488 528 2559 ὁ
547 2495 710 2569 κίνδυνος
728 2482 770 2577 ήν
785 2487 902 2569 αύτοίς
915 2492 1047 2576 μάλλον

76 2588 193 2682 ήπερλ
217 2594 279 2661 τοῦ
304 2592 389 2682 μηδὲ
407 2591 535 2672 αύτούς
558 2593 721 2679 σωθήναι.
762 2590 903 2661 Τούτων
926 2597 1046 2660 τοίνυν
1067 2614 1098 2664 13

78 2691 188 2775 ούτως
209 2695 357 2779 ἐχόντων
376 2693 439 2764 ούκ
458 2692 565 2786 όλίγςο
583 2720 639 2783 μοι
652 2693 744 2782 παρά
762 2691 903 2781 γνάμην
921 2690 1046 2781 εύρέθη

76 2795 118 2863 τά
140 2798 292 2866 ἐνταῦθα
310 2794 491 2886 πράγματα
511 2802 638 2883 ἔχοντα.
671 2796 884 2864 κατέπλευσα
901 2793 964 2881 μέν
982 2794 1048 2883 γάρ

80 2895 126 2976 οδς
152 2898 457 2986 ἐπαινεθησόμενος
474 2896 544 2967 ύπό
562 2900 632 2967 των
656 2896 781 2967 ἐνθάδε
799 2903 995 2985 προθυμίας
1012 2921 1048 2965 τε

79 3003 194 3068 εἵνεκα
217 3001 274 3068 καλ
304 3003 492 3087 ἐπιμελείας
522 3001 591 3067 τῶν
621 2996 796 3088 ύμετέρων
821 2998 1047 3085 πραγμάτων·

123 3191 217 3274 ,ἔγνω
251 3199 339 3248 λυσιτ.
371 3196 448 3248 ΑΒΖ.
476 3222 509 3234 -·
537 3186 769 3248 πολιτεύσασθαι
796 3195 843 3246 AB
870 3195 941 3246 Bk.:
968 3194 1048 3245 πολι·

79 3264 363 3397 τευελλλοιύέμνεσθαι
387 3347 449 3384 cum
471 3332 555 3383 Dobr.
580 3331 673 3382 Turn:
696 3324 846 3396 γενέσθαι,
871 3355 905 3367 -
922 3320 1047 3387 ὁπόσους

75 3398 123 3449 ΑΒ
142 3399 207 3477 1212:
232 3391 336 3451 ὁπόσα.
361 3427 393 3438 -
417 3392 545 3464 τούτους]
571 3392 638 3459 τούς
660 3399 714 3454 ΒΖ.
737 3425 769 3434 -
792 3388 862 3450 ὅσου
884 3397 909 3448 A
927 3395 978 3446 Bk.
999 3392 1045 3460 (ei.

74 3464 131 3529 R).
149 3481 200 3586 ίλο
203 3485 290 3586 1όίίτια
309 3536 422 3601 scripsi:
441 3526 518 3596 ἄξια.
536 3559 569 3571 -
588 3532 639 3599 τῆς
661 3529 761 3592 αἰτίας
778 3533 847 3584 ΑΒΖ
865 3532 931 3582 Bk.:
952 3523 1047 3596 άξίας.
