2340 3916
360 199 458 250 RATA
476 197 767 253 ΔΗΜοΣουαουΣ.
1013 199 1053 263 19

82 359 210 450 Ἀρείου
229 359 339 445 πάγου
359 356 487 445 βουλὴν
507 354 591 447 (διὰ)
611 359 841 445 Δημοσθένην
858 361 914 427 καί
933 359 1051 448 Δημά-

85 473 149 554 δην
172 468 227 534 καὶ
250 466 504 552 Κηφισοφῶντα
529 461 715 550 ζητήσασαν
739 464 772 545 ἓξ
797 467 904 551 μῆνας
927 463 1053 549 άδίκως

85 580 131 654 είς
150 569 237 659 ὑμᾶς
255 573 459 657 πεποιῆσθαι
478 567 536 650 τάς
554 565 755 656 άποφάσεις;

164 684 306 761 Πολλοί,
326 668 351 744 ό
371 674 505 762 άνδρες,
523 675 642 744 πολλοὶ
659 678 728 745 τῶν
745 678 892 745 πολιτῶν
910 678 965 745 καὶ
984 681 1052 747 τῶν
1068 688 1101 738 46

85 783 195 852 ἄλλων
206 780 383 871 Ἑλλήνων,
398 780 478 870 ὅπερ
492 783 548 850 καὶ
561 779 726 871 πρότερον
740 780 846 869 εἶπον,
860 786 1053 872 θεωροῦσιν

85 888 171 978 ὑμᾶς
193 893 263 970 πῶς
285 891 406 957 τοῦτον
430 887 579 956 δικάσετε
601 884 662 955 τὸν
681 885 812 975 άγιόνα,
835 890 891 958 καὶ
910 888 1054 979 πότερον

86 1002 328 1084 εἰσαγωγίμους
350 991 483 1074 καὶτὰς
505 996 574 1062 των
597 990 709 1063 άλλων
732 999 941 1086 δωροδοκίας
958 996 1053 1084 ποιη-

87 1124 173 1188 σετε,
196 1099 216 1189 η’
237 1098 363 1187 ἀνέδην
382 1102 507 1181 ἐξέσται
530 1102 623 1189 διόρα
641 1101 826 1189 λαμβάνειν
845 1099 924 1171 καθ’
945 1098 1052 1190 ὑμῶν,

86 1212 140 1278 καὶ
164 1207 205 1276 τά
228 1207 391 1296 πρότερον
415 1207 581 1275 δοκοῦντα
609 1206 709 1276 πιστά
733 1209 790 1275 καὶ
818 1211 937 1296 βέβαια
965 1206 1053 1277 εἶναι

87 1319 151 1384 νῦν
175 1313 296 1384 άπιστα
315 1311 371 1381 διὰ
389 1310 451 1399 τὴν
469 1314 716 1399 Λημοσθένους
738 1320 850 1402 κρίσιν
870 1314 1054 1404 γενήσεται,

87 1419 127 1489 δν
146 1423 182 1490 ἐκ
201 1424 267 1488 τῶν
286 1417 397 1487 ἄλλων
415 1421 583 1508 προσῆκεν
601 1414 810 1488 ἀπολωλέναι
832 1424 901 1490 τῶν
919 1431 1053 1492 πεπολι-

87 1529 255 1614 τευμένων
283 1522 388 1616 αὐτῷ,
417 1521 453 1605 δς
476 1520 619 1605 δικάσαις
641 1541 714 1609 ταῖς
736 1521 834 1616 άραίς
856 1543 928 1609 ταῖς
954 1530 992 1596 έν
1014 1529 1055 1615 τῇ

86 1634 181 1702 πόλει
195 1633 385 1719 γινομέναις
400 1636 515 1717 ἔνοχος
529 1632 746 1720 καθέστηκεν,
761 1630 974 1720 ἐπιωρκηκώς
992 1633 1054 1721 μέν
1071 1649 1104 1698 47

87 1739 145 1819 τάς
168 1737 291 1827 σεμνάς
313 1735 396 1818 θεάς
418 1739 455 1804 έν
476 1732 589 1827 Ἀρείμ
617 1737 713 1829 πάγῳ
741 1740 797 1806 καὶ
825 1736 903 1820 τοὺς
930 1737 1054 1821 άλλους

86 1843 189 1926 θεοὺς
213 1841 272 1925 οὓς
296 1846 365 1912 ἐκεῖ
381 1842 586 1930 διόμνυσθαι
604 1843 750 1931 νόμιμόν
768 1846 852 1930 έστι,
871 1846 1054 1934 κατάρατος

88 1952 124 2019 δὲ
143 1948 221 2020 καθ’
244 1951 385 2036 ἑκάστην
404 1951 580 2036 ἐκκλησίαν
599 1950 785 2039 γινόμενος,
805 1953 1054 2039 ἐξεληλεγμένος

88 2057 177 2145 (μὲν)
204 2059 296 2145 διόρα
320 2053 402 2124 κατὰ
425 2057 483 2143 τῆς
505 2053 632 2137 πόλεως
655 2056 816 2146 εἰληφώς,
845 2054 1055 2145 ἐξηπατηκώς

89 2162 125 2230 δέ
148 2163 204 2231 καὶ
227 2160 287 2231 τὸν
311 2165 419 2249 δῆμον
442 2163 498 2231 καὶ
521 2158 583 2250 τὴν
606 2162 734 2252 βουλὴν
757 2161 847 2253 παρά
870 2162 932 2252 τὴν
956 2161 1054 2253 άράν,

88 2270 143 2336 καὶ
162 2271 256 2357 ἕτερα
275 2267 336 2355 μὲν
355 2269 461 2353 λέγων
480 2269 573 2357 ἕτερα
592 2268 630 2336 δὲ
648 2271 804 2359 φρονῶν,
823 2275 895 2360 ίδίμ
915 2269 953 2338 δὲ
971 2291 1054 2358 συμ-

87 2372 318 2461 βεβουλευκώς
330 2370 529 2466 Ἀριστάρχῳ
545 2372 657 2455 δεινάς
670 2377 726 2444 καὶ
740 2375 957 2465 παρανόμους
972 2397 1054 2463 συμ-

88 2481 224 2564 βουλάς·
248 2477 329 2548 ἄνθ’
351 2471 399 2548 οἷν
421 2520 466 2528 -
489 2489 580 2569 είπερ
599 2487 668 2549 ἔστι
690 2506 757 2550 που
781 2485 893 2549 δικαία
915 2486 1055 2570 τιμωρία

88 2585 171 2654 κατά
201 2589 269 2655 τῶν
302 2586 466 2674 ἐπιόρκων
493 2588 549 2655 καὶ
576 2589 745 2676 πονηρῶν,
769 2582 879 2676 ὥσπερ
911 2593 981 2655 ἔστι
1007 2626 1051 2635 -

89 2694 189 2761 δώσει
213 2698 312 2779 δίκην
331 2683 430 2772 οὗτος
448 2693 486 2759 έν
503 2694 543 2780 τῇ
561 2692 705 2782 τήμερον
728 2689 843 2783 ἡμέρᾳ.
881 2689 1055 2779 ἀκούσατε,

89 2791 115 2866 ὦ
135 2797 255 2888 άνδρες
275 2803 439 2883 δικασταί,
457 2800 515 2884 τῆς
533 2794 624 2887 άράς.

537 2932 615 2984 ΑΡΑ.

156 3107 198 3154 46
220 3101 467 3183 ωι1.(μαλ)τῶν
484 3104 675 3157 πολιτῶνμ-
641 3099 830 3174 -πότερου]
857 3098 997 3186 πρότεροη
1015 3123 1055 3171 pr

89 3172 120 3221 A.
138 3198 171 3208 -
195 3164 246 3231 τάς
264 3164 339 3224 κατά
357 3171 414 3223 τῶν
432 3164 526 3224 ἄλλων
544 3173 628 3223 N-
654 3167 782 3241 άναίδην
799 3175 884 3225 Ν.-
851 3161 993 3239 -δν]
973 3189 1013 3225 ων
1030 3173 1056 3223 N

89 3246 117 3290 et
136 3256 177 3305 pr.
195 3243 227 3295 A.
246 3267 279 3275 -—
298 3237 465 3318 γινομέναις
484 3256 545 3290 cum
562 3240 614 3291 Bk.
632 3241 724 3297 Tum
734 3235 924 3323 γενομέναις,

156 3311 200 3359 47.
221 3301 398 3373 έπιορκηιιάς
417 3324 458 3373 pr.
476 3305 657 3359 Αοοτι..--Ω
624 3305 828 3374 -γινόμενος
847 3324 916 3360 corr.
934 3307 972 3357 Ad
989 3308 1055 3363 Bk.-

88 3369 304 3459 γευόμενος.-
269 3372 372 3427 -καλ
391 3382 457 3426 ante
476 3367 527 3426 τόν
546 3372 640 3443 δῆμον
663 3392 715 3428 om
713 3392 773 3457 pr.
791 3381 823 3428 A.
840 3403 874 3414 -
901 3370 984 3456 ἕτερα
1002 3370 1057 3439 μὲν

90 3438 183 3523 λέγων
202 3436 273 3520 unffi]
298 3445 335 3494 cf.
316 3443 439 3494 f.Dem
444 3445 509 3525 18
527 3445 632 3521 282.—
661 3460 683 3494 ω
706 3435 812 3509 ἄνδρες
834 3444 876 3495 Νι
898 3435 1020 3507 ἄνδρες
1029 3466 1066 3476 -

90 3512 140 3573 τῆς
165 3503 237 3576 α’ρᾶς
260 3511 309 3561 ΝΑ
332 3511 398 3561 Bk..
416 3527 469 3571 τας
487 3503 568 3578 ἀράς.

840 3594 882 3647 (λὶ
