2340 3916
150 170 190 235 10
499 179 753 236 ΑΙΣΧΙΝΟΥ

191 334 327 418 στάμενοι
345 334 403 402 ὑπὸ
421 345 472 401 τοῦ
486 337 581 421 δήμου
596 342 725 404 ἔστωσαν
742 338 797 424 τὴν
814 339 933 426 ήλικίαν
950 340 1025 427 ὑπὲρ
1045 373 1106 410 τετ-

194 419 360 503 ταράκοντα
371 425 442 505 ἔτη]

234 534 330 603 Μετὰ
344 544 446 603 ταῦτα
457 543 584 619 τοίνυν,
598 529 626 606 ά
640 536 820 626 Ἀθηναῖοι,
833 552 1013 626 νομοθετεῖ
1026 544 1106 627 περὶ
1123 561 1153 616 13

149 631 364 721 ἀδικημάτων
375 633 529 719 μεγάλων
539 635 616 719 μὲν,
633 641 844 724 γιγνομένων
860 636 894 706 δ’
906 638 996 726 οἶμαι
1008 643 1046 708 ἐν
1064 650 1106 729 τῇ

152 736 261 805 πόλει·
282 739 319 803 ἐκ
336 736 401 820 γὰρ
418 744 480 802 τοῦ
497 735 705 821 πράττεσθαί
715 765 788 805 τινα
802 731 851 805 τόν
866 736 909 807 ού
920 746 1104 827 προσῆκεν,

151 836 188 900 ἐκ
200 831 322 900 τούτου
332 830 411 911 τοὺς
420 834 545 918 νόμους
556 838 684 919 ἔθηκαν
695 839 730 903 οί
737 843 879 910 παλαιοί.
917 839 1106 926 διαρρήδην

149 941 235 1017 γοῦν
246 936 333 1016 λέγει
348 929 365 999 ὁ
378 931 494 1016 νόμος,
517 930 576 999 ἐάν
588 959 661 999 τινα
673 934 866 1023 ἐκμισθώσῃ
884 936 1027 1021 ἑταιρεῖν
1037 960 1107 1004 πα-

149 1029 209 1117 τήρ
220 1025 242 1116 ή
254 1027 397 1115 ἀδελφὸς
408 1025 430 1114 ή
441 1025 565 1115 θεῖοςή
577 1027 782 1117 ἐπίτροποςή
799 1032 884 1110 όλως
894 1041 962 1100 τῶν
973 1041 1106 1116 κυρίων

149 1157 213 1216 τις,
224 1127 293 1197 κατ’
307 1128 412 1196 αὐτοῦ
429 1129 490 1213 μὲν
500 1136 561 1196 τοῦ
578 1132 695 1210 παιδὸς
707 1129 768 1198 ούκ
780 1135 818 1220 ἐᾷ
828 1133 960 1217 γραφὰς
970 1134 1106 1220 ἑταιρή-

98 1250 133 1303 40
151 1250 234 1305 σεως
246 1225 347 1310 εἶναι,
368 1225 452 1293 κατὰ
463 1227 499 1295 δὲ
515 1236 577 1295 τοῦ
588 1230 821 1314 μισθώσαντος
832 1234 886 1297 καὶ
897 1239 959 1296 τοῦ
969 1243 1106 1317 μισθω-

151 1332 314 1411 σαμένου,
332 1330 464 1411 τοῦμὲν
475 1325 527 1394 ὅτι
543 1331 759 1415 ἐξεμίσθωσε,
781 1337 842 1396 τοῦ
854 1329 890 1397 δὲ
901 1328 967 1412 ὅτι,
987 1334 1105 1417 φησὶν,

151 1424 368 1510 ἐμισθώσατο.
403 1426 458 1492 καλ
477 1434 531 1492 ίσα
547 1423 587 1492 τά
605 1428 748 1513 ἐπιτίμια
766 1430 907 1516 ἑκατέρῳ
930 1435 1104 1515 πεποίηκε,

150 1525 205 1590 καὶ
222 1520 268 1608 μή
291 1522 475 1607 ἐπάναγκες
496 1521 579 1590 εῖναι
600 1532 647 1613 τῷ
671 1528 762 1592 παιδὶ
783 1522 945 1611 ἡβήσαντι
966 1529 1106 1611 τρέφειν

150 1620 210 1689 τόν
227 1623 351 1704 πατέρα
367 1621 449 1707 μηδὲ
466 1630 598 1707 οίκησιν
608 1625 779 1709 παρέχειν,
802 1622 838 1702 ὃς
849 1619 1106 1711 άνέκμισθωθή

148 1722 304 1802 ἑταιρεῖν·
337 1719 556 1788 ἀποθανόντα
575 1721 609 1790 δὲ
633 1719 739 1789 αὐτόν
754 1727 910 1790 θαπτέτω
926 1723 981 1789 καὶ
997 1713 1104 1789 τάλλα

149 1830 281 1891 ποιείτω
298 1823 338 1890 τὰ
351 1824 559 1910 νομιζόμενα.
592 1830 762 1906 σκέψασθε
780 1822 838 1910 δή,
865 1821 908 1902 ὡς
925 1830 1035 1903 καλῶς
1041 1873 1051 1906 ,
1077 1815 1150 1890 031⁴

145 1921 333 2008 Ἀθηναῖοι,
361 1928 481 2002 ζῶντος
499 1926 560 2008 μὲν
576 1920 682 1990 αὐτοῦ
697 1921 884 2009 ἀφαιρεῖται
900 1919 963 2007 τήν
980 1919 1105 2007 ὄνησιν

149 2030 206 2107 τῆς
217 2026 441 2104 παιδοποιίας,
466 2020 577 2104 ὥσπερ
595 2024 719 2100 ἐκεῖνος
734 2029 796 2088 τοῦ
812 2017 929 2098 παιδός
940 2017 1003 2106 τήν
1013 2043 1104 2104 παρ·

149 2129 284 2208 ρησίαν,
307 2122 547 2208 τελευτήσαντα
560 2121 595 2188 δὲ
605 2119 726 2207 αὐτόν,
747 2119 846 2208 ἡνίκα
858 2119 877 2189 ὁ
890 2123 952 2206 μὲν
964 2117 1103 2204 εὐεργε-

149 2221 309 2305 τούμενος
320 2216 383 2288 ούκ
395 2218 591 2286 αἰσθάνεται
611 2209 658 2284 ὧν
675 2212 714 2285 εὖ
727 2220 860 2305 πάσχει,
882 2225 1015 2304 τιμάται
1029 2218 1066 2284 δὲ
1083 2215 1101 2284 ὁ

149 2319 251 2404 νόμος
266 2318 322 2386 καὶ
339 2315 375 2383 τό
394 2325 507 2401 θεῖον,
529 2317 673 2384 θάπτειν
688 2315 752 2403 ήδη
771 2318 898 2385 κελεύει
920 2318 975 2385 καὶ
997 2309 1104 2384 τᾶλλα

148 2431 257 2484 ποιεῖν
281 2415 321 2482 τά
343 2414 550 2500 νομιζόμενα.
573 2419 628 2482 καί
647 2423 722 2484 τίνα
743 2419 858 2499 ἕτερον
875 2416 983 2502 νόμον
999 2420 1105 2501 ἔθηκε

149 2514 283 2600 φύλακα
294 2519 362 2579 τῶν
372 2508 540 2597 ὑμετέρων
553 2518 698 2596 παίδων;
717 2515 777 2582 τόν
794 2522 851 2600 τής
862 2523 1102 2602 προαγωγείας,

149 2612 189 2679 τοὶ
213 2615 348 2697 με’γιστα
369 2614 512 2698 ἐπιτίμια
534 2612 733 2699 ἐπιγράψας,
772 2613 831 2681 ε’άν
850 2641 898 2691 τις
919 2612 1104 2694 ἐλεύθερον

100 2733 132 2787 41
151 2715 252 2777 παῖδα
262 2704 284 2794 ή
295 2723 437 2795 γυναῖκα
449 2711 677 2799 προαγωγεύῃ.
714 2715 768 2781 καὶ
785 2728 884 2782 ποῖον
899 2712 1019 2794 άλλον;
1040 2712 1102 2783 τὸν
1114 2733 1145 2784 15

149 2816 205 2893 της
218 2804 362 2893 ὕβρεως,
381 2805 417 2888 ὃς
429 2811 477 2879 ἑνὶ
488 2817 656 2899 κεφαλαίῳ
675 2809 805 2879 ἅπαντα
818 2809 1005 2881 τὰτοιαῦτα
1018 2825 1104 2882 σνλ-

148 2903 262 3007 λαβών
272 2911 352 2992 ἔχει·
374 2912 411 2977 ἐν
422 2901 449 2998 ᾦ
462 2907 645 2994 διαρρήδην
655 2913 845 2994 γέγραπται,
857 2910 918 2979 ἐάν
927 2938 975 2990 τις
985 2908 1104 2999 ὑβρίζῃ

148 3009 194 3082 είς
211 3010 311 3072 παῖδα
329 3004 470 3094 (ὑβρίζει
489 3009 524 3075 δὲ
536 3007 578 3092 δή
595 3032 662 3074 πον
674 3004 691 3075 ὁ
705 3009 945 3096 μισθούμενος)
958 3004 980 3095 ή
992 3008 1103 3095 άνδρα

147 3097 169 3187 ή
186 3119 346 3190 γυναῖκα,
367 3103 389 3191 ή
405 3112 474 3171 τῶν
490 3108 680 3188 ἐλευθέρων
696 3106 772 3173 τινά
789 3102 891 3192 ήτῶν
902 3107 1053 3197 δούλων,
1076 3105 1100 3196 ή

147 3197 208 3266 ἐάν
219 3202 417 3286 παράνομόν
425 3227 455 3268 τι
466 3210 544 3289 ποιῇ
555 3209 601 3280 εἰς
611 3201 741 3271 τούτων
750 3204 841 3290 τινά,
853 3202 985 3291 γραφάς
996 3204 1104 3293 ὕβρε-

148 3324 192 3377 ως
203 3297 288 3367 εἶναι
298 3307 478 3385 πεποίηκεν
488 3303 542 3369 καὶ
554 3309 676 3388 τίμημα
688 3305 868 3389 ἐπέθηκεν,
888 3303 908 3370 ό
919 3330 949 3371 τι
960 3303 1020 3391 χρή
1037 3331 1106 3373 πα-

148 3406 223 3464 θεῖν
234 3392 255 3480 ή
267 3394 427 3464 άποτῖσαι.
449 3403 522 3485 λε’γε
534 3401 593 3468 τόν
605 3402 720 3486 νόμον.
