2340 3916
168 181 230 244 152
504 181 762 238 ,ΑΙΣΧΙΝΟΤ

98 355 149 409 500
168 339 291 425 ἀνδρὸς
301 341 355 408 καί
366 345 587 425 νομοθετῆσαι
601 342 747 406 δυνατοῦ
766 340 905 423 καὶπερὶ
918 346 1051 424 ποίησιν
1062 341 1116 405 καὶ

167 448 369 526 φιλοσοφίαν
399 438 661 524 διατετριφότος,
691 438 935 522 ἐπιστρατεύειν
962 441 1015 506 ἐπὶ
1038 441 1117 517 τοῦς

165 543 292 625 ἐναγεῖς
309 538 391 606 κατά
408 540 469 624 την
485 544 644 624 μαντείαν
660 546 722 605 τοῦ
736 545 837 606 θεοῦ·
860 541 914 605 καί
930 545 1115 619 ουναθροί-
1135 543 1163 594 l·

167 659 283 715 σαντες
301 636 446 721 δύναμιν
462 635 584 722 ίκανην
600 644 668 703 των
683 634 936 721 Ἀμφικτυόνων
957 638 1117 721 ἐξηνδρα-

98 753 147 804 501
168 739 347 803 ποδίσαντο
368 736 447 814 τούς
469 731 672 820 ἀνθρώπους
694 733 829 802 καὶτὸν
853 736 968 819 λιμένα
990 739 1117 818 ἔχωσαν

166 839 221 902 καί
238 832 300 921 τὴν
316 831 414 902 πόλιν
431 833 543 900 αὐτῶν
559 837 772 914 κατέσκαψαν
788 835 843 901 καί
858 830 921 918 την
931 832 1044 917 χώραν
1053 829 1117 898 αύ-

166 942 234 1001 τῦν
256 935 468 1017 καθιέρωσαν
486 930 569 1000 κατά
584 930 648 1018 την
664 939 837 1017 μαντείαν·
858 934 913 999 καί
924 933 977 999 ἐπὶ
988 931 1117 1009 τούτοις

167 1029 271 1118 ὅρκον
287 1030 421 1116 ὤμοσαν
440 1029 577 1115 ἰσχυρόν
594 1027 671 1116 μήτ’
691 1027 787 1097 αύτοί
801 1028 865 1116 την
879 1030 1049 1114 ίεράνγῆν
1060 1034 1116 1113 ε’ρ-

164 1129 328 1215 γάσεσθαι
344 1125 419 1214 μήτ’
441 1127 530 1215 ἀλλφ
546 1131 749 1214 ἐπιτρέψειν,
771 1125 854 1195 ἀλλά
873 1128 1057 1214 βοηθήσειν
1069 1135 1117 1216 τῷ

163 1235 237 1316 θεῷ
252 1227 308 1293 καὶ
323 1233 365 1312 τῇ
382 1234 425 1314 γη
441 1235 483 1314 τῇ
499 1231 573 1314 ίερηί
588 1229 643 1295 καὶ
657 1228 740 1312 χειρὶ
756 1229 811 1294 καί
827 1228 905 1294 ποδὶ
923 1229 988 1311 [καὶ
1005 1233 1114 1313 φωνῇ]

165 1328 220 1394 καί
233 1326 323 1412 πάση
339 1324 487 1410 δυνάμει.
509 1327 564 1393 καὶ
581 1323 644 1393 οῦκ
662 1323 846 1410 ἀπέχρησεν
861 1321 974 1402 αὐτοῖς
994 1330 1115 1391 τοῦτον
1135 1331 1166 1383 ll

165 1421 271 1509 μόνον
289 1421 349 1490 τὸν
363 1419 468 1505 ὅρκον
486 1419 620 1509 ὀμόσαι,
644 1421 728 1492 ἀλλά
746 1427 799 1490 καί
824 1424 1038 1509 προστροπὴν
1060 1425 1116 1489 καὶ

98 1543 147 1597 502
168 1517 256 1603 ἀράν
282 1519 423 1605 ίσχυράν
444 1518 528 1606 ύπέρ
550 1521 678 1589 τούτων
699 1518 903 1607 ἐποιήσαντο.
935 1523 1116 1608 γέγραπται

164 1619 227 1706 γάρ
239 1617 345 1697 ούτως
361 1622 398 1686 ἐν
408 1647 448 1708 τη
460 1619 541 1708 ἀρά,
564 1630 622 1702 ,,εί
629 1647 678 1699 τις
688 1621 790 1688 τάδε“
802 1623 882 1707 φησί
892 1628 1115 1710 ,,παραβαίνοι

164 1745 184 1803 η
171 1713 293 1795 πολις
308 1745 328 1803 η
317 1712 635 1804 ’“ίδιω’τηςηέθνος,
659 1720 803 1806 ἐναγηςίί
820 1724 924 1806 φησίν
934 1727 1041 1807 ,,ε”στω
1053 1729 1115 1788 τοῦ

160 1813 369 1896 ’Λπόλλωνος
384 1819 439 1885 καὶ
455 1826 512 1904 τῆς
528 1815 714 1904 Ἀρτέμιδος
731 1821 787 1886 καί
802 1826 934 1905 Λητοῦς
950 1816 1022 1886 καί’
1017 1827 1116 1903 Αθη-

164 1923 225 1995 νάς
241 1924 416 2002 Προνοίας.
418 1925 440 1959 “
461 1919 516 1984 καί
532 1915 760 2002 ἐπεύχεται’
718 1931 830 1996 αυτοῖς
846 1943 927 2004 μητε
943 1924 1008 2004 γῆν
1029 1944 1112 2001 καρ-
1132 1935 1163 1986 ll

107 2053 108 2056 κ
164 2013 249 2092 ποῦς
266 2019 398 2102 φέρειν,
420 2017 501 2102 μήτε
517 2031 678 2101 γυναῖκας
696 2021 795 2084 τέκνα
814 2025 936 2085 τίκτειν
955 2026 1113 2103 φονεῦσιν

164 2115 309 2201 ἐοικότα,
330 2113 414 2182 ἀλλά
429 2117 563 2200 τέρατα,
586 2118 669 2201 μηδὲ
689 2116 882 2203 βοσκήματα
903 2115 986 2184 κατά
1008 2117 1113 2202 φύσιν

163 2210 266 2297 γονάς
282 2224 465 2297 ποιεῖσθαι,
484 2205 587 2299 ἧτταν
605 2216 639 2283 δέ
655 2212 768 2293 αὐτοῖς
785 2215 870 2282 εἶναι
892 2218 1038 2300 πολέμου
1057 2217 1112 2282 καὶ

163 2317 267 2381 δικῶν
284 2317 338 2381 καί
353 2311 502 2400 ἀγορῶν,
524 2316 579 2383 καὶ
595 2313 722 2395 ἐξώλεις
739 2311 892 2382 εἶναικαὶ
914 2312 1036 2392 αύτούς
1056 2316 1112 2380 καί

163 2420 268 2492 οίκίας
289 2416 343 2482 καί
366 2417 464 2499 γένος
483 2411 520 2481 τό
544 2418 690 2483 ἐκείνων.
727 2419 810 2500 ,καὶ
832 2414 986 2500 μήποτε“
1007 2416 1111 2499 φησὶν

162 2511 285 2597 ,,ὁσίως
301 2513 445 2580 θύσειαν
460 2520 506 2603 τῷ
523 2509 706 2582 Ἀπόλλωνι
715 2514 798 2600 μηδὲ
808 2520 849 2602 τῇ
860 2512 1019 2600 Ἀρτέμιδι
1029 2513 1111 2598 μηδὲ

161 2620 201 2700 τῇ
215 2610 406 2698 Λητοϊμηδ
421 2608 549 2700 Ἀθηνᾷ
559 2619 725 2701 Προνοίᾳ,
747 2612 829 2698 μηδὲ
840 2614 987 2692 δέξαιντο
998 2609 1110 2677 αὐτόν

161 2707 201 2775 τά
214 2707 321 2794 ίερά.“
342 2707 393 2776 ότι
406 2708 437 2777 δ’
457 2707 569 2797 ἀληθῆ
581 2714 681 2796 λέγω,
693 2707 867 2795 ἀνάγνωθι
882 2707 1015 2794 τὴντού
1025 2716 1111 2775 θεοῦ
1129 2724 1144 2775 1
1166 2729 1170 2735 ·

161 2813 327 2892 μαντείαν.
351 2805 515 2876 ἀκούσατε
532 2817 590 2894 τῆς
607 2807 698 2895 ἀράς.
725 2805 961 2894 ἀναμνήσθητε
972 2813 1040 2874 τῶν
1051 2803 1112 2884 ὅρ-

91 2928 145 2982 503
164 2932 249 2990 κων,
271 2901 331 2984 οῦς
346 2903 443 2992 ὑμῶν
461 2909 495 2974 οί
509 2905 671 2992 πρόγονοι
687 2902 767 2991 μετά
780 2911 849 2972 των
857 2902 1113 2990 Ἀμφικτυόνων

160 3004 368 3091 συνώμοσαν.

524 3109 748 3171 ΜΑΝΤΕΙΑ.

203 3200 266 3286 [οῦ
278 3205 356 3288 πρὶν
366 3207 465 3287 τῆσδε
476 3203 599 3289 πόληος
609 3207 752 3286 ἐρείψετε
763 3201 895 3287 πύργον
906 3200 1048 3285 ἑλόντες,

202 3307 281 3383 πρίν
289 3326 326 3384 γε
337 3304 559 3386 θεοῦτεμένει
569 3298 995 3386 κυανώπιδοςἏμφιτρίτης

200 3405 289 3482 κῦμα
301 3397 478 3486 ποτικλύζη
489 3404 655 3468 κελαδοῦν
666 3404 805 3482 ίεραῑσιν
816 3396 865 3466 ἐπ’
878 3396 1014 3477 ἀκταῖς]
