2340 3916
272 215 336 271 KA
346 215 404 271 TA
432 214 462 271 Κ
470 214 589 271 ml
595 213 703 274 ΦΩΝ
712 216 812 275 ΤΟΣ.
950 213 1010 279 171

60 379 114 441 ἵνα
131 372 175 460 μη
193 380 335 460 βοηθοίν
351 387 418 451 τοϊς
434 381 502 440 τείν
519 372 697 458 προγόνων
706 371 891 463 ἀτυχήμασι
903 384 1012 456 κακῶς

10 487 44 541 70
59 479 203 561 ἐπιχειρῇ
221 485 330 539 ποιεῖν
345 469 408 557 την
432 473 539 540 πόλιν.
563 480 674 559 τρίτον
695 474 856 562 σοι’φρονα
879 477 934 543 καὶ
954 479 1013 564 μέ-

59 601 153 656 τριον
178 570 240 659 χρὴ
264 575 450 658 πεφυκέναι
471 569 576 639 αύτὸν
597 570 680 659 πρὸς
700 570 762 659 τὴν
781 570 864 641 καθ’
887 571 1014 660 ἡμέραν

61 675 204 755 δίαιταν,
232 670 321 749 ὅπως
333 671 377 757 μη
391 669 444 737 διὰ
456 669 519 756 την
530 669 704 759 α’σέλγειαν
716 679 773 759 τῆς
785 673 935 760 δαπάνης
946 678 1014 741 δοι-

60 776 184 858 ροδοκῇ
196 767 279 838 κατὰ
291 777 353 836 τοῦ
363 768 487 855 δήμου,
511 774 666 855 τέταρτον
678 767 874 857 εύγνοίμουα
886 775 940 839 καὶ
952 777 1013 839 δυ-

59 867 163 937 νατὸν
180 874 298 936 εἰπεῖν·
321 865 427 935 καλὸν
444 866 508 953 γὰρ
525 866 587 954 την
604 869 665 955 μὲν
678 868 830 937 διάνοιαν
842 884 1011 953 προαιρεί-

60 977 142 1035 σθαι
152 967 192 1035 τὰ
203 972 364 1055 βέλτιστα,
375 968 437 1054 την
450 969 486 1037 δὲ
496 972 650 1035 παιδείαν
659 966 722 1054 την
732 977 793 1035 τοῦ
804 970 943 1056 ῥήτορος
956 971 1011 1036 καλ

59 1064 232 1149 τὸνλόγον
243 1074 373 1133 πείθειν
383 1063 463 1143 τούς
473 1063 673 1144 ἀκούοντας·
687 1073 718 1133 εί
728 1066 763 1134 δὲ
774 1065 829 1152 μὴ,
840 1067 902 1153 τήν
912 1065 939 1153 γ’
951 1066 1011 1135 εύ-

59 1165 282 1250 γνωμοσύνηυ
296 1162 347 1232 ἆελ
365 1167 566 1247 προτακτέον
577 1173 638 1232 τού
655 1164 767 1250 λόγον.
790 1169 938 1252 πέμπτον
948 1164 1011 1234 ἆν-

60 1266 172 1344 δρείον
183 1260 267 1328 εἶναι
279 1261 340 1347 τὴν
350 1263 475 1348 ψυχὴν,
486 1265 542 1330 ἵνα
553 1263 597 1349 μη
611 1262 699 1346 παρὰ
711 1261 751 1330 τὰ
764 1264 855 1331 δεινοὶ
868 1266 923 1333 καὶ
933 1263 1012 1344 τούς

59 1366 223 1447 πολέμους
240 1364 456 1449 ἐγκαταλείπῃ
473 1360 533 1430 τὸν
545 1366 659 1448 δῆμον.
682 1362 742 1430 τὸν
754 1359 784 1429 δ’
796 1361 1011 1449 ,ὀλιγαρχικὸν

59 1461 167 1527 πάντα
179 1465 232 1527 δεῖ
239 1457 397 1528 τάναντία
408 1460 536 1528 τούτων
545 1466 645 1547 ἔχειν’
658 1468 692 1528 τί
701 1460 766 1548 γὰρ
777 1466 829 1529 δεῖ
843 1462 944 1529 ποίλιν
959 1466 1010 1529 δι-

58 1562 194 1640 εξιέναι;
207 1564 378 1640 σκέψασθε
389 1558 441 1645 δὴ,
454 1568 487 1627 τί
496 1561 625 1629 τούτων
635 1559 776 1646 ὑπάρχει
783 1562 1010 1647 Δημοσθένει·
1026 1575 1075 1629 561

59 1657 75 1725 ὁ
90 1659 125 1726 δὲ
137 1658 292 1744 λογισμὸς
303 1665 386 1727 ἔστιν
398 1660 450 1726 ἐπὶ
461 1666 540 1725 πᾶσι
553 1662 699 1737 δικαίοις.

10 1775 43 1830 71
148 1757 263 1846 Τούτῳ
281 1755 390 1842 πατὴρ
407 1758 468 1843 μὲν
486 1749 530 1843 ἦν
544 1755 799 1843 Δημοσθένηςὸ
817 1757 1008 1842 Παιανιεύς,

59 1853 145 1940 ἀνὴρ
157 1853 349 1938 ἐλεύθερος·
363 1852 404 1921 ού
418 1853 482 1939 γὰρ
496 1858 550 1921 δεῖ
556 1855 757 1935 ψεύδεσθαι·
779 1854 818 1922 τοὶ
831 1853 863 1924 δ’
875 1851 940 1923 νίπδ
953 1863 1010 1940 τῆς

58 1954 180 2041 μητρός
205 1958 259 2022 καὶ
282 1962 344 2022 τού
366 1954 505 2022 ποίππου
525 1963 588 2021 τού
608 1954 690 2039 πρὸς
712 1955 834 2041 μητρὸς
855 1962 926 2033 πῶς
946 1959 1010 2039 ἔχει

58 2056 165 2145 αὐτοῖς
189 2051 251 2139 ἐγώ
274 2053 404 2140 φράσω.
438 2051 561 2121 Γύλων
577 2045 620 2139 ἦν
642 2055 678 2120 ἐκ
697 2057 888 2139 Κεραμέων.
912 2042 1010 2130 οὗτος

59 2152 206 2238 προδούς
230 2166 297 2232 τοῖς
319 2160 487 2238 πολεμίοις
502 2152 687 2239 Νύμφαιον
702 2150 739 2220 τό
758 2156 795 2221 ἐν
810 2161 858 2242 τῷ
878 2152 1008 2241 Πόντῳ,

59 2255 133 2320 τότε
150 2261 206 2339 της
223 2252 349 2331 πόλεως
366 2252 504 2339 ἐχούσης
516 2249 552 2320 τδ
567 2260 690 2340 χωρίον
706 2260 823 2338 τούτο,
845 2249 957 2338 φνγδς
974 2255 1009 2318 ἐκ

58 2360 116 2438 τῆς
133 2352 259 2430 πόλεως
275 2355 404 2437 ἐγένετο
421 2353 575 2420 θανοίτου
586 2357 881 2437 καταγνωσθέντος
892 2349 1006 2436 αύτού,
1026 2370 1077 2424 562

10 2475 41 2530 72
58 2452 119 2539 την
136 2461 248 2537 κρίσιν
263 2450 330 2537 ούχψ
342 2449 539 2537 ὑπομείνας,
558 2454 612 2519 καὶ
620 2450 807 2537 ἀφικνεῖται
819 2456 865 2528 είς
874 2448 1008 2518 Βόσπο-

58 2579 129 2634 ρον,
141 2549 406 2636 κάκείλαμβοίυει
419 2551 547 2632 δωρεὰν
558 2549 647 2634 παρὰ
664 2559 732 2617 τῶν
743 2549 919 2633 τυράννων
930 2546 1009 2627 τούς

59 2647 316 2733 ὠνομασμένους
332 2647 487 2734 Κήπους,
510 2648 565 2715 καὶ
581 2661 681 2732 γαμεῖ
689 2660 832 2732 γυναῖκα
844 2653 1008 2715 πλουσίαν

58 2750 120 2833 μὲν
131 2745 172 2832 νὴ
184 2752 251 2814 Δία
262 2748 315 2813 καὶ
333 2756 471 2833 χρυσίον
488 2748 730 2834 ἐπιφερομένην
746 2745 849 2833 πολύ,
872 2748 1008 2815 Σκύθιν

59 2847 94 2914 δὲ
105 2845 142 2914 τὸ
155 2852 268 2931 γένος,
290 2848 322 2925 ἐξ
333 2838 372 2930 ἧς
388 2854 558 2932 γίγνονται
574 2842 665 2935 αύτῷ
675 2848 858 2931 θυγατέρες
870 2845 948 2930 δύο,
969 2842 1008 2925 δὶς

57 2951 181 3023 ἐκεῖνος
191 2950 291 3029 δεύρο
299 2941 379 3031 μετὰ
389 2952 522 3012 πολλῶν
533 2944 708 3031 χρημάτων
719 2941 912 3022 ἀποστείλας
924 2963 1008 3011 συν-

58 3045 156 3135 ῴκισε
179 3044 241 3130 τὴν
261 3046 322 3131 μὲν
349 3045 464 3130 ἑτέραν
492 3039 696 3130 ὁτῳδήποτε,
731 3045 786 3111 ἵνα
807 3037 851 3127 μὴ
877 3049 1008 3120 πολλοῖς

58 3145 312 3230 ἀπεχθάνωμαι·
337 3146 398 3231 την
415 3143 448 3211 δ’
466 3146 580 3229 ἑτέραν
590 3149 688 3231 ἔγημε
700 3140 852 3230 παριδοδν
862 3141 940 3222 τούς
951 3150 1008 3229 τῆς

56 3243 182 3321 πόλεως
194 3244 319 3329 νόμους
331 3246 554 3330 Λημοσθένης
571 3241 798 3329 ὁΠαιαυιεύς,
823 3246 855 3324 έξ
872 3235 912 3326 ἧς
928 3241 1009 3328 ύμῖν
1025 3258 1076 3314 563

56 3339 73 3407 ὁ
94 3347 265 3425 περίεργος
282 3344 336 3409 καὶ
355 3343 567 3427 συκοφάντης
584 3347 755 3428 γεγένηται
773 3343 1003 3428 Λημοσθένης.

55 3435 182 3505 ούκοῦν
200 3436 263 3506 nin&
284 3440 344 3524 μὲν
361 3449 423 3507 τοῦ
441 3441 580 3508 πάππου
599 3447 661 3508 τοῦ
677 3436 759 3525 πρὸς
776 3437 897 3526 μητρὸς
909 3440 1008 3506 πολέ-
