2340 3916
283 219 404 275 ΠΕΡΙ
422 217 855 275 ΠΑΡΑΠΡΕΣΒΕΙΑΣ.
999 213 1043 280 97

90 375 304 464 λήψειχόριν·
329 373 370 441 οὐ
388 370 452 459 γαρ
471 367 514 439 όν
531 372 648 441 δύναιο
660 372 783 455 αὐτοὺς
791 382 971 462 τηλικαῦτα
983 372 1043 443 εὐ-

91 482 279 561 εργετῆσαι,
291 472 389 558 ἡλίκα
398 469 569 556 Ἀθηναῖοι
581 474 760 558 πρότερον,
780 465 829 540 οἷν
840 473 881 541 οὐ
894 479 1042 560 μέμνην-

90 600 158 640 ται·
181 570 241 652 οὓς
265 570 296 639 δ’
319 575 576 656 ἐγκαταλείψεις,
601 568 759 656 οἷδικήσας
782 573 896 659 χρήσει
909 576 1042 659 ἐχθροῖς

17 792 76 848 118
164 768 236 837 Ἵνα
257 773 292 835 δὲ
314 765 358 852 μή
381 771 538 851 διατρίβω
559 763 639 844 τούς
660 769 731 833 ἐκεῖ
742 768 863 851 λόγους
880 769 1043 853 ῥηθέντας

91 878 157 937 νῦν
181 867 263 952 πρός
283 864 369 953 ὑμᾶς
391 864 536 951 ἀκριβῶς
559 864 703 952 διεξιών,
726 870 763 935 ἐν
782 874 950 955 κεφαλαίῳ
969 871 1043 952 περὶ

92 974 227 1037 πάντων
251 964 354 1035 είπών
375 968 553 1050 παύσομαι.
576 963 597 1051 ή
618 965 679 1051 μὲν
699 966 780 1052 τύχη
803 969 858 1034 καὶ
880 974 1044 1047 Φίλιππος

92 1060 180 1153 ἦσαν
197 1074 263 1132 τῶν
281 1071 389 1149 ἔργων
405 1063 531 1146 κύριοι,
555 1061 619 1147 ε’γω
638 1066 674 1130 δὲ
684 1071 742 1150 τῆς
758 1071 804 1142 είς
815 1063 901 1149 ὑμᾶς
914 1063 1045 1144 εὐνοίας

92 1167 146 1232 καὶ
163 1173 230 1232 τῶν
247 1163 367 1247 λόγων.
390 1158 470 1243 παρ’
489 1165 573 1246 ἐμοῦ
590 1163 650 1246 μὲν
667 1156 731 1229 οὖν
741 1163 869 1248 ἐρρήθη
881 1161 921 1230 τό
933 1167 1042 1230 δίκαια
1061 1169 1113 1225 989

93 1261 197 1330 καὶτὰ
209 1267 422 1346 συμφέροντα
434 1257 530 1345 ὑμῖν,
548 1259 653 1347 ἀπέβη
665 1260 700 1328 δὲ
711 1258 773 1347 οὐχ
786 1259 831 1340 ὡς
840 1260 933 1346 ἡμεῖς
951 1261 1045 1348 εόχό-

93 1370 197 1447 μεθα,
221 1357 295 1427 ἀλλ’
309 1356 663 1439 τόςΦίλιπποςέπραξε.
688 1354 1046 1445 πότερουοῧνὸμηδὲυ

93 1458 326 1544 προθυμηθεὶς
339 1457 548 1541 ἐργάσασθαι
566 1455 700 1542 ιἰγαθόν
711 1458 838 1536 δίκαιός
849 1462 937 1525 ἐστιν
947 1457 1046 1526 εὐδο-

93 1563 169 1640 ξεῖν,
182 1552 204 1641 ή
216 1552 231 1622 ὁ
245 1555 349 1641 μηδὲν
361 1548 409 1621 οἷν
420 1547 463 1638 ήν
476 1551 620 1632 δυνατός
630 1556 804 1634 ἐλλείπων;
826 1559 863 1622 ἐν
874 1555 910 1621 δὲ
921 1564 968 1643 τῷ
980 1580 1044 1621 πα-

94 1655 186 1736 ρόντι
200 1655 277 1720 νυνὶ
287 1651 392 1721 πολλὰ
404 1650 457 1720 διὰ
468 1651 528 1719 τόν
539 1650 658 1736 καιρόν
669 1661 869 1737 παραλείπω.

21 1768 76 1822 119
176 1751 259 1820 Είπε
278 1753 328 1834 δὲ,
353 1749 397 1829 ως
413 1751 661 1834 ἐψευδολόγουν
678 1751 821 1835 φοίσκων
832 1749 954 1836 ὀλίγων
965 1749 1044 1837 ήμε-

95 1848 232 1937 ρώντὰς
250 1849 363 1936 Θήβας
378 1853 517 1915 ἔσεσθαι
533 1847 705 1932 ταπεινὰς,
728 1850 784 1916 καὶ
810 1845 889 1926 τοὺς
910 1845 1047 1934 Εὐβοᾶς

94 1948 137 2029 ὡς
158 1948 308 2034 ἐφόβουν
332 1947 492 2032 προάγων
511 1952 557 2024 είς
578 1951 710 2025 ἐλπίδας
732 1948 824 2026 τινας
845 1945 940 2033 ὑμᾶς.
971 1945 990 2015 ὃ
1012 1950 1047 2016 δὲ

93 2063 194 2132 ποιεῖ,
217 2046 442 2131 καταμάθετε,
468 2038 495 2111 τό
514 2043 691 2130 Ἀθηναῖοι.
718 2045 781 2130 ἐγω
800 2044 865 2132 γὰρ
883 2047 972 2131 παρὰ
984 2054 1047 2114 Φι-

94 2153 202 2234 λίππῳ
221 2145 283 2229 μὲν
301 2140 348 2210 τόν
366 2141 506 2228 ήξίωσα,
531 2139 614 2226 πρός
632 2140 663 2208 δ’
677 2140 763 2228 ὑμᾶς
774 2142 868 2230 ήκωυ
881 2142 1047 2229 ἀπήγγελ-

93 2253 163 2328 λον,
177 2242 227 2309 ότι
238 2240 296 2319 τόις
308 2242 419 2328 Θήβας
429 2248 593 2308 Βοιωτίαν
604 2246 734 2309 δίκαιον
744 2241 887 2329 ήγοίμηυ
899 2242 981 2310 εἶναι
993 2245 1048 2310 καὶ
1065 2253 1115 2309 290

93 2339 137 2426 μή
150 2340 211 2426 τήν
220 2347 384 2408 Βοιωτίαν
397 2340 517 2425 Θήβας.
540 2346 639 2406 τοῦτο
658 2337 720 2406 οὐκ
738 2338 949 2426 ἀπαγγεῖλαι,
972 2341 1031 2409 ἀλλ

22 2457 77 2512 120
93 2437 299 2524 ὑποσχέσθαι
310 2440 351 2522 με’
360 2459 473 2523 φησιν.
497 2443 612 2520 ἔλεγον
623 2439 659 2503 δὲ
671 2437 754 2520 πρός
765 2437 867 2524 ὑμᾶς,
880 2439 930 2506 ότι
940 2448 1048 2507 Κλεο-

94 2539 196 2623 χοίρης
224 2534 241 2603 ὁ
266 2535 450 2613 Χαλκιδεὺς
477 2536 663 2620 θαυμάζειν
688 2532 784 2620 ἡμῶν
806 2538 860 2603 καὶ
881 2544 1048 2604 Φιλίππου

96 2644 176 2721 φαίη
188 2633 251 2721 τήν
262 2640 417 2720 ἐξαίφνης
428 2632 605 2720 ὁμόνοιαν,
625 2631 669 2711 ὡς
679 2636 734 2700 καὶ
750 2631 786 2700 τό
805 2640 1049 2721 προστεταγμέ-

96 2733 263 2819 νονήμῖν,
286 2733 442 2815 πρόττειν
461 2732 624 2818 όγαθόνό
635 2758 667 2799 τι
678 2727 721 2798 νίν
734 2733 931 2819 δυναίμεθα,
955 2738 1048 2822 ἐντῷ

96 2840 294 2918 ψηφίσματι·
320 2831 398 2908 τούς
416 2830 480 2914 γὰρ
507 2837 757 2916 μικροπολίτας,
781 2830 892 2914 όίσπερ
916 2828 1048 2914 αὑτούς,
1066 2843 1122 2908 λ91,

95 2938 215 3017 φοβεῖν
233 2929 273 2995 τὰ
290 2938 358 2995 τῶν
375 2930 535 3014 μειζόνων
554 2929 735 3016 ἀπόρρητα.
756 2939 859 2997 ταῦτα
877 2928 919 2997 οό
932 2931 1049 3015 διηγή-

96 3036 224 3096 σασθαί
237 3055 277 3114 με
296 3030 414 3113 φησὶν,
438 3025 512 3095 ἀλλ’
533 3032 735 3115 ἐπηγγέλθαι
752 3027 813 3114 τήν
824 3026 974 3114 Εὔβοιαν
986 3054 1049 3094 πα-

97 3128 270 3213 ραδώσειν.
293 3127 356 3209 ἐγώ
376 3125 411 3192 δὲ
423 3121 620 3212 ὑπειλήφειν
632 3131 701 3193 δεῖν
711 3125 773 3211 τήν
785 3127 883 3194 πόλιν
891 3126 952 3211 τήν
965 3124 1049 3209 ὑπὲρ

97 3234 164 3292 τεόν
176 3224 266 3292 όλων
277 3228 464 3309 μέλλουσαν
474 3225 700 3310 βουλεύεσθαι
712 3222 855 3309 μηδενός
866 3223 1049 3311 λόγουἙλ“

96 3333 234 3412 ληνικοῦ
247 3323 393 3410 ἀνήκοον
406 3322 497 3390 εἶναι.
587 3364 602 3375 ·=

26 3437 78 3493 121
184 3426 346 3509 Διίβαλλε
368 3422 404 3489 δὲ
424 3420 581 3491 κάκεῖνον
603 3421 834 3509 διαιρούμενος
857 3426 917 3488 τόν
935 3422 1047 3506 λόγον,

139 3520 297 3572 Αεεοαιιιιτε.
