2340 3916
144 191 187 256 66
336 189 551 243 ΔΕΙΝΑΡΧΟΤ
568 190 666 241 ΚΑΤΑ
684 189 935 242 ΦΙΛΟΚΔΕΟΤΣ.

144 355 213 420 τῶν
236 356 344 441 έργων
367 350 422 418 καὶ
445 353 504 438 της
532 346 691 438 ἀληθείας
718 345 1003 438 ἀποδεδειγμένην
1030 345 1118 436 ύμῖν

145 455 228 526 κατά
247 460 314 525 τῶν
327 457 537 547 κρινομένων
551 453 687 525 ἀδικίαν
706 456 767 542 (είς
785 453 873 544 ὑμᾶς
887 446 1119 544 λαμβάνοντες

146 561 279 650 αύτούς,
293 563 392 652 μηδὲ)
413 616 533 630 ......
552 560 680 651 ἀκυρον
697 561 907 651 ποιήσαντες,
920 562 1118 650 βοηθήσατε

99 695 136 731 111
146 673 242 759 κοινῇ
266 674 305 759 τῇ
329 675 464 757 πατρίδι
486 671 542 737 καὶ
564 684 635 748 τοῖς
657 670 785 757 νόμοις·
809 671 914 736 ταύτα
939 669 943 757 λ
968 666 1033 757 γάρ
1053 664 1118 755 ἀμ-

147 776 272 865 φότερα
291 775 512 857 διαδικάζεται
531 777 597 843 νύν
614 774 698 866 πρὸς
715 772 779 863 τὴν
797 774 919 844 τούτου
937 780 1120 863 πονηρίαν.

146 1017 218 1079 ρειν
235 986 298 1076 τὴν
316 990 444 1075 ψῆφον,
463 989 518 1055 καὶ
537 989 606 1055 των
624 990 662 1057 έν
675 987 778 1076 ταύτη
798 988 1121 1074 κατεσκευασμένων

147 1097 247 1184 ἱερῶν
265 1095 321 1162 καὶ
343 1096 412 1162 τῶν
430 1089 580 1183 ἀρχαίων
602 1100 756 1184 νομίμων
777 1095 833 1163 καὶ
851 1096 910 1181 τῆς
927 1096 1120 1182 παραδεδο-

147 1202 248 1287 μένης
272 1195 337 1268 ύπὸ
356 1202 425 1267 τῶν
443 1199 622 1290 προγόνων
640 1196 722 1288 ύμῖν
744 1204 925 1286 πολιτείας,
949 1194 1010 1286 ούχ
1029 1193 1121 1286 ὑπὲρ

148 1306 352 1385 Φιλοκλέους
370 1305 489 1393 μόνον·
514 1297 614 1388 οὗτος
632 1306 693 1394 μέν
711 1305 775 1396 γὰρ
799 1302 905 1375 αὑτοῦ
928 1305 1031 1375 πάλαι
1049 1304 1118 1372 δά-

148 1438 252 1480 νατον
265 1413 459 1498 κατέγνωκε.
495 1411 596 1481 ταῦθ’
618 1408 705 1500 ύμάς
724 1412 880 1480 ἱκετεύων
903 1410 968 1498 έγέι
987 1415 1118 1478 δικαιο-

146 1520 247 1606 τέραν
269 1516 357 1587 πολύ
375 1520 491 1607 δέησιν
514 1520 631 1607 δέομαι
653 1517 784 1588 τούτων
806 1521 874 1586 τῶν
896 1520 1035 1586 τοιαῦτα
1057 1542 1117 1585 πε-

146 1624 338 1714 πραχότων,
366 1623 409 1713 μὴ
439 1627 668 1711 ἐγκαταλιπεῖν
695 1619 780 1713 ὑπὲρ
808 1615 857 1692 οἷν
891 1627 927 1693 oi
950 1622 1119 1711 πρόγονοι

147 1729 292 1811 πολλούς
310 1727 495 1820 ὑπέμειναν
512 1731 705 1816 κινδύνους,
724 1727 802 1818 μηδ’
824 1734 871 1811 είς
888 1726 1028 1811 ἀδοξίαν
1042 1734 1117 1797 αίσ-

146 1835 231 1927 χράν
250 1834 390 1923 ἀγαγεῖν
407 1836 445 1906 τὸ
464 1840 523 1925 τῆς
535 1836 663 1918 πόλεως
681 1833 824 1924 ἀξίωμα,
848 1836 932 1924 μηδὲ
950 1832 1118 1925 (ἀντι)κα-

146 1942 372 2023 ταλλάξασθαι
390 1941 452 2032 τὴν
471 1941 555 2033 πρὸς
567 1943 709 2025 τούτους
726 1943 825 2033 χάριν
839 1945 907 2012 τῶν
925 1942 1040 2029 νόμων
1058 1944 1118 2011 καί

146 2051 215 2116 τῶν
238 2051 300 2116 τού
323 2048 433 2136 δήμου
458 2048 711 2138 (ψηφισμάτων)
735 2051 790 2118 καὶ
813 2051 882 2117 τῶν
905 2052 963 2137 τῆς
990 2051 1120 2135 βουλάς

95 2173 127 2220 99
147 2151 360 2240 ἀποφάσεων.
397 2151 543 2242 ἀκριβῶς
566 2149 630 2246 γάρ
654 2165 738 2241 ίστε,
763 2145 789 2223 ά
810 2152 998 2242 Ἀθηναῖοι,
1022 2150 1117 2243 ἀκρι-

147 2262 226 2346 βῶς,
242 2255 292 2327 ὅτι
305 2254 401 2347 ὑμεῖς
415 2258 477 2347 μέν
490 2259 581 2351 παρά
595 2263 699 2330 πᾶσιν
713 2258 907 2352 ἀνθρώποις
920 2262 1118 2329 έπαινείσδε

147 2380 219 2446 ταῖς
242 2367 477 2453 γεγενημέναις
500 2367 674 2456 ζητήσεσιν
692 2364 777 2457 ύπέρ
799 2365 930 2436 τούτων
947 2367 1016 2432 τῶν
1034 2392 1117 2455 χρη-

147 2471 271 2559 μάτων,
287 2475 324 2541 οί
335 2469 364 2540 δ’
381 2474 626 2562 ἐξεληλεγμένοι
640 2472 723 2544 κατά
738 2475 796 2562 τῆς
810 2473 940 2542 ἑαυτῶν
953 2477 1119 2559 πατρίδος

148 2581 240 2668 δῶρα
264 2578 436 2667 εἰληφότες
462 2581 606 2670 πονηροὶ
628 2581 686 2649 καὶ
713 2577 824 2650 ἀδικοι
850 2579 907 2649 καὶ
933 2576 1118 2666 μισόδημοι

146 2691 336 2771 νομίζονται
351 2682 449 2771 εἶναι,
465 2694 576 2772 φιλεῖν
589 2681 677 2774 ύμάς
691 2686 876 2772 φάσκοντες
889 2685 945 2754 καὶ
958 2682 1116 2774 πράττειν

147 2785 231 2876 ὑπὲρ
253 2792 323 2856 τῶν
340 2793 399 2878 τῆς
416 2791 543 2871 πόλεως
561 2787 719 2876 ἀγαθοῖν,
737 2793 792 2859 καὶ
812 2788 858 2859 δι’
879 2786 966 2878 ὑμᾶς
984 2792 1116 2871 ἔνδοξοι

146 2897 370 2983 γεγενημένοι.

147 3019 261 3093 τούτου]
281 3019 391 3079 τούτων
409 3045 450 3095 pr
469 3027 493 3078 A
521 3027 594 3093 quod
611 3028 713 3079 malim.

214 3097 255 3150 91.
280 3064 557 3215 κατασκευασμένων
578 3097 604 3149 N
632 3094 928 3216 ε1ἒμε.ι1οοω..--2
956 3089 1028 3163 ύμιν
1053 3112 1115 3148 cum

145 3163 178 3213 R.
197 3162 289 3214 Turn:
296 3155 449 3242 ύμῶνμ-
472 3157 532 3242 μὲν
551 3156 661 3247 γάρ]μ
664 3157 777 3218 δ.νεικ1
795 3165 821 3215 N
837 3164 945 3218 Mr.-
974 3163 1038 3214 mal.
1062 3157 1115 3216 αύ-

146 3221 196 3290 τός
218 3221 373 3283 αύτούμ-
399 3228 523 3282 τοιαῦτα
549 3233 649 3297 scripsi
676 3231 738 3282 coll.
760 3232 845 3293 §16;
873 3234 901 3296 1,
926 3234 988 3284 199
1011 3230 1113 3284 ταῦτα.

145 3325 176 3336 -
203 3288 387 3350 άντικαταλλ.
404 3298 451 3351 Hi.
471 3297 534 3349 coll.
553 3301 577 3363 1,
595 3304 620 3352 3.
638 3301 684 3363 153
703 3302 728 3362 9,
749 3302 793 3350 17:
811 3271 1114 3364 καταλλάξασθαι.-

145 3373 189 3432 ’φη
172 3359 343 3434 ηφιομάτων
360 3364 421 3416 add.
439 3366 492 3421 Mr.
511 3366 574 3417 coll.
593 3370 616 3433 1,
635 3369 678 3423 84.
697 3335 755 3422 161.

214 3435 256 3485 99.
281 3425 471 3485 έπαινεισδαι
488 3449 529 3500 pr.
546 3434 643 3486 Ad.—
661 3427 733 3500 (ἐπὶ)
751 3437 816 3496 ταις
833 3437 867 3487 οἰ.
885 3435 927 3499 R,
946 3435 995 3487 sed
1013 3434 1049 3486 cf.
1062 3434 1114 3486 Mr.

145 3503 232 3553 —In
250 3502 303 3552 fine
321 3501 456 3566 quaedam
474 3501 572 3554 deesse
589 3507 691 3569 putant
707 3503 785 3554 ‘surr
