2340 3916
10 165 12 204 ³
61 216 92 267 p.
109 199 155 251 45.
286 200 377 250 ΠΕΡΙ
394 200 471 251 του
487 200 643 254 Πυοεοο
660 203 825 257 αλμοστ.
997 210 1039 273 49

65 400 129 461 την
149 372 187 441 θλ
210 366 256 460 μή
280 377 470 460 εἰσαγαγεῖν
492 369 553 459 τήν
575 374 638 462 μὲν
661 372 787 496 νόθην,
813 372 924 467 ὥσπερ
947 374 1041 473 αύτῷ

65 474 234 563 προσῆκε,
251 472 307 540 καλ
325 468 470 562 ύκληρον
487 476 682 560 κατέστησε,
701 472 759 543 τὸν
778 476 815 544 δε·
832 478 1039 568 κληρονόμον

66 575 226 643 κατέλιπε
246 575 314 643 τῶν
332 575 463 642 ἑαυτοῦ.
508 570 592 644 ύλλολ
614 604 681 664 μην
706 572 750 655 ὥς
773 602 812 663 γε
834 574 913 647 ούτε
936 609 1038 669 γαμη·
1056 599 1092 655 76

66 680 146 744 λίαν
165 670 358 761 εἰσήνεγκεν
382 668 511 754 ὁθείος
534 670 645 804 ἡμῶν,
669 672 747 745 οὔτε
770 673 832 764 τήν
855 684 1037 770 θυγατέρα,

66 771 110 863 ἣν
139 795 225 863 φασι
252 782 394 862 γνησίαν
417 772 509 868 αύτῷ
531 775 618 845 εἶναι
641 766 752 865 οὗτοι,
778 784 967 866 εἰσαγαγεῖν
991 788 1038 863 είς

64 872 148 956 τούς
160 872 327 997 φράτορας
339 871 474 963 ἠξίωσε,
494 879 548 945 καὶ
560 880 664 946 ταῦτα
682 876 788 967 νόμου
805 874 900 959 ὄντος
911 876 1037 969 αὐτοῖς,

64 972 296 1063 ἀναγνώσεται
325 971 407 1065 ύμῖν
422 975 499 1064 τήν
521 981 590 1047 τοῖν
613 976 790 1067 φρατόρων
815 982 882 1049 τῶν
908 984 1039 1053 ἐκείνου

64 1084 263 1167 μαρτυρίαν,
306 1073 563 1164 Ἀυαγίγνωσκε
597 1076 640 1147 σύ
665 1075 697 1148 6'
718 1083 855 1167 ἐπίλαβε
878 1079 914 1150 τό
933 1080 1037 1173 ὕδωρ.

454 1243 652 1294 ΜΑΡΤΤΡΙΑ.

144 1384 237 1469 Λαβέ
256 1384 293 1452 δὲ
311 1384 365 1452 καλ
382 1380 444 1471 τήν
462 1378 507 1463 63
526 1381 699 1471 ἐποιήσατο
717 1382 775 1454 τὸν
794 1383 872 1474 ἐμὸν
889 1383 1038 1476 ολδελφὸν

62 1482 146 1554 υίὸυ
163 1478 262 1576 αύτῷ.

450 1650 650 1701 ΜΑΡΤΤΡῙΑ.

146 1788 229 1859 Εἶτα
245 1784 340 1877 ύμεῑς
358 1786 419 1876 τήν
430 1786 626 1878 Νικοδήμου
644 1798 829 1879 μαρτυρίαν
847 1792 914 1859 τοῖν
932 1786 1038 1860 αύτού
1054 1810 1087 1861 77

63 1892 129 1960 τού
152 1897 252 1959 θείου
277 1891 503 1979 ἐκμαρτυριῶυ
526 1894 722 1979 πιστοτέραν
745 1886 914 1979 ἡγήσεσθε
937 1891 1034 1981 εἶναι,

64 1993 123 2061 καλ
143 1986 205 2077 τήν
223 1984 310 2060 οὕτω
336 1988 451 2078 κοινήν
474 2006 543 2071 τοῖς
567 1994 781 2080 βουλομένοις
797 1995 1034 2081 γεγενημένην,

64 2088 194 2179 ταύτην
225 2089 421 2181 ἐπιχειρήσει
449 2120 499 2172 τις
527 2086 613 2180 ύμας
642 2099 775 2162 πείθειν
797 2089 847 2162 ὅτι
871 2090 1035 2180 ἐγγυητήν

65 2207 213 2279 γυναῖκα
242 2186 260 2260 6
289 2185 445 2282 ήμίτερος
468 2203 561 2272 θεῖος
592 2198 703 2281 ἔσχενς
746 2189 820 2263 ἄλλ’
845 2188 958 2281 ὑμεῖς,
990 2188 1035 2275 ὡς

65 2287 170 2380 ἔγωγ’
189 2288 361 2381 οἶμαι,’
320 2319 361 2361 ου
379 2290 590 2380 πιστεύσετε,
616 2291 733 2362 ἑολν
691 2323 735 2383 μη
753 2288 961 2384 ἀποφαίνῃ
942 2310 1003 2381 υμῑ
1003 2323 1035 2383 ν,

63 2388 151 2482 ὅπερ
174 2387 354 2514 ἀρχόμενος
384 2392 479 2462 εἶπον
507 2392 708 2482 τοῦλόγου,
737 2394 959 2514 πρῶτονμὲν
983 2396 1036 2463 ἐπὶ
1053 2406 1089 2457 78

62 2501 135 2564 τίνι
152 2482 325 2583 προικὶ
281 2520 379 2573 ουτος
393 2494 549 2614 ἐγγυῆσαι
567 2522 613 2585 τῳ
602 2493 752 2587 Πύρρῳ
772 2490 904 2584 φησὶ
866 2522 928 2580 την
939 2490 1035 2563 666-

63 2592 156 2682 ιμήν,
187 2600 299 2662 ἔπειτα
322 2591 404 2682 πρὸς
427 2589 544 2663 ὁποῖον
567 2590 709 2683 ἄρχοντα
738 2590 759 2681 6
784 2590 926 2712 ἐγγυητή
948 2592 1035 2719 γυνή

62 2690 269 2763 ἀπέλιπε
234 2722 293 2763 του
321 2689 479 2815 66666'¹
457 2692 560 2782 ητόυ
589 2694 681 2764 οἶκον
706 2690 873 2784 αύτού,ε
858 2694 928 2764 εἶτα
954 2691 1034 2787 παρ’

61 2792 147 2865 ὅτου
170 2797 342 2915 ἐκομίσατο
366 2792 428 2882 τήν
450 2811 572 2917 προῖκα
595 2792 714 2913 αύτής,
745 2792 859 2884 ἐπειδή
885 2805 1034 2866 τετελευ-

61 2892 174 3015 τηκύς
197 2884 276 2986 66
265 2882 294 2963 6
316 2916 420 2983 φησιν
443 2890 550 2983 αύτήυ
575 2900 748 2985 ἐγγυήσαι
787 2892 808 2986 6
833 2893 904 2967 εί’
885 2900 1035 2967 απαιτῶν

60 2992 109 3085 μή
139 2969 279 3065 ἑδύνατύ
296 3003 499 3085 κομίσασθαι
523 3002 567 3085 Ι
566 3027 587 3067 υ
613 3008 738 3067 είκοσιυ
763 3004 888 3086 ἔτεσιν,
913 2993 1034 3069 ὁποίαν

61 3102 165 3183 δίκην
182 3090 316 3165 σίτου’1
294 3125 315 3184 η
333 3099 391 3185 τῆς
409 3096 544 3187 προικὸς
568 3094 669 3185 αὐτῆς
692 3094 838 3189 ύπλρ
796 3128 854 3187 της
873 3103 1034 3189 ἐγγυητής

59 3194 222 3286 γυναικὸς
252 3194 425 3267 ἐδικάσατο
452 3202 500 3290 τῷ
531 3206 637 3288 ἔχοντι
661 3196 720 3270 τὸν
742 3196 884 3291 Πύρρου
910 3205 1034 3291 κλήρου

60 3288 170 3378 οὗτος.
205 3304 253 3367 ἔτι
273 3298 310 3366 δὲ
328 3296 409 3387 πρὸς
427 3298 555 3380 τούτοις
580 3298 809 3383 ἐπιδειξάτω”
789 3329 854 3394 οτμ
849 3300 1034 3423 πρότερον
1050 3320 1085 3371 79

60 3394 82 3487 6
100 3394 244 3523 ύστερρν
261 3394 432 3486 ἠγγύησεν
448 3389 546 3481 οὗτος
563 3398 624 3489 τήν
641 3396 855 3490 ολδελφήν,’“
834 3431 854 3489 η
874 3408 905 3470 εί
928 3404 959 3482 ἐξ
977 3396 1033 3468 ἅλ-

58 3510 125 3570 λου
141 3497 233 3579 τιυὸς
254 3502 525 3589 γεγευήμίνοιί
494 3504 558 3571 είσὶ
582 3509 699 3583 παῖδες
717 3499 810 3591 αὐτῇ.
842 3505 946 3571 ταύτα
968 3488 1032 3570 οὖν

112 3614 227 3665 Imus
857 3622 879 3682 4
