2340 3916
63 230 66 234 Α
164 153 226 218 εον
502 155 783 232 [mmor]

164 341 275 402 φρονα
293 313 373 383 ὅντα
391 335 445 399 σε,
466 316 520 383 καὶ
537 311 578 381 τά
597 312 736 400 άγοραία
753 323 856 383 ταῦτα
874 317 930 384 καὶ
940 312 980 383 τά
992 312 1112 386 άπολέ-

87 484 90 495 2
164 433 268 483 σαντα
289 411 375 502 ἡμᾶς
396 412 634 499 ἐπιτηδεύματα
655 418 784 498 μάλλον
805 416 1018 499 περιέποντα,
1047 410 1111 482 κάν

48 558 51 562 -
78 504 80 508 ⁴
165 510 316 600 άποχρῆν
332 511 571 599 ὑπελάμβανόν
588 531 625 578 σε
641 507 831 598 ὑπομνῆσαι
850 511 960 598 μόνον
976 510 1016 579 τά
1038 517 1112 596 περὶ

164 608 472 698 τοάςΔιαγορείους
490 607 595 678 εἰπάν
610 613 672 696 ἔπη
681 610 871 695 Πινδάρου·
895 621 961 680 νῦν
978 612 1014 680 δὲ
1026 610 1109 697 οίδα,

164 711 215 780 ὅτι
231 712 338 799 μάτην
354 732 407 781 σοι
423 709 548 797 ταύτην
559 709 621 796 τὴν
639 711 746 796 λύραν
763 713 907 798 λέξομεν.
939 716 1034 780 δοκεῖ
1047 707 1140 782 οὖνὸ

93 822 146 880 670
163 837 218 897 μοι
229 809 358 896 ἀνάγκη
373 809 458 878 εἶναι
475 809 701 896 διηγήσασθαί
713 829 765 877 σοι
783 808 820 879 τά
839 810 982 898 διήγημα
998 820 1110 880 τοῦτο·

163 909 256 990 άξιον
266 910 330 995 γάρ
339 906 489 993 άκοῦσαι,
497 913 528 975 εί
536 908 591 976 καὶ
601 906 645 994 μὴ
658 915 828 995 προσῆκον
834 909 1044 995 Κλεοκράτει.
1058 911 1112 976 λε’-

162 1036 253 1095 γεται
264 1008 329 1096 γάρ
340 1009 427 1095 γυνή
438 1032 517 1076 ποτε
528 1014 706 1095 πρεσβῦτις
712 1005 907 1096 Ὀλυμπίασι
918 1016 1111 1093 παρελθοῦ-

162 1127 205 1175 σα
217 1114 262 1188 είς
273 1106 309 1176 τὰ
323 1107 459 1175 στάδιον
466 1107 599 1176 ἑστάναι
609 1131 644 1174 τε
654 1104 723 1193 άμα
730 1121 799 1186 τοῖς
809 1105 951 1194 άνδράσι
963 1108 1016 1174 καὶ
1029 1113 1112 1175 θεά-

163 1215 245 1274 σθαι
261 1202 340 1285 τούς
358 1203 636 1292 άνωνιζομένους,
660 1206 864 1273 ἐπιστάντων
884 1206 921 1274 δὲ
938 1203 1023 1293 αὐτῇ
1044 1211 1110 1272 τῶν

157 1301 415 1389 Ἑλλανοδικῶν,
432 1301 484 1371 ὅτι
496 1303 652 1391 ἐτόλμησε
663 1313 845 1390 παρελθεῖν
856 1311 903 1386 εἰς
912 1302 949 1373 τά
963 1305 1109 1387 στάδιον,

163 1401 409 1488 ἀποκρίνασθαι
431 1408 520 1490 ,,τίνι
536 1403 601 1488 γάρ
620 1401 704 1492 άλλρ
720 1407 854 1488 γυναικὶ
869 1411 968 1471 τοῦτο
988 1407 1110 1470 δέδωκε

161 1502 393 1588 καυχήσασθαι
409 1499 549 1582 οὕτωςό
567 1503 664 1585 θεὸς,
685 1501 737 1571 ὅτι
752 1505 808 1571 καὶ
819 1507 942 1588 πατέρα
953 1504 1009 1572 καὶ
1025 1516 1111 1588 τρεῖς

162 1599 328 1688 άδελφοάς
347 1598 599 1686 Ὀλυμπιονίκας
619 1604 683 1686 ἔχει
703 1602 756 1689 καὶ
780 1598 858 1669 υίόν
878 1597 932 1669 ἐπ’
952 1598 1111 1688 Ὀλύμπια

162 1698 280 1784 άγει;“.
291 1698 411 1786 ταύτης
417 1692 481 1767 οὖν
491 1706 549 1786 τῆς
560 1698 779 1787 πρεσβύτιδος
788 1701 843 1768 καὶ
853 1699 975 1768 τούτου
984 1708 1045 1768 τοῦ
1056 1705 1113 1787 γε’-
1127 1721 1144 1776 6

162 1821 243 1876 νους
264 1793 419 1882 άπορράξ
437 1798 526 1865 ἐστιν
543 1794 562 1867 ὁ
582 1799 808 1886 Κλεοκράτης,
836 1795 880 1878 ὥς
896 1803 965 1866 ἔστι
980 1807 1111 1885 μάλλον

161 1891 331 1983 πάντωνῆ
343 1894 449 1964 αὐτοῦ
460 1901 642 1965 πυθέσθαι.
673 1900 727 1966 καὶ
740 1903 842 1966 πλείω
858 1898 921 1983 μὲν
933 1896 975 1965 οά
985 1899 1110 1986 βούλο-

162 2022 221 2081 μαι
239 1999 362 2082 λέγειν,
384 1994 429 2082 μὴ
445 1994 488 2064 οὐ
505 2003 655 2083 μηνῦσαί
669 2016 737 2082 σοι,
749 1995 832 2082 ὅπερ
849 1993 1006 2084 ἠξίωσας,
1020 1997 1111 2077 ὅστις

161 2093 249 2160 ἐστίν
261 2089 278 2160 ὁ
290 2091 517 2180 Κλεοκράτης,
529 2092 714 2180 βούλεσθαι
724 2095 845 2181 μόνον,
858 2092 941 2164 άλλά
952 2100 1007 2164 καὶ
1018 2100 1105 2182 ἐγκε

94 2208 128 2266 θλ
131 2209 143 2264 1
163 2197 363 2281 κωμιακέναι
374 2191 494 2278 αὐτὸν,
513 2193 625 2281 ὥσπερ
637 2196 692 2264 καὶ
704 2197 922 2283 Θρασύμαχος
932 2195 992 2265 τὸν
1003 2200 1108 2284 ξένον,

161 2292 382 2381 συντετάχθαι
394 2294 448 2362 καὶ
459 2291 628 2362 άποτίνειν
638 2295 763 2383 ταύτην
774 2294 834 2384 τὴν
844 2296 942 2383 χάριν
952 2304 1014 2365 τοῦ
1025 2307 1110 2385 λαμ-

160 2400 252 2480 πράς
262 2394 432 2463 ἑστιᾶσθαι
444 2397 541 2462 δοκῶ.
565 2402 727 2463 τοσοῦτον
737 2397 850 2483 μέντοι
860 2397 977 2483 εἴποιμ’
989 2393 1043 2481 άν,
1059 2398 1110 2465 ὅτι

160 2490 180 2580 ἡ
192 2500 368 2581 πρεσβῦτις
379 2497 503 2582 ἐκείνη,
517 2499 549 2562 εί
555 2503 676 2563 τοῦτον
687 2495 822 2582 ἐννάκει
834 2494 893 2566 τδν
903 2499 1108 2585 Κλεοκράτη,

160 2590 247 2660 πολὺ
259 2589 302 2659 άυ
311 2600 439 2679 μᾶλλον
451 2596 501 2662 ἐπὶ
512 2594 619 2685 τούτῳ
636 2591 719 2682 ἧέπὶ
737 2609 805 2676 τοῖς
822 2601 918 2664 πέντε
933 2594 1103 2684 Ὀλυμπιο-

160 2701 266 2774 νίκαις
276 2693 485 2780 ἐσεμνύνετο.

620 2844 649 2907 5.

126 3050 133 3068 „
241 2981 276 3050 ‘0
288 2979 348 3067 μὲν
357 2979 553 3067 Ἰουλιάδης,
567 2971 596 3070 ᾦ
607 2978 731 3066 μάλιστ’
745 2984 946 3069 ἐπεποίθεις,
959 2981 1036 3051 οὔτε
1054 2983 1110 3054 ὅτε

162 3078 334 3167 ἀφίγμεθα
347 3074 512 3156 είςῬόδον
523 3079 641 3162 παρών
651 3083 781 3167 ἔτυχεν,
802 3078 886 3149 άλλά
898 3083 971 3164 περὶ
982 3088 1111 3152 Λίνδον

160 3171 219 3267 ἦν,
249 3177 321 3247 οὔτ’
342 3174 537 3245 ἐπανελθών
560 3182 605 3257 είς
621 3175 736 3248 Ῥόδον
756 3189 914 3266 περιττάς
932 3179 1110 3268 ἡσμένισεν

159 3276 260 3365 ἡμᾶς,
283 3280 344 3356 ἔξω
356 3274 396 3363 δὴ
407 3284 469 3344 τοῦ
478 3274 518 3343 τά
535 3275 629 3346 κοινά
650 3287 754 3346 ταῦτα
769 3281 964 3369 προστάξαι,
989 3285 1107 3367 λέγειν,

161 3388 194 3445 εί
206 3402 308 3444 τινων
324 3376 492 3465 χρῄζομεν.
526 3374 544 3445 ὁ
563 3377 599 3445 δὲ
615 3378 843 3466 Κλεοκράτρς,
867 3379 945 3448 οὐδὲ
961 3377 1007 3467 μά
1029 3380 1109 3460 τούς
