2340 3916
183 207 246 270 140
599 198 726 250 ΙΣΑΙΟΤ
1025 197 1078 248 On.
1100 199 1130 249 ll

183 373 274 462 κεν),
298 369 320 442 ά
345 368 376 441 6’
401 365 496 460 ύμείς
522 367 581 459 ε’μά
600 369 685 441 εἰναι
709 374 937 459 ἐψηφίσασθε,
960 373 1007 462 τῷ
1025 378 1166 457 βουλο-

107 473 118 500 ”
183 477 272 566 μένῳ
291 471 405 552 δόντες
429 474 540 554 ἕξουσί
539 500 581 542 αν
582 468 824 593 ἀμφισβητεῖν
841 466 970 558 αὐτῶν,
998 473 1051 540 ἐπὶ
1067 469 1145 540 τού·
1166 534 1169 539 .

181 602 250 654 τοις
279 575 349 663 ἐμοὶ
378 570 550 653 τοιούτους
571 567 702 659 άγῶυας
726 569 986 663 παρασκευάζειν
1015 573 1129 653 καίἰ
1096 579 1146 654 εἰς

182 677 279 745 τοῦτο
297 669 572 793 άναισγυντίας“
551 699 663 758 ηκειν;
1014 696 1017 702 ’

131 783 165 837 15
259 785 381 865 Οἰομαι
392 762 507 862 μὲνς
465 800 527 842 ουν
545 774 600 841 καὶ
613 776 649 842 ἐκ
665 801 734 843 των
746 769 811 861 666
825 774 1007 863 εἰρημένων
1024 773 1147 860 γιγνώ-

103 912 105 917 v
182 887 323 946 σκεσθαι
345 870 427 963 ύμῖν
448 869 499 942 ὅτι
517 869 577 942 οὔτ
582 868 715 943 ’ἄδικά
737 871 795 943 τόν
817 878 921 942 παῖδα
943 869 1112 943 0666st
1068 869 1156 957 ουτ’,

183 973 295 1065 ἔνοχός
319 981 385 1063 εἰμι
406 971 541 1067 ταύταις
562 989 634 1054 ταῖς
659 980 778 1053 αἰτίαις
801 969 881 1042 0666
903 970 987 1046 κατά
1009 972 1146 1095 μικρόν·

183 1083 230 1145 ἔτι
250 1077 286 1146 66
303 1062 578 1206 ἀκριβέστερον
559 1077 701 1197 ηγαῠμαι
719 1076 775 1145 καὶ
794 1077 829 1143 ἐκ
845 1074 913 1144 ταῖν
930 1062 1078 1144 άλλων
1057 1078 1149 1163 υμᾶς

183 1174 414 1300 μαθήσεσθαι,
439 1177 494 1244 και
516 1172 577 1298 τήν
596 1172 652 1243 6
611 1202 677 1264 μην
695 1178 864 1244 ἐπιδικασί
849 1182 914 1261 ίαν,
934 1169 978 1256 ὦς
995 1177 1148 1264 γέγονεν,

183 1273 388 1357 άκούσαντας
411 1277 488 1366 περὶ
511 1271 631 1346 αὐτῶν.
679 1277 749 1365 ἐμοὶ
771 1272 852 1366 γάρ,
883 1266 910 1344 6
932 1272 1069 1366 άυθρες,
1089 1284 1149 1345 λα-

183 1376 274 1466 χόντι
297 1381 359 1447 τού
382 1375 506 1466 κλήρου
529 1373 592 1464 τήν
617 1382 715 1464 δίκην
742 1373 821 1446 ούτε
842 1366 938 1456 οὗτος
960 1371 978 1445 6
1000 1379 1065 1446 νῦν
1090 1377 1149 1464 ἐμὲ

184 1480 404 1565 εἰσαγγέλλων
428 1473 523 1570 ᾠήθη
550 1483 621 1548 δεῖν
645 1474 953 1568 παρακαταβάλλειν
975 1471 1061 1566 ὑπὲρ
1084 1479 1150 1546 τοῦ

183 1577 319 1666 παιδός,
344 1575 421 1648 οὔτε
438 1583 472 1647 οἰ
487 1585 655 1668 Στρατίου
674 1583 791 1658 παιδες
809 1583 843 1647 οἰ
858 1574 958 1646 ταύτὰ
980 1605 1026 1669 τῳ
1014 1580 1149 1648 ’παιδὶ

183 1676 440 1802 προσήκοντες,
446 1675 524 1747 οὔτε
552 1675 598 1748 δι’
624 1675 704 1748 ἄλλο
726 1674 828 1749 οὐδὲν
855 1673 967 1758 αὐτοῖς
998 1646 1150 1766 ἐνόμιζον

133 1792 166 1845 16
184 1777 364 1897 προσήκειν
380 1776 508 1849 τούτων
524 1782 593 1849 τάν
604 1777 793 1870 χρημάτων
814 1781 884 1848 ἐπεὶ
897 1773 1015 1848 0'66’⁸
995 1806 1038 1847 αν
1048 1767 1149 1859 οὗτος

183 1883 248 1951 νύν
266 1880 337 1969 ἐμοὶ
354 1876 528 1971 πράγματα
544 1896 717 1972 παρεῖχεν,
743 1887 774 1948 εἰ
790 1875 830 1948 τά
851 1906 911 1949 του
900 1875 1048 1958 ’παιδὸς
1067 1887 1149 1948 stow

184 1975 341 2065 ἁρπάζειν
363 1981 419 2049 καί
441 1976 487 2068 μή
509 1977 736 2069 ἠναντιούμην
753 1975 864 2101 αύτῷ
887 1968 978 2049 οὗτοι
990 1968 1113 2068 μετ’
1070 2006 1148 2069 ουν,

184 2076 296 2202 ὥσπερ
320 2078 472 2166 εἰπον,ε
474 2076 624 2160 ἰδότες”
604 2108 655 2150 οτι
679 2070 785 2162 ἔξως
763 2100 849 2168 ησαν
871 2082 929 2168 τής
946 2075 1147 2168 άγχιστείας,

184 2175 246 2248 ούκ
263 2175 495 2267 ημφισβητουν
506 2175 581 2248 αλλ
600 2174 742 2268 ήσυχίαν
760 2178 864 2269 εἰχον
882 2209 921 2249 ο
902 2175 966 2249 ἰ’ὃ
956 2174 1131 2302 ύπὲρ”
1088 2207 1149 2267 της

183 2276 398 2366 Εὐβουλίδου
420 2275 589 2369 θνγατρὸς
612 2277 826 2370 πράττοντες,
850 2281 909 2367 τής
931 2277 968 2349 τὸ
990 2276 1072 2349 αύτό
1098 2286 1148 2348 δι

184 2387 286 2461 καίως
309 2407 356 2473 τῳ
344 2382 626 2470 Στρατοκλέους
649 2382 743 2449 παιδί
767 2379 1012 2469 προσηκούσης,
1036 2382 1092 2448 καὶ
1114 2384 1152 2448 οἰ

184 2478 293 2572 κύριοι
315 2483 373 2568 τής
387 2475 520 2568 Ἁγνίου
542 2476 662 2571 μητρὸς
684 2471 823 2603 ήσαυι
793 2476 856 2550 οἷοι
880 2478 961 2570 πρὸς
985 2476 1075 2569 ἐμὲ’
1055 2508 1148 2548 αντι-

134 2599 167 2652 17
186 2587 302 2652 δικεῖυ.
352 2589 399 2662 εἰς
426 2577 588 2661 τοσαύτας
618 2576 651 2649 6’
681 2577 820 2671 άπορίας
848 2575 1093 2668 κατίστησαν”
1073 2607 1092 2649 ο
1114 2609 1148 2649 τι

185 2679 452 2773 άντιγράψυνται
469 2683 610 2773 περί”
568 2709 626 2768 της
643 2678 845 2771 ἀγχιστείας,
871 2677 954 2750 ὥστε
971 2708 992 2767 η
981 2675 1073 2769 ‘6621
1088 2677 1150 2750 τὸν

185 2785 309 2871 κλήρου
326 2790 447 2872 ἔχουσα
462 2783 518 2850 καί
537 2786 570 2850 οἰ
592 2785 742 2869 λέγοντες
765 2779 801 2852 τὸ
819 2783 895 2870 περί
918 2777 1020 2868 αύτής
1037 2782 1146 2868 γένος,

187 2879 301 2970 ἐπειδή
319 2880 583 2968 κατεψεύσαντο,
608 2885 732 2973 ῥᾳδίοις
748 2877 847 2952 ύπ’ἐ
831 2883 911 2969 ἐμοῦ
926 2880 1002 2951 τότε
1019 2883 1148 2969 ἐξηλέγ-

185 2994 318 3071 γθησαν
340 2978 403 3052 οὐκ
432 2977 556 3068 άληθίς
584 3010 615 3050 τι
637 2982 761 3073 γράψαι
788 2979 1025 3069 τολμήσαντες,
1056 2985 1090 3050 οἰ
1113 2975 1146 3048 6'

184 3076 330 3206 ύπὲρ”
288 3111 347 3170 της
364 3078 499 3170 Ἁγνίου
516 3080 642 3205 μητρὸς
652 3086 741 3171 γένει
763 3083 825 3171 μὲν
843 3084 913 3171 ἐμοὶ
929 3077 1030 3151 ταύτὰ
1046 3100 1148 3170 προσ-

186 3182 395 3271 ηκούσήςα
358 3179 395 3274 (ά
397 3179 502 3272 δελφή
530 3179 592 3272 γάρ
619 3174 662 3271 ήυ
689 3186 752 3252 τοῦ
778 3181 960 3271 Στρατίου)
988 3179 1080 3273 νόμῳ
1110 3181 1149 3248 66

186 3279 483 3373 άποκλειομένης,“
463 3312 500 3364 ος
517 3283 644 3353 κελεύει
655 3298 789 3374 κρατεῖν
797 3309 874 3363 τους
885 3280 1038 3373 άρρενας,
1049 3283 1148 3351 τούτο

187 3384 249 3474 μὲν
267 3395 397 3474 είασαν,
421 3383 566 3474 οἰόμενοι
591 3380 623 3452 6'
648 3386 729 3472 ἐμοῦ
750 3380 1003 3470 πλεονεκτήσειν
1024 3381 1149 3471 μητέρα

187 3484 274 3557 εἰναι
296 3489 359 3557 τού
376 3483 631 3574 τελευτήσαντος
655 3490 816 3576 ἔγραψαν·
846 3479 866 3552 6
886 3485 1150 3572 συγγενέστατον
