2340 3916
187 205 229 265 16
351 223 356 237 .
602 194 731 245 ικειοτ
1047 198 1101 246 οι
1123 192 1146 243 ι.

186 367 249 455 μὲν
272 364 380 446 άλλοις
409 375 626 455 ψηφίζοισθε,
657 363 738 437 ὅταν
760 364 888 454 θάτερα
914 362 1042 435 τούτων
1066 362 1148 435 άπο-

186 475 331 553 φαίνωσι
349 471 434 555 σφοῖς
452 463 587 556 αύτούς,
611 461 632 554 ή
650 470 739 555 γένει
756 469 935 556 προτέρους
951 462 1049 544 ὄντας
1067 459 1088 552 ἢ
1106 469 1149 554 τῇ

165 575 281 657 ,φιλία
306 571 348 656 τῇ
370 566 450 657 πρός
466 565 525 638 τόν
541 566 810 655 τετελευτηκότα,
834 561 917 654 ἡμᾶς
936 561 969 634 δ’
989 561 1038 645 οἷς
1058 568 1149 635 ἐστιν

186 663 356 757 ἀμφότερα
378 673 483 738 ταῦτα
506 665 594 757 παράΙ
617 666 752 737 πάντων
767 663 1032 755 ὁμολογούμενα,
1051 661 1147 748 ’άξιιό-

186 788 259 837 σετε
276 767 397 857 μόνους
414 764 577 858 άκλήρους
594 769 728 854 ποιήσαι
744 771 812 837 τοῖν
831 771 967 836 ἐκείνου.

61 909 64 917 ,
133 875 168 933 39
260 872 333 954 Καὶν
355 876 386 938 εί
407 869 468 957 μέν
490 866 683 957 Πολύαρχος
710 863 727 936 ὁ
751 863 898 955 πατήρδ
926 864 1146 955 Κλεωνύμου,

187 969 319 1049 πάππος
345 966 377 1037 δ’
400 964 572 1060 ήμέτερος,
603 973 667 1052 ζων
690 966 847 1056 ἐτύγχανε
870 970 1015 1037 καὶτῶν
1038 970 1147 1055 ἐπιτη-

189 1075 289 1138 δείων
307 1066 421 1156 ἐνδεής
439 1066 503 1157 ὤν,
527 1063 768 1157 ἢΚλεύνυμος
792 1067 982 1155 ἐτελεύτησε
1004 1070 1148 1154 θυγατέ-

187 1197 246 1258 ρας
263 1164 491 1258 άπορουμένας
514 1167 728 1258 καταλιπόν,
748 1165 843 1259 ήμεῖς
866 1163 909 1237 άν
933 1165 987 1238 διά
1010 1165 1073 1256 τήν
1090 1164 1148 1256 άγ-

186 1278 332 1357 χιστείαν
355 1272 410 1338 καὶ
427 1267 485 1340 τόν
503 1269 638 1342 πάππον
660 1287 880 1360 γηροτροφεῖν
896 1265 1148 1357 ἠναγκαζόμεθα

187 1372 242 1438 καὶ
259 1367 317 1449 τάς
334 1369 540 1459 Κλεωνύμου
553 1375 739 1461 θυγατέρας
756 1364 777 1459 ή
796 1377 913 1457 λαβεῖν
926 1366 1020 1439 αὐτοὶ
1032 1387 1148 1456 γυναῖ-

187 1498 246 1550 κας
263 1464 416 1561 ήπροῖκα
429 1470 632 1552 ἐπιδιδόντες
647 1474 767 1562 ἑτέροις
782 1469 959 1559 ἐκδιδόναι,
978 1473 1034 1540 καὶ
1045 1466 1146 1539 ταῦθ’

127 1591 129 1595 ’
186 1565 271 1658 ήμάς
293 1573 349 1639 καὶ
366 1566 386 1659 ή
405 1575 581 1660 συγγένεια
603 1575 658 1641 καὶ
681 1578 716 1641 οί
730 1570 824 1660 νόμοι
843 1573 898 1641 καὶ
914 1567 935 1659 ή
953 1567 1033 1660 παρ’
1052 1565 1148 1659 ὑμεῖν

85 1722 88 1727 -
187 1669 327 1760 αἰσχύνη
350 1688 458 1743 ποιεῖν
481 1669 663 1760 ἠνάγκαζεν
685 1669 743 1760 άν,
767 1667 788 1760 ἢ
811 1689 883 1752 ταῖς
906 1680 1074 1761 μεγίσταις
1098 1679 1148 1758 ζη-

26 1833 29 1838 .
133 1790 167 1840 40
184 1781 272 1860 μίαις
302 1776 357 1842 καὶ
386 1791 455 1854 τοῖς
485 1772 629 1863 ἐσχάτοις
660 1769 803 1848 ὀνείδεσι
827 1788 1031 1860 περιπεσεῖν·
1058 1778 1090 1840 εί
1114 1767 1147 1840 δ’

185 1868 282 1941 ούσία
311 1883 530 1962 κατελείφθη,
565 1879 694 1942 δίκαιον
722 1867 885 1960 ἡγήσεσθ’
919 1873 1003 1942 εἶναι
1027 1871 1149 1959 ταύτης

187 1975 319 2062 ἑτέρους
345 1969 441 2062 ἡμων
464 1978 588 2062 μάλλον
610 1983 845 2062 κληρονομεῖν;
869 1969 930 2042 ούκ
953 1970 1018 2062 άρα
1036 1979 1149 2041 δίκαια

185 2067 261 2141 οὐδ’
285 2069 366 2161 ὑμῖν
391 2070 503 2153 αύτοῖς
527 2076 738 2162 συμφέροντα
761 2070 842 2142 ούδδ
858 2089 926 2153 τοῖς
943 2072 1055 2161 νόμοις
1073 2068 1148 2161 δμο·

186 2172 373 2261 λογούμενα
403 2186 602 2262 ψηφιεῖσθε,
633 2182 663 2242 εί
689 2176 757 2242 τάν
779 2173 841 2261 μὲν
868 2176 1050 2262 συμφοράν
1072 2170 1149 2253 τούς

187 2272 353 2360 ἐγγυτάτω
376 2277 466 2361 γένει
484 2290 658 2343 κοινωνεῖν
675 2270 893 2362 ἀναγκάσετε,
917 2272 1094 2362 χρημάτων
1113 2274 1149 2342 δὲ

185 2377 476 2462 καταλειφθέντων
505 2373 629 2453 πάντας
659 2370 859 2465 ἀνθρώπους
883 2376 1104 2464 κυριωτέρους
1128 2369 1149 2461 ἢ

185 2472 325 2554 τούτους
344 2473 505 2562 ποιήσετε.

133 2597 163 2646 41
262 2572 334 2664 Χρή
361 2578 414 2662 δέ,
438 2565 466 2644 τό
488 2573 623 2665 άνδρες,
648 2577 702 2643 καὶ
723 2573 777 2644 διά
799 2572 860 2663 τήν
878 2578 1076 2663 συγγένειαν
1093 2577 1149 2644 καὶ

187 2670 241 2742 διά
258 2673 320 2762 τήν
336 2679 398 2744 τού
414 2671 601 2764 πράγματος
619 2671 800 2764 άλήθειαν,
820 2673 902 2763 ὅπερ
920 2692 1061 2763 ποιεῖτε,
1080 2693 1151 2756 τοῖς

184 2770 268 2843 κατά
285 2778 380 2861 γένος
393 2785 595 2864 ψηφίζεσθαι
613 2780 737 2865 μάλλον
755 2771 776 2863 ή
793 2793 861 2856 τοῖς
880 2773 962 2844 κατά
980 2775 1151 2864 διαθήκην

184 2870 436 2963 άμφισβητοῦσι.
483 2874 545 2964 τήν
566 2878 628 2965 μὲν
649 2874 712 2968 γάρ
735 2881 796 2946 τού
823 2879 940 2964 γένους
963 2874 1152 2963 οἰκειότητα

184 2973 304 3054 πάντες
323 2974 528 3065 ἐπιστάμενοι
546 2976 741 3067 τυγχάνετε,
760 2979 815 3046 καὶ
833 2973 894 3065 ούχ
912 2973 1037 3046 οἷόντε
1054 2973 1150 3047 τουτ’

185 3077 252 3144 ἐστὶ
276 3074 357 3165 πρδς
379 3072 465 3166 ὑμᾶς
482 3077 687 3160 ψεύσασθαι·
714 3076 877 3164 διαθήκας
896 3073 927 3146 δ’
947 3073 1012 3164 ήδη
1030 3080 1150 3147 πολλοὶ

185 3181 320 3257 ψευδεῖς
337 3173 529 3267 άπέφηναν,
548 3181 656 3248 καλοί
677 3178 737 3267 μὲν
759 3174 796 3246 τό
814 3175 970 3268 παράπαν
995 3174 1036 3246 ού
1054 3206 1151 3265 γενο-

133 3295 167 3346 42
183 3278 300 3367 μένας,
322 3282 420 3348 ἐνίων
434 3276 467 3347 δ’
487 3276 549 3349 οὐκ
561 3275 672 3367 όρθως
689 3280 972 3367 βεβουλευμένων.
1009 3281 1064 3357 καὶ
1083 3282 1152 3348 νῦν

183 3373 277 3466 ὑμεῖς
307 3376 370 3467 τήν
398 3379 459 3468 μέν
486 3382 683 3467 συγγένειαν
711 3381 766 3447 καὶ
794 3376 856 3465 τὴν
878 3376 1062 3465 οἰκειότητα
1084 3376 1151 3467 τήν

184 3473 358 3569 ἡμετέραν,
372 3475 421 3559 οἷς
435 3474 528 3568 ἡμεῖς
542 3475 781 3567 άγωνιζόμεθα,
799 3475 940 3559 άπαντες
955 3481 1149 3549 ἐπίστασθε·
