2340 3916
208 224 248 285 10
386 276 388 281 Ι
619 211 752 264 ΙΣΑΙΟΤ
1072 211 1126 265 οο.
1147 211 1163 262 1

112 452 113 456 ,
208 418 282 480 ριον
304 385 354 458 ὅτι
376 381 457 456 οὐδὲ
480 389 586 455 ταύτα
610 388 750 473 ἔπραξεν
767 380 851 474 ἡμεῖς
874 384 1033 472 βλάπτειν
1051 382 1158 471 βουλό

208 508 321 579 μενος·
344 484 601 574 τελευτησαντος
624 484 688 574 γάρ
706 495 846 556 Δεινίου
863 489 919 555 καί
936 490 1004 556 τοῖν
1021 484 1158 574 πραγμά

209 619 277 660 των
288 585 368 678 ἡμῖν
385 592 537 678 πονηροῖς
549 585 692 675 ἐχόντων
709 583 790 656 ούδέ
807 593 975 678 περιεῖδεν
992 582 1076 676 ἡμᾶς
1087 581 1158 655 ούδ

210 689 285 772 ἐνδς
308 694 433 770 ἐνδεεῖς
456 687 571 775 ὄντας,
594 683 669 756 ἀλλ’
694 683 816 768 αύτούς
833 689 895 778 μὲν
913 696 959 770 είς
976 685 1038 776 τὴν
1060 694 1152 757 οίκία

208 790 270 880 τὴν
288 787 393 861 αύτού
404 788 619 879 κομισάμενος
632 792 787 858 ἐπαίδευε
794 787 884 878 ,τὴν
903 787 939 858 δ’·
954 786 1073 859 ούσίαν
1089 785 1158 878 άφε

209 897 327 963 λίσθαι
350 895 418 962 τεῖν
439 888 591 1018 χρήστων
610 843 920 1017 ἐπιβρυλενόάντων
937 897 1061 960 ἔσωσεν
1078 885 1162 1010 ἡμῖν

210 991 397 1083 ἐπεμελεῖτό
406 1018 443 1061 τε
459 986 579 1119 δμρίως
596 993 663 1059 τοῖν
680 986 848 1079 ἡμετέρων
860 988 970 1081 εῖστιερ
987 995 1055 1061 τοῖν
1067 986 1149 1061 αύτο

81 1127 85 1133 ·
159 1109 189 1160 13
208 1092 416 1185 πραγμάτων
452 1099 559 1161 καίτοι
576 1088 637 1180 χρὴ
654 1103 801 1180 θεωρεῖν
819 1088 925 1162 αύτού
940 1089 1001 1180 τὴν
1020 1090 1151 1162 διάνοια

209 1200 245 1266 ἐκ
266 1192 394 1264 τούτων
416 1196 484 1264 τοῖν
507 1200 615 1283 ἐργων
643 1187 811 1281 μάλλον”
789 1222 811 1281 η
836 1197 873 1262 ἐκ
894 1197 962 1263 τοῖν
986 1197 1161 1280 διαθηκεῖν

209 1299 264 1367 καὶ
282 1304 470 1384 τεκμηρίοις
491 1297 635 1384 χρῆσθαι
652 1291 697 1382 μη
714 1310 783 1374 τοῖς
800 1291 872 1383 μετ’
895 1291 995 1385 ὀργῆς
1013 1306 1161 1385 πραχθεῖ

210 1422 280 1481 σιν,
313 1400 349 1466 ἐν
376 1391 425 1475 οἷς
449 1391 592 1479 ἅπαντες
620 1394 818 1484 πεφύκαμεν
847 1392 1064 1487 ἁμαρτάνειν,
1095 1392 1157 1464 άλλ

210 1494 270 1587 ἀφ’
291 1487 339 1567 εῖν
356 1493 497 1586 ὕστερον
515 1494 667 1588 φανεράν
688 1493 751 1583 τὴν
762 1492 874 1566 αὑτοῦ
892 1495 1044 1568 διάνοιαν
1062 1500 1158 1585 ἐπείη

210 1622 277 1669 σεν.
320 1605 367 1668 ἔτι
390 1596 453 1689 γάρ
476 1601 601 1686 μᾶλλον
630 1601 666 1667 ἐν
688 1614 757 1678 τοῖς
780 1606 979 1679 τελευταίοις
1005 1596 1158 1686 ἐδήλωσε

50 1772 70 1789 .-
159 1719 191 1767 14
209 1695 253 1781 οῖς
277 1700 343 1789 εἶχε
367 1697 448 1784 πρός
470 1694 563 1788 ἡμεῖς.
611 1695 677 1786 ἤδη
700 1695 764 1788 γάρ
786 1694 941 1769 ἀσθενεῖν
963 1698 1088 1786 ταύτην
1111 1696 1151 1787 τη

208 1800 309 1872 νόσον
334 1805 365 1884 ἐξ
389 1791 428 1888 ἧς
452 1798 678 1887 ἐτελεύτησεν,
699 1799 868 1888 ἐβουλήθη
885 1799 1007 1881 ταύτας
1025 1797 1083 1880 τάς
1102 1805 1159 1868 δια

104 1944 110 1969 ι
208 1901 316 1988 θήκας
336 1899 471 1972 άνελεῖν
488 1904 544 1971 καὶ
562 1903 741 1992 προσέταξε
751 1907 969 1994 Ποσειδίππῳ
987 1898 1048 1988 τὴν
1066 1897 1151 1990 άρχη

210 2010 408 2090 εἰσαγαγεῖν.
444 1998 520 2071 όδέ
537 1999 578 2071 ού
595 2000 699 2091 μόνον
716 1997 779 2071 ούκ
799 2001 989 2090 εἰσήγαγεν,
1015 1998 1099 2070 άλλά
1116 2030 1170 2071 κα

208 2101 270 2176 τόν
292 2102 436 2173 ἐλθόντα
459 2107 527 2171 τοῖν
551 2099 722 2222 ἀρχόντων
747 2099 855 2172 ἐπὶ
818 2132 880 2191 την
896 2102 1010 2192 θύραν
1027 2097 1158 2231 άτιέπεμ

209 2219 281 2286 ψεν.
323 2201 493 2292 ὀργισθεὶς
523 2204 560 2272 δὲ
581 2201 687 2294 τούτω
710 2202 911 2328 Κλεώνυμος
933 2203 1073 2273 πάλιν’
1057 2231 1089 2284 ες
1112 2200 1156 2291 τὴ

209 2300 390 2394 δστεραιαν
406 2313 546 2374 Διοκλεῖ
560 2307 696 2373 καλέσαι
713 2301 790 2384 τούς
807 2302 967 2394 άρχοντας
978 2307 1158 2393 προσέταξε

209 2409 264 2474 καὶ
277 2401 338 2496 ούγ
352 2402 457 2485 οὕτως
474 2401 627 2485 ἀσθενεῖς
641 2410 862 2528 διακείμενρς,
882 2403 955 2475 ἄλλ’
975 2413 1022 2476 ἐτι
1040 2410 1154 2474 πολλοῖ

208 2504 320 2576 ούσεῖν
333 2509 478 2576 ἐλπίδων
489 2509 695 2593 ἐξαπίνης
654 2534 712 2593 της
724 2504 843 2587 νυκτός
854 2506 975 2595 ταύτης
992 2502 1165 2577 ἀπέθανεν

159 2637 190 2688 15
284 2612 427 2699 Προῖτον
455 2609 516 2697 μὲν
538 2598 602 2677 οὖν
624 2602 705 2696 ύμῖν
735 2610 914 2697 παρέξομαι
936 2606 1104 2697 μάρτυρας
1129 2636 1170 2677 ω·

208 2705 270 2796 ούχ
294 2704 374 2798 ἡμῖν
399 2713 547 2796 ἐγκαλεῖν
570 2705 653 2777 άλλά
671 2716 791 2798 Δεινίᾳ
808 2713 961 2798 πολεμεῖν
977 2706 1099 2790 ταύτας
1116 2706 1170 2778 τά

210 2808 375 2896 διαθήκας
395 2813 542 2897 διέθετο,
567 2816 679 2878 ἔπειτα
703 2804 747 2889 εῖς
766 2813 894 2879 ἐκείνου
917 2808 1170 2898 τελευτησαντο

210 2908 398 2997 ἐπεμελεῖτό
421 2939 457 2980 τε
479 2914 547 2979 τεῖν
575 2905 744 2999 ἡμετέρων
767 2905 940 3000 ἁπάντων,
970 2914 1025 2980 καὶ
1051 2906 1170 2980 αύτού

209 3013 387 3081 ἐπαίδευεν
400 3016 403 3023 ’
418 3017 464 3090 είς
492 3008 554 3098 την
581 3017 691 3080 οίκίαν
719 3007 781 3099 τὴν
810 3007 915 3081 αύτού
944 3009 1162 3102 κομισάμενος

208 3109 290 3202 πρός
319 3113 357 3180 δὲ
385 3110 513 3192 τούτοις
541 3107 585 3193 οῖς
609 3118 840 3182 Ποσείδιππον
863 3119 1009 3202 ἐπεμψεν
1039 3115 1092 3182 ἐπὶ
1115 3111 1153 3182 τό

208 3208 412 3302 άστννόμον,
442 3202 537 3294 ούτος
566 3210 598 3282 δ’
630 3209 671 3283 ού
700 3211 803 3302 μόνον
834 3209 932 3294 αύτδς
962 3210 1023 3283 ούκ
1049 3212 1161 3283 είσεκά

209 3322 320 3403 λεσεν,
346 3311 429 3384 άλλά
452 3317 508 3384 καὶ
532 3314 673 3386 ἐλθόντα
692 3317 745 3384 ἐπὶ
763 3311 824 3401 την
841 3313 954 3404 θύραν
969 3311 1153 3405 Ἀρχωνίδη

159 3430 191 3481 16
209 3410 411 3504 ἀπέπεμψεν.
454 3411 510 3497 Ὡς
538 3405 600 3486 ούν
630 3411 741 3503 άληθη
770 3417 872 3502 λέγω,
902 3415 994 3485 κάλει
1018 3444 1072 3505 μοι
1096 3414 1170 3486 τού

209 3544 385 3606 μαρτυρας.
