2340 3916
270 188 389 244 ΠΕΡΙ
406 187 843 243 ΠΑΡΑΠΡΕΣΒΕΙΑΣ.
992 182 1035 244 89

77 359 187 414 επειτα
204 344 240 414 τό
264 342 384 413 λοιπὸν
402 347 501 431 μέρος
516 351 577 411 τοῦ
593 342 861 430 κατηγορήματος
882 354 944 412 τοῦ
959 347 1033 427 περὶ

79 451 335 532 Κερσοβλέπτην
344 440 393 513 ἐπ’
407 443 594 533 αὐτοφώρῳ
606 448 745 528 δείξαιμι
755 448 879 523 ψεῦδος
890 442 948 524 ὅνς

26 551 62 606 89
162 543 437 631 Κύλλιστονγὰρ,
450 542 554 629 οἶμαι,
573 552 708 629 πρᾶγμα
718 544 773 611 καλ
783 542 1033 631 χρησιμώτατον

76 658 144 722 τοῖς
155 643 427 729 διαβαλλομένοις
444 638 517 723 παρ’
531 638 613 725 ύμίυ
630 646 791 725 γίγνεται·
812 642 942 725 καὶγὰρ
954 642 1034 720 τοὺς

76 740 218 827 χρόνους
235 742 290 809 καὶ
306 737 346 807 τὰ
358 745 552 825 ψηφίσματα
564 739 619 805 καλ
634 738 712 816 τούς
723 741 985 824 ἐπιψηφίσαντας
996 742 1034 805 ἐν

77 854 145 917 τοῖς
167 843 335 926 δημοσίοις
354 839 522 923 γράμμασι
540 835 600 903 τὸν
620 835 750 904 ἅπαντα
767 837 890 923 χρόνον
905 839 1035 923 φνλύτ-
1050 855 1101 911 267

77 962 155 1004 τετε.
188 948 297 1023 ελρηκε
309 936 343 1004 δὲ
356 933 468 1003 οὑτοσὶ
479 932 562 1018 πρὸς
573 933 659 1020 ὑμᾶς
670 934 759 1021 παροὶ
770 944 867 1003 τοῦτο
883 940 1033 1021 διαφθα-

78 1033 227 1122 ρήναιτά
239 1035 496 1119 Κερσοβλέπτου
507 1031 697 1118 πράγματα,
717 1030 767 1100 ὅτι
784 1043 842 1119 τῆς
859 1043 1033 1122 πρεσβείας

78 1128 126 1200 ῶν
138 1130 272 1218 ήμεμῶν
283 1130 346 1218 ἐγώ
361 1134 415 1199 καὶ
433 1131 706 1217 κατευημερηκὼς
723 1130 796 1215 παρ’
809 1130 905 1217 ὑμῖν,
926 1131 1032 1202 αύτού

76 1232 271 1309 κελεύοντος
289 1236 334 1309 είς
346 1232 482 1320 Θρᾴκην
499 1228 584 1316 ἡμᾶς
602 1235 687 1298 λέναι
697 1233 954 1317 Κερσοβλέπτου
971 1258 1034 1299 πο-

77 1335 324 1416 λιορκουμένου
336 1332 391 1397 καλ
404 1331 696 1415 διαμαρτύρασθαι
708 1337 862 1421 Φιλίππῳ
873 1339 976 1400 ταῦτα
987 1331 1031 1417 μή

77 1444 202 1514 ποιεῖν,
221 1428 284 1498 ούιι
295 1428 460 1516 ἠθέλησα,
482 1426 550 1496 ἀλλ’
563 1430 736 1516 ἐκαθήμην
748 1432 785 1497 ἐν
799 1428 912 1520 Ὠρεῷ,
935 1434 1036 1499 καλοί

23 1543 59 1597 90
76 1533 312 1615 συμπρέσβεις,
325 1533 499 1612 προξενίας
509 1527 836 1615 κατασκευαζόμενοι.
870 1528 1033 1598 ἀκούσατε

77 1625 117 1713 δή
129 1634 187 1713 τῆς
199 1628 350 1713 Χάρητος
367 1631 555 1713 ἐπιστολῆς,
578 1623 622 1712 ἣν
639 1630 802 1695 ἐπέστειλε
821 1627 893 1695 τότε
909 1635 955 1717 τῷ
974 1627 1033 1714 δή·

77 1751 139 1814 μμ,
152 1724 203 1793 ὅτι
214 1729 466 1813 Κερσοβλέπτης
477 1724 665 1793 ἀπολώλεκε
676 1723 738 1810 τήν
751 1724 856 1812 α’ρχήν
866 1725 1033 1810 καὶἹερόν
1049 1745 1103 1799 268

78 1825 156 1908 ὅρος
173 1833 349 1912 κατείληφε
367 1832 529 1902 Φίλιππος
545 1827 813 1912 ἐλαφηβολιῶνος
834 1823 939 1911 μηυός
956 1827 1033 1913 ἕκτη

76 1931 274 2006 φθίνοντος·
320 1925 542 2008 Δημοσθένης
570 1919 602 1988 δ’
620 1925 657 1990 ἐν
673 1931 720 2011 τῷ
737 1923 830 2012 δήμφ
848 1924 1033 2011 προήδρευε

77 2022 200 2088 τούτου
210 2029 271 2089 τοῦ
283 2020 404 2107 μηνὸς,
417 2017 462 2098 εἷς
474 2017 523 2088 ῶν
535 2029 602 2088 τῶν
613 2024 799 2110 πρέσβεων,
813 2024 937 2113 ἑβδόμη
948 2032 1032 2110 φθί·

78 2146 200 2200 νουιος.

422 2240 669 2302 ΕΠΙΣΤΟΛΗ.

21 2365 56 2420 91
164 2345 216 2415 Ού
230 2345 335 2433 μόνον
354 2353 470 2415 τοίνυν
487 2352 697 2434 διετρίψαμεν
714 2348 771 2427 τὰς
783 2349 899 2428 λοιπὰς
910 2347 1032 2437 ἡμέρας

75 2454 137 2514 τού
148 2444 268 2533 μηνὸς,
282 2444 364 2514 α’λλᾶ
377 2454 606 2533 μουνυχιῶνος
617 2449 858 2534 ἐξωρμήσαμεν.
889 2452 944 2518 καὶ
954 2450 1033 2516 τού-

75 2571 137 2613 του
158 2545 220 2631 τήν
241 2545 368 2633 βουλήν
389 2546 541 2632 μάρτυρα
559 2543 638 2632 ύμίν
649 2551 844 2633 παρέξομαι·
878 2546 1031 2634 ἔστιγὰρ

76 2643 178 2732 αύτῆς
194 2647 363 2731 ψήφισμα,
388 2643 407 2713 ὃ
425 2647 554 2714 κελεύει
572 2645 703 2715 ιῖπιέναι
719 2644 798 2725 τούς
814 2649 968 2734 πρέσβεις
979 2650 1030 2715 ἐπὶ

75 2743 154 2823 τούς
167 2745 296 2832 ὅρκους.
319 2751 377 2812 καί
385 2772 441 2831 μοι
454 2748 528 2831 λέγε
538 2745 575 2813 τὸ
587 2755 644 2832 τῆς
655 2753 778 2832 βουλῆς
788 2747 949 2833 ψήφισμα.

432 2867 663 2928 ΨΗΦΙΣΜΑ.

159 2974 430 3060 Προσανύγνωθι
443 2973 482 3060 δή
495 2977 549 3042 καλ
559 2975 619 3043 τὸν
630 2977 771 3061 χρόνον,
783 2974 872 3053 ὅστις
882 2968 932 3061 ήν.

458 3094 649 3155 ΚΡΟΝΟΣ.

19 3223 57 3278 92
159 3198 326 3285 Ἀκούετε,
346 3198 396 3267 ὅτι
409 3208 638 3286 μουνυχιῶνος
649 3207 819 3288 ἐψηφίσθη
836 3208 928 3288 τρίτη
939 3206 1032 3269 ἱστα-

73 3302 187 3388 μένου.
216 3300 286 3368 ὁδὲ
305 3303 558 3386 Κερσοβλέπτης
574 3302 691 3378 πόσαις
714 3299 879 3385 πρότερον
895 3296 1030 3386 ἡμέραις
1049 3311 1102 3369 269

73 3397 223 3466 ἆπῶλεσε
234 3399 295 3484 τήν
309 3395 414 3483 ἀρχήν
432 3401 511 3483 πρὶν
523 3397 578 3482 ἐμὲ
596 3398 743 3473 ἄπιέυαι;
773 3396 816 3475 ῶς
828 3417 909 3482 φησι
921 3400 1033 3482 Χάρης
