2340 3916
85 235 112 284 p.
132 214 177 268 37.
260 217 351 269 ΠΕΡΙ
369 217 445 295 ΤΟᾞ
462 217 700 269 ΚΛΕΩΝΤΜΟΤ
718 219 883 271 ΚΛΗΡΟΤ.
1015 230 1053 289 11

464 387 674 451 Μεεοεεφε.

150 488 224 561 ”Eu
241 498 358 561 τοίνυν
376 486 421 571 (ὃς
439 496 474 561 οί
487 489 617 562 τούτων
633 499 726 581 φίλοι
743 495 798 562 καλ
814 499 1055 583 Κηφίσανδρος

85 587 202 678 ἠξίουν
230 600 412 681 νείμασθαι
439 590 502 681 τήν
529 589 650 663 οόσίαν
678 596 734 663 καὶ
756 591 793 663 τό
821 602 933 682 τρίτον
956 600 1053 686 μέρος

86 688 170 781 ἡμᾶς
188 700 278 782 ἔχειν
294 688 531 764 ἀπάντωνταῖν
542 693 767 783 Κλεωνύμου,
786 695 981 765 καὶτούτων
998 725 1052 785 μοι

86 793 176 863 πόλει
200 798 210 883 Ι
229 792 406 884 μάρτυρας.

462 960 672 1012 ΜΑΡΤΤΡΕΣ.

154 1094 318 1190 Ἡγοιὶμαι
342 1102 403 1190 μδν
426 1110 559 1188 τοίνυν,
585 1092 612 1171 οἷ
634 1099 772 1191 ἀνδρες,
797 1105 877 1172 πάσι
899 1118 968 1182 τοῖς
984 1107 1053 1172 των
1071 1122 1103 1173 17

88 1197 218 1290 κλήρων
228 1198 512 1293 ἀμφισβητοῦσιν,
530 1201 611 1273 όταν
622 1199 819 1291 ἀποφήνωσι
831 1207 917 1291 σφοῖς
929 1199 1050 1285 αότοδς

88 1298 195 1394 ὥσπερ
225 1298 320 1392 ἡμεῖς
343 1306 399 1373 καὶ
421 1308 469 1397 τῷ
488 1308 580 1392 γένει
603 1307 783 1394 προτέρους
811 1301 909 1384 ὄντας
932 1306 987 1373 καὶ
1010 1309 1052 1394 τῇ

88 1411 179 1496 φιλίᾳ
209 1409 252 1494 τῇ
279 1402 360 1496 πρός
383 1402 442 1475 τόν
463 1403 734 1494 τετελευτηκότα,
763 1413 940 1495 περίεργον
965 1405 1050 1474 εἶναι

87 1502 159 1586 τούς
177 1502 299 1587 ἀλλους
324 1505 443 1593 λόγους
462 1511 587 1595 λέγειν·
614 1504 728 1594 ἐπειδή
753 1507 790 1575 δὲ
807 1505 936 1576 τούτων
953 1502 1050 1576 οόδέ·

86 1634 178 1696 τερον
209 1614 338 1696 ἔχοντες
365 1597 457 1678 οὗτοι
484 1611 626 1697 τολμῶσι
656 1611 723 1677 τεόν
749 1603 791 1676 οό
815 1606 1051 1697 προσηκόντων

87 1703 305 1798 ἀμφισβητεῖν
333 1711 389 1778 καὶ
419 1715 557 1791 ψευδεῖς
585 1707 888 1799 παρασκευάζονται
918 1706 1049 1798 λόγους,

87 1807 245 1898 βούλομαι
275 1813 400 1900 βραχέα
433 1814 489 1880 καὶ
524 1812 600 1901 περὶ
631 1809 759 1880 τοότων
788 1807 901 1879 αὐτων
933 1817 1048 1880 είπεῖν.

87 1915 306 2002 ἰσχυρίζονται
323 1909 386 2002 γάρ
403 1929 476 1992 ταῖς
495 1910 687 2000 διαθήκαις,
706 1915 858 1998 λέγοντες
877 1906 921 1991 ως
938 1911 1050 1981 Κλεό·
1070 1935 1102 1985 18

86 2038 185 2100 νυμος
204 2015 425 2102 μετεπέμπετο
448 2011 510 2101 τήν
532 2009 637 2104 ἀρχήν
660 2009 701 2082 οό
725 2016 823 2105 λῦσαι
848 2011 1050 2101 βουλόμενος

87 2108 184 2192 αάτάς
208 2108 282 2181 ἀλλ’
310 2118 543 2205 ἐπανορθῶσαι
566 2117 621 2183 καί
645 2118 827 2202 βεβαιῶσαι
850 2121 967 2202 σφίσιν
990 2109 1048 2182 αό-

85 2230 149 2294 τοῖς
167 2211 229 2302 τήν
249 2213 387 2304 δωρεάν.
423 2210 518 2304 ὑμεῖς
537 2217 574 2285 δὲ
597 2227 778 2285 σκοπεῖσθε
801 2213 859 2295 τάς
885 2213 1049 2302 διαθήκας

84 2311 137 2395 τάς
154 2311 228 2404 μετ’
247 2311 347 2406 όργής
371 2320 553 2406 γενομένας
576 2315 700 2407 πότερα
724 2314 811 2397 είκός
836 2320 904 2385 ἐστι
928 2323 1048 2404 βουλη-
1119 2362 1122 2370 .

83 2420 184 2504 θῆναι
196 2414 402 2506 Κλεώνυμον
419 2414 569 2505 ἀνελεῖν,
590 2416 705 2505 ἐπειδὴ
722 2415 803 2507 πρός
816 2412 900 2506 ἡμᾶς
918 2425 1048 2497 οίκείως

84 2523 195 2606 ἔσχεν,
214 2513 235 2606 ἦ
253 2536 390 2589 σκοπεῖν
407 2515 496 2599 ὅπως
514 2526 561 2588 ἔτι
579 2518 793 2608 βεβαιότερον
809 2513 894 2606 ήμοῖς
912 2515 1048 2587 ἀποστε-
1106 2528 1116 2602 Ι

83 2617 175 2742 ρήσει
192 2645 260 2688 των
278 2615 391 2690 αὐτου.
433 2637 501 2701 τοῖς
524 2649 586 2709 μεν
608 2617 672 2709 γάρ
690 2616 800 2698 αλλοις
819 2614 982 2688 κάκείνων
1000 2647 1049 2689 ων
1067 2643 1154 2695 19

82 2713 123 2789 ἀν
152 2716 365 2811 ὀργισθέντες
394 2719 471 2802 τούς
501 2728 644 2801 οίκείους
674 2716 878 2807 ἀδικήσωσιν
906 2715 1048 2842 όστερρν

80 2824 267 2910 μεταμέλει
285 2813 376 2892 οὗτοι
396 2823 433 2891 δὲ
447 2819 606 2893 ἐκεῖνον’
586 2848 700 2910 αποφα
701 2829 848 2908 ίνουσιν,
869 2810 951 2890 έν
920 2849 949 2945 φ
966 2819 1047 2910 πρός

80 2916 163 3011 ἡμᾶς
181 2921 366 2993 οἰκειότατα
392 2927 547 3013 διέκειτο,
571 2927 697 3012 μᾶλλον
714 2925 874 3010 βεβαιουν
890 2919 952 3010 τήν
976 2929 1047 2992 δια

79 3023 191 3114 θήκην
209 3020 478 3146 βουλόμενον,
454 3053 496 3112 ην
513 3023 737 3142 όργιζόμενοςι
746 3021 929 3111 ἐποιήσατο.
966 3021 1045 3094 ωστ’

80 3121 219 3195 είκαλ
201 3142 295 3215 ημεῖς
312 3120 557 3215 ὁμολογήσομεν
574 3128 678 3195 ταῦτα
695 3120 789 3194 καὶ
769 3142 865 3213 υμεῖς
883 3121 977 3194 αὐτοὶ
995 3152 1047 3194 πι-

78 3225 253 3315 στεόσετε,
280 3223 526 3314 ένθυμεῖσθε”
507 3255 558 3297 οτι
580 3225 767 3316 παράνοιαν
791 3221 896 3295 αότου
912 3224 974 3313 τήν
991 3253 1046 3315 με·

77 3337 198 3416 γίστην
214 3356 307 3399 ουτοι
325 3331 554 3417 κατηγοροῦσι.
583 3335 633 3406 τίς
649 3324 713 3416 γάρ
726 3323 768 3396 ἀν
779 3330 907 3415 γένοιτο
926 3325 1047 3412 ταύτης
1064 3346 1098 3397 20

76 3437 180 3518 μανία
203 3437 340 3519 μείζων,
369 3423 390 3516 ή
412 3426 486 3498 τότε
508 3429 569 3520 μὲν
591 3425 647 3498 ὅτε
670 3435 791 3519 Δεινίᾳ
816 3427 973 3515 διάφορος
999 3420 1047 3496 οδν

77 3539 211 3622 ἔτυχεν,
241 3524 326 3618 ἡμᾶς
343 3533 452 3609 κακαῖς
475 3546 584 3600 ποιεῖν
606 3556 642 3598 τε
665 3531 721 3599 καὶ
747 3533 959 3598 διατίθεσθαι
982 3556 1047 3597 τοι·
