2340 3916
495 162 749 219 ΑΙΣΧΙΝΟΤ

499 319 738 382 ΜΑΡΤΤΡΙΑ.

227 410 354 500 Ἐπειδὴ
368 422 494 497 τοίνυν,
507 406 731 496 άἏθηναίοι,
745 414 970 499 συνελέγησαν
981 412 1041 499 μέν
1053 421 1098 493 είς
1115 429 1166 484 108

142 511 276 578 Πέλλαν
295 517 331 580 αί
346 519 532 598 πρεσβεῖαι,
553 516 662 594 παρῆν
681 510 716 577 δὲ
736 506 753 577 ὁ
772 517 935 591 Φίλιππος
950 511 1097 591 καὶτοὺς

142 607 329 697 Ἀθηναίων
339 612 490 696 πρέσβεις
500 606 517 677 ὁ
529 612 632 695 κῆρυξ
643 609 762 693 ἐκάλει,
775 611 980 696 πρῶτονμὲν
989 611 1097 700 παρη-

77 729 129 783 280
147 734 240 793 ειμευ
251 704 292 775 οὑ
305 706 387 776 καθ’
399 704 540 793 ἡλικίαν,
554 704 663 793 ὥσπερ
675 711 712 774 έν
722 715 764 794 τῇ
774 710 916 796 προτέρᾳ
929 716 1096 797 πρεσβείᾳ,

145 803 163 873 ὃ
181 807 269 893 παρά
286 825 372 873 τισιν
390 803 557 890 εὐδοκίμει
575 807 629 873 καὶ
647 806 769 890 κόσμος
791 804 873 874 εἶναι
895 815 952 892 τῆς
974 809 1100 886 πόλεως

147 907 315 989 ἐφαίνετο,
338 901 420 971 άλλά
433 901 515 970 κατὰ
527 905 587 991 την
597 906 840 991 Δημοσθένους
850 902 1096 991 ἀναισχυντίαν.

147 1003 287 1087 φάσκων
310 1000 373 1087 γὰρ
395 1001 558 1081 νεότατος
578 1001 661 1070 εἶναι
684 1002 820 1070 πάντων
842 1001 903 1089 την
923 1004 1016 1083 τάξιν
1038 1013 1098 1072 τοῦ

147 1108 277 1184 πρῶτος
289 1104 395 1186 λέγειν
406 1099 467 1169 οὑκ
480 1097 523 1168 άν
535 1108 598 1187 ἔφη
610 1110 815 1186 παραλιπεῖν,
829 1097 898 1168 οὐδ’
914 1103 1100 1186 ἐπιτρέψειν

148 1200 229 1283 τινί,
242 1200 464 1286 αἰνιττόμενος
477 1206 521 1278 είς
536 1200 607 1285 ἐμὲ,
620 1201 915 1286 προκαταλαβόντα
926 1203 966 1268 τά
979 1207 1099 1268 Φιλίπ-

148 1321 214 1363 που
231 1289 297 1365 ότα
313 1313 381 1378 τοίς
399 1298 508 1377 ἄλλοις
525 1301 627 1384 λόγον
639 1300 682 1385 μη
695 1308 893 1367 καταλιπεῖν.
916 1297 1098 1386 ἀρξάμενος
1117 1320 1167 1375 ιος

150 1401 376 1484 δέτοῦλέγειν,
388 1408 519 1483 πρῶτον
527 1397 765 1486 διαβοληντιυα
778 1395 928 1465 ὑπειπών
941 1397 1023 1466 κατά
1031 1406 1099 1464 τοῖν

149 1503 397 1584 συμπρέσβεων,
407 1494 517 1582 ὑςοὺχ
523 1495 666 1574 ἅπαντες
674 1494 756 1581 ὑπὲρ
768 1506 835 1562 τῶν
847 1494 959 1563 αὐτῶν
971 1494 1047 1563 οὐδ’
1060 1493 1099 1563 ό-

71 1586 76 1595 ’
148 1620 236 1679 μοιοι
253 1608 322 1673 ταῖς
340 1595 448 1674 δόξαις
463 1592 604 1681 ἥκομεν,
627 1595 746 1683 διεξῄει
766 1594 823 1672 τὰς
842 1591 1021 1680 ὑπηρεσίας
1042 1592 1099 1672 τάς

79 1705 129 1760 281
149 1691 361 1779 ὑπηργμένας
373 1700 417 1772 εἰς
429 1702 595 1762 Φίλιππον
606 1691 713 1783 αὑτῷ,
737 1694 871 1780 προίτην
888 1694 950 1780 μὲν
965 1692 1026 1780 την
1039 1703 1100 1761 τοῦ

150 1792 374 1878 Φιλοκράτους
386 1802 599 1880 συνηγορίαν,
609 1791 662 1861 ότε
674 1798 792 1877 ἔφευγε
803 1793 1007 1877 παρανόμων
1018 1794 1098 1872 ἐξεί-

149 1919 204 1959 υαι
222 1891 350 1976 γράψας
364 1900 516 1982 Φιλίππῳ
534 1896 686 1979 πρέσβεις
702 1890 785 1980 πρός
799 1891 997 1977 Ἀθηναίους
1014 1888 1099 1976 ὑπὲρ

149 1990 281 2076 εἰρήνης
288 1992 427 2076 πέμπειν
436 2017 442 2028 ·
452 1992 609 2076 δεύτερον
622 1995 657 2058 δὲ
670 1989 844 2074 ὑπανέγνω
858 1991 894 2057 τό
909 1988 1099 2077 ψήφισμα,ὃ

149 2085 426 2173 γεγραφώςαότός
436 2081 489 2174 ἦν,
499 2095 697 2156 σπείσασθαι
708 2097 752 2177 τῷ
765 2089 947 2174 κη’ρυκικαί
959 2096 998 2176 τῇ
1009 2089 1099 2173 παρά

151 2185 1100 2276 Φιλίππουπρεσβείηι,τρίτονδὲτόπερὶτοὺβουλεὺσασθαι

150 2288 210 2353 τόν
221 2289 327 2371 δῆμον
345 2283 427 2371 ὑπὲρ
436 2287 567 2373 εἰρήνης
575 2290 610 2354 ἐν
626 2301 756 2364 τακταῖς
765 2282 908 2373 ἡμέραις.
928 2286 982 2353 καὶ
994 2307 1100 2367 προσ·
1118 2296 1167 2348 110

151 2386 253 2468 έδηκέ
278 2409 309 2449 τι
336 2390 488 2449 τοιοῦτον
505 2384 682 2470 ἐνθύμημα
699 2390 744 2472 τῷ
766 2384 872 2473 λόγῳ,
896 2380 946 2451 ότι
971 2392 1101 2466 πρῶτος

151 2475 450 2565 έπιστομίσειετοὺς
465 2478 527 2568 τὴν
544 2477 680 2568 εἰρήνην
687 2474 900 2570 ἐκκλῄοντας,
913 2479 954 2547 οό
965 2495 1032 2560 τοϊς
1042 2482 1100 2548 λό-

42 2574 50 2587 ’
150 2604 236 2662 γοις,
260 2575 343 2645 άλλά
365 2591 432 2654 τοῖς
451 2577 592 2662 χρόνοις.
615 2574 722 2643 ἔπειθ’
744 2578 858 2662 ἕτερον
877 2577 1014 2664 ἐπήγετο
1034 2577 1101 2662 ψη-

152 2697 273 2762 ψισμα,
293 2675 329 2742 τό
350 2679 404 2742 καὶ
421 2677 495 2760 περὶ
511 2683 693 2760 συμμαχίας
708 2675 958 2761 βουλεύσασθαι
969 2673 1028 2743 τόν
1039 2680 1101 2761 δη-

153 2799 235 2858 μου,
253 2774 307 2837 καὶ
324 2771 404 2857 μετὰ
421 2769 514 2839 ταῦτ’
527 2771 589 2858 ἤδη
601 2775 637 2840 τό
651 2774 724 2858 περὶ
735 2781 792 2858 της
803 2778 977 2860 προεδρίας
989 2781 1046 2859 τῆς
1056 2779 1102 2852 είς

155 2869 194 2937 τά
212 2869 377 2937 Διονύσια
398 2886 464 2948 τοῖς
485 2876 641 2957 πρέσβεσι
661 2885 728 2948 τοῖς
750 2878 917 2938 Φιλίππου
937 2871 1101 2957 ψήφισμα.

83 2986 136 3043 282
153 2969 208 3033 καὶ
224 2968 412 3055 προσέθηκε
426 2966 487 3053 τὴν
503 2972 687 3054 ἐπιμέλειαν
703 2969 763 3056 την
775 2967 945 3037 αὑτοῦκαὶ
957 2990 1101 3052 προσκε-
1120 2986 1167 3039 111

154 3073 304 3150 φαλαίων
321 3069 418 3134 θέσιν
435 3068 491 3133 καὶ
509 3068 661 3152 φυλακάς
677 3096 766 3147 τινας
784 3071 838 3136 καὶ
849 3066 1033 3153 άγρυπνίας
1046 3067 1101 3133 διά

152 3162 230 3242 τοὺς
247 3173 462 3250 φθονοῦντας
477 3167 531 3232 καὶ
547 3169 774 3253 βουλομένους
791 3172 836 3244 είς
851 3165 913 3252 την
925 3163 1030 3232 αὑτοῦ
1042 3191 1081 3250 φτ

151 3270 300 3348 λοτιμίαν
314 3260 457 3350 ὑβρίσαι,
470 3266 524 3331 καὶ
535 3264 575 3331 τά
585 3291 622 3348 γε
634 3263 673 3349 δὴ
687 3269 909 3350 καταγέλαστα
921 3271 1099 3346 παντελῶς,

151 3359 206 3440 ἐφ’
229 3356 277 3437 οἷς
305 3365 339 3428 οί
364 3368 584 3448 συμπρέσβεις
611 3364 857 3441 ἐνεκαλύψαντο
865 3413 875 3444 ,
915 3359 958 3439 ὡς
978 3363 1099 3441 ἐξένισε
