2340 3916
334 188 513 243 Πτοιοαα
530 189 763 243 mmmm.
1015 189 1035 255 τ

109 323 260 407 Διογένη,
292 325 518 407 Πολύστρατον,
546 317 754 407 Ἀριστομένη,
790 327 937 403 Οἰωνίαν,
968 330 1035 387 Πα-

113 412 238 473 ναίτιον.

147 534 272 625 Πράτη
290 533 353 623 μὲν
372 528 535 624 άάνδρες
552 532 695 623 μήνυσις
715 534 848 621 ἐγένετο
867 533 951 623 αὕτη
966 534 1036 605 ὑπὸ
1056 550 1089 599 14

65 634 302 726 Ἀνδρομάχου
327 636 411 704 ιιατά
434 635 566 705 τοότωυ
596 638 666 704 τῶν
689 633 837 726 ἀνδρῶν.
883 644 955 707 Καί
982 664 1039 724 μοι

69 738 164 807 κάλει
183 737 383 826 Διόγνητον.

129 863 235 927 Ἦσθα
261 867 400 946 ζητητής,
427 859 452 928 ό
473 865 633 947 Διόγνητε,
661 865 709 930 ὅτε
735 866 913 940 Πυθόνικος
938 866 1003 929 εἶ’

109 957 206 1034 γειλεν
228 950 261 1013 ἐν
281 961 321 1058 τμ
342 950 425 1051 δήμμ
450 951 518 1033 περὶ
535 948 739 1032 Ἀλκιβιάδου;
761 946 832 1015 Ἦν.
854 944 956 1011 Οἶσθα
966 883 1040 1012 σόό

109 1035 287 1117 μηνύσαντα
298 1012 551 1141 Ανδρόμαχον
519 1060 555 1097 τα
578 1035 612 1098 ἐν
627 1048 663 1122 τῆ
678 1038 757 1145 οἰκίη
777 1061 812 1122 τη
799 1036 1040 1109 Πουλυτίωνος

109 1120 284 1203 γιγνόμενα;
312 1113 401 1183 Οἶδα.
446 1110 521 1181 Τά’
508 1120 639 1266 ονόματα
660 1116 719 1184 οὖν
745 1132 805 1184 των
831 1114 953 1203 ἀνδρῶν
979 1119 1041 1181 ἐστι

110 1216 220 1284 ταῦτα,
235 1204 310 1266 καθ’
327 1199 401 1267 άνὲ
387 1204 499 1279 ἐκεῖνος
515 1204 679 1285 ἐμήνυσεν;
688 1206 774 1267 Ἔστι
788 1216 892 1269 ταῦτα.

148 1347 302 1433 Δευτέρα
325 1353 445 1415 τοίνυν
469 1345 611 1435 μηνυσις
635 1349 776 1435 ἐγένετο.
826 1351 975 1437 Τεῦκρος
996 1372 1040 1433 ην
1059 1360 1092 1411 15

70 1448 196 1518 ἐνθάδε
220 1450 393 1536 μέτοικος,
418 1444 455 1528 ὃς
481 1446 584 1540 ᾤχετο
611 1450 797 1540 Μέγαράδε
827 1448 1041 1536 ότιεξελδάν,

70 1552 202 1620 ἐκεῖθεν
233 1549 272 1618 δδ
304 1551 543 1637 ἐπαγγέλλωσι
571 1552 614 1638 τῇ
645 1555 779 1640 βουλῇ,
810 1561 845 1619 εἴ
864 1555 901 1619 oc
923 1548 1041 1619 ἄδειαν

70 1657 182 1739 δοῖεν,
206 1651 369 1740 μηνόσειν
395 1659 474 1741 περί
490 1649 556 1740 (τε)
580 1654 650 1720 τῶν
674 1658 891 1741 μυστηρίων,
917 1675 1040 1740 συνερ-

71 1754 132 1841 γός
152 1752 220 1841 όν,
237 1755 294 1822 καὶ
312 1753 394 1833 τούς
413 1751 539 1833 ἄλλους
556 1753 637 1832 τούς
656 1758 839 1834 ποιοῦντας
857 1751 937 1841 μεθ’
960 1754 1041 1821 ἑαυ-

70 1858 153 1943 τοῦ,
185 1856 242 1923 καὶ
269 1856 345 1945 περὶ
370 1859 441 1922 τῶν
461 1853 591 1943 Ἑρμῶν
616 1859 675 1942 της
700 1857 881 1944 περικοπῆς
905 1849 927 1920 ά
958 1851 1042 1942 ᾔδει.

71 1958 306 2047 ψηφισαμένης
331 1956 370 2026 δὲ
392 1982 451 2042 της
475 1947 664 2045 βουλης,
644 1982 687 2042 ην
717 1956 784 2046 γάρ
809 1954 1044 2045 αὐτοκράτωρ,

73 2085 203 2152 φχοντο
222 2056 278 2128 ἐπ’
298 2057 406 2127 αὐτὸν
425 2056 626 2148 Μέγαράδε
645 2059 703 2127 καὶ
716 2066 908 2184 μομισθείς,
927 2057 1044 2126 ἄδειαν

71 2157 281 2286 εόρόμεμος,
299 2154 493 2249 ἀπογράφει
509 2161 590 2240 τους
608 2159 686 2283 μεθ’
709 2162 843 2230 ἑαυτοῦ.
877 2149 992 2230 καὶ
951 2185 1046 2228 ουτοι

71 2261 158 2331 κατά
176 2289 237 2349 την
261 2261 414 2350 Τεόιιρου
432 2260 579 2349 μήνυσιν
599 2259 727 2353 ὤχοντο
745 2263 941 2350 φεόγοντες.
975 2267 1047 2330 Καί

69 2390 130 2452 μοι
147 2362 230 2451 λάβε
247 2365 305 2432 καὶ
323 2361 501 2448 ἀνάγνωθι
518 2363 559 2430 τά
578 2361 729 2452 ὀνόματα
747 2362 871 2432 αὐτῶν

91 2511 306 2571 ΟΝΟΜΑΤΑ.
340 2508 453 2570 Τοόσδε
472 2513 601 2589 Τεῦκρος
624 2506 767 2587 ἐμήνυσε·
798 2508 950 2603 Φαῖδρον,
973 2511 1043 2568 Γνι-

112 2595 262 2673 φωνίδην,
275 2590 439 2674 Ἰσόνομον,
451 2589 707 2673 Ἡφαιστόδωρον,
726 2584 955 2672 Κηφισόδωρον,
972 2589 1043 2653 ἑαν-

145 2851 187 2899 13.
213 2843 337 2913 Διογένη
361 2846 448 2901 Schi:
472 2840 624 2913 Διογένην.
648 2846 683 2897 cf.
703 2847 776 2897 infra
792 2836 971 2913 Ἀριστομένη
996 2846 1049 2909 (ita

73 2914 165 2978 υοδδ,
185 2905 383 2981 Ἀριστομένην
405 2912 547 2980 Ald..-)
513 2910 699 2965 -Οίωνίαν
723 2914 924 2964 restituendum
947 2918 1008 2964 erat
1033 2929 1048 2964 ο

75 2952 165 3034 titulo'
193 2981 348 3062 poletarum
375 2996 473 3032 recens
500 2988 611 3045 reperto
638 2980 674 3046 (τ.
703 2980 857 3035 Kirchhoff.
876 2982 903 3032 J.
921 2982 948 3032 J.
980 2982 1047 3034 1860

73 3069 103 3117 p.
123 3049 198 3111 238):
213 3041 336 3101 ’.Ιωνίαν
372 3050 488 3099 Praeter
511 3047 568 3099 alia
591 3050 702 3099 nomina
726 3046 762 3111 (v.
775 3049 838 3110 adg
854 3050 894 3099 16.
908 3047 956 3108 35)
978 3049 1048 3099 haec

74 3119 118 3169 ibi
137 3122 263 3168 exstant·
282 3115 461 3169 ΟΙΩΝΙΟΊ
480 3115 562 3168 ΤΟΤ
574 3116 754 3169 ΟΙΩΝΙΟῬ
764 3121 794 3167 et
813 3114 1048 3169 ΠΑΝΑΙΤΙΟῬ.

146 3188 186 3238 14,
206 3202 239 3251 τη
227 3183 384 3236 Πουλυτ.
403 3183 508 3234 ΑΒΙτα
528 3183 579 3235 τοῦ
599 3184 689 3236 Πουλ.

146 3255 187 3303 15,
199 3203 403 3318 ἔνταγγέλλεται
418 3251 542 3302 ABBk.:
554 3244 790 3317 ἐπαγγέλλετοΙι,
802 3243 979 3318 ἔταγγελετο
989 3250 1051 3311 ΖΜ

67 3314 182 3386 ἐπηγγέ
185 3320 354 3376 λδετοτ-
321 3335 398 3370 τε
413 3324 475 3384 post
487 3315 553 3381 περὶ
564 3319 658 3369 αδδιδι
674 3319 737 3399 qoll.
747 3321 806 3382 §34
821 3319 898 3385 [μην
913 3313 1007 3369 καὶττ
1024 3335 1049 3369 τ

65 3402 167 3455 μυστ,
178 3379 267 3471 σι’όν,
280 3403 347 3445 τους
358 3378 421 3440 αλλ
432 3386 608 3464 Lipsius).-
623 3402 776 3454 ευρομενος
785 3386 832 3437 AB
850 3385 915 3440 Bk:
930 3377 1050 3453 εὑράμε-

66 3472 185 3516 νος.-
206 3449 302 3506 ου’τῶν
320 3460 383 3520 post
400 3444 482 3520 ὀνόμ.
503 3457 532 3505 et
550 3448 583 3506 δὲ
601 3460 663 3519 post
681 3450 832 3522 μέμνησθε
851 3469 902 3504 om.
922 3454 952 3503 Z.
971 3480 1004 3489 -

146 3522 367 3574 OVOMATA
359 3537 387 3571 m
406 3537 459 3586 mg
473 3520 537 3572 add.
550 3518 641 3573 Ad.-
