2340 3916
131 215 174 281 54
507 212 725 267 εαιοιωοου

134 355 238 438 ἀλλας
266 356 371 448 ἀρχας
398 353 558 446 ἄρξαντες
581 358 638 425 καὶ
664 356 815 446 χρήματα
839 362 1101 446 διαχειρίσαντες

133 459 174 527 τοὶ
192 459 339 548 ὑμέτερα
357 457 485 528 οὐδένα
503 456 637 527 ποίποτε
656 448 792 546 ὦφλον,
820 456 895 527 οὐδ’
915 456 1102 549 ήμάρτηται

134 560 239 629 οὐδὲν
257 559 335 630 οὔτε
352 559 436 648 ἡμῖν
454 567 502 639 είς
517 557 608 646 ἀμᾶς
621 556 701 628 οὔτε
717 558 805 647 ἀμῖν
822 566 872 640 είς
889 557 990 648 ἡμᾶς’,
1008 567 1102 630 οἰκία

134 661 172 731 δὲ
186 665 306 733 πασῶν
320 660 521 751 ἀρχαιοτάτη
534 662 591 729 καὶ
606 661 784 751 κοινοτάτη
801 661 854 730 ἀεὶ
872 664 920 754 τῷ
940 662 1101 755 δεομένῳ.

134 762 207 833 οὐδ’
234 771 323 835 ἔστιν
349 761 436 833 ὅπου
457 766 596 832 ἐκείνων
613 786 663 843 τις
680 766 751 831 τῶν
776 759 916 853 ἀνδρῶν
933 762 1102 845 καταστάς

134 867 183 947 ἐίς
201 864 320 954 ἀγῶνα
334 865 508 954 ἀπῄτησεν
520 863 610 952 ἀμᾶς
624 865 723 955 χάριν
739 865 873 935 τούτων
889 867 960 934 τῶν
979 872 1100 956 έργων.

66 982 115 1032 148
133 968 178 1056 μή
196 976 335 1056 τοίνυν,
353 973 385 1036 εί
401 964 505 1036 αὐτοὶ
518 971 678 1054 τεθνᾶσι,
695 967 845 1056 καὶπερὶ
862 970 932 1036 τῶν
946 991 1100 1058 πεπραγ-

133 1071 246 1156 μένων
260 1068 379 1148 αὐτοῖς
394 1065 622 1156 ἐπιλάθησθε,
640 1067 717 1137 ἀλλ’
738 1068 1013 1157 ἀναμνησθέντες
1030 1072 1102 1138 τῶν

134 1177 246 1259 ἔργων
261 1177 422 1258 νομίσατε
438 1171 479 1237 τὰ
494 1169 632 1258 σοίματα
646 1168 764 1239 αὐτῶν
782 1169 867 1260 ὁρᾶν
886 1172 1102 1259 αἰτουμένων

135 1271 192 1359 ἐμὲ
210 1271 292 1362 παρ’
318 1271 417 1360 ὑμῶν
436 1274 550 1341 σῶσαι.
587 1279 665 1341 τίνα
691 1272 759 1362 γάρ
775 1274 833 1342 καὶ
852 1271 1103 1362 ἀναβιβάσομαι

133 1373 337 1462 δεησόμενον
351 1373 443 1464 ὑπὲρ
456 1375 604 1461 ἐμαυτοῦ
615 1405 624 1457 ;
637 1373 699 1442 τὸν
712 1375 860 1465 πατέρα;
874 1371 962 1444 ἀλλά
975 1375 1102 1463 τέθνη-

133 1501 200 1544 κεν.
237 1474 324 1545 ἀλλά
348 1477 430 1555 τούς
456 1473 648 1563 ἀδελφοός;
679 1474 756 1545 ἀλλ’
784 1474 849 1545 οάκ
871 1483 969 1546 είσίν.
1013 1474 1102 1544 ἀλλὰ

67 1590 114 1640 149
133 1578 214 1658 τούς
233 1582 375 1661 παῖδας;
400 1575 478 1646 ἀλλ’
500 1575 599 1646 οὕτω
619 1577 824 1666 γεγένηνται.
862 1575 961 1666 δμεῖς
978 1585 1102 1647 τοίνυν

131 1681 188 1748 καὶ
216 1677 294 1748 ἀντὶ
316 1679 444 1769 πατρὸς
470 1679 544 1767 ἐμοὶ
567 1680 625 1746 καὶ
650 1677 729 1748 ἀντὶ
753 1678 914 1766 ἀδελφῶν
938 1679 997 1748 καὶ
1020 1677 1102 1749 ἀντὶ

134 1787 267 1851 παίδων
285 1776 443 1867 γίνεσθε·
463 1786 512 1860 είς
532 1777 622 1868 ἀμᾶς
635 1781 842 1870 καταφεύγω
856 1782 913 1849 καὶ
932 1778 1101 1869 ἀντιβολῶ

133 1885 190 1953 καὶ
212 1883 366 1953 ίκετεάω·
402 1878 502 1969 ὑμεῖς
525 1909 566 1968 με
590 1881 670 1972 παρ’
696 1883 796 1970 κίμων
820 1881 937 1952 αὐτόν
957 1883 1102 1971 αἰτησό-

132 2011 227 2072 μενοι
262 1984 410 2070 σοόσατε,
445 1985 503 2052 καὶ
538 1982 583 2071 μή
617 1984 785 2073 βούλεσθε
817 1985 1007 2064 Θετταλοὺς
1042 1985 1103 2053 καὶ

128 2084 308 2175 Ἀνδρίους
332 2092 473 2164 πολίτας
498 2096 667 2156 ποιεῖσθαι
698 2084 742 2153 δι’
775 2084 925 2176 ἀπορίαν
949 2083 1101 2175 ἀνδρῶν,

131 2185 214 2266 τους
228 2185 267 2254 δὲ
281 2183 381 2266 όντας
395 2193 535 2266 πολίτας
554 2185 856 2276 ὁμολογουμένως,
875 2182 928 2267 οἷς
941 2187 1104 2276 προσήκει

132 2285 297 2377 ἀνδράσιν
315 2287 461 2374 ἀγαθοῖς
478 2286 638 2358 εἶναικαὶ
662 2289 866 2377 βουλόμενοι
882 2288 1102 2377 δυνήσονται,

131 2389 277 2470 τούτους
302 2388 341 2460 δὲ
358 2389 538 2460 ἀπόλλυτε.
574 2389 620 2478 μή
644 2392 739 2477 δήτα.
776 2396 889 2460 ἔπειτα
913 2391 970 2459 καὶ
992 2389 1099 2460 ταῦθ’

132 2489 231 2580 ὑμῶν
259 2492 396 2581 δέομαι,
420 2483 459 2561 εὖ
479 2495 587 2561 ποιῶν
610 2489 701 2578 ἀμᾶς
724 2490 790 2580 ἀφ’
811 2490 912 2580 ὑμῶν
929 2493 1101 2580 τιμᾶσθαι.

133 2589 213 2662 ὥστ’
243 2595 317 2681 ἐμοὶ
347 2593 411 2682 μὲν
435 2593 630 2681 πειθόμενα
654 2591 719 2662 αάκ
742 2592 985 2683 ἀποστερεῖσθε
1009 2603 1044 2663 εί
1070 2621 1104 2662 τι

133 2694 199 2779 ἐγὼ
219 2694 409 2784 δυνήσομαι
425 2695 516 2783 ὑμᾶς
534 2685 572 2764 εὖ
591 2708 716 2764 ποιεῖν·
736 2693 796 2765 έάν
816 2695 854 2765 δέ
871 2710 942 2776 τοῖς
962 2698 1101 2782 ἐχθροῖς

131 2809 203 2876 τοῖς
229 2799 322 2884 ἐμοῖς
346 2799 522 2885 πεισθῆτε,
548 2793 625 2864 οὐδ’
652 2792 695 2864 ἀν
719 2795 853 2889 ὑστέρῳ
877 2796 990 2889 χρόνῳ
1011 2793 1101 2883 ὑμῖν

64 2906 113 2958 150
130 2898 362 2987 μεταμελήσῃ,
386 2896 490 2966 οὐδὲν
516 2902 565 2966 ἔτι
589 2898 694 2966 πλέον
712 2899 870 2986 ποιήσετε.
906 2898 952 2985 μή
975 2904 1101 2967 τοίνυν

199 3130 259 3179 147.
277 3119 402 3179 οίδὲν“
385 3142 423 3177 αν
445 3119 559 3179 πόποτε
581 3129 647 3179 libri
670 3127 781 3192 (θολός)
800 3128 850 3182 del.
875 3116 912 3180 ἀν
934 3127 1040 3179 Bk-
1006 3127 1099 3198 -τῷ

131 3191 260 3263 δεομένῳ
278 3195 324 3244 ΑΒ
344 3195 410 3246 Bk.·
429 3193 486 3247 τῶν
505 3192 660 3260 δεομένων

199 3264 256 3314 148.
275 3277 327 3327 περ
330 3261 340 3315 λ
360 3267 425 3314 τιτλε
443 3278 585 3342 πεπραγμ.
605 3263 669 3316 mal.
690 3262 928 3315 abesse'l'urr.·-
895 3278 1004 3314 -num
1022 3253 1096 3314 ἀνα

131 3281 360 3411 fltssoiowpat?⁰—
378 3323 454 3383 ἀλλα
473 3336 539 3383 ante
558 3324 626 3391 τούς
645 3321 691 3384 ἀδ.
711 3329 773 3384 add.
792 3330 839 3380 AB
857 3331 910 3387 Bk

200 3401 257 3451 149.
275 3391 401 3464 ἀμων]
386 3402 459 3465 υμῖν
476 3399 584 3450 ΑΒ.-
602 3389 763 3457 Θετταλους
782 3392 857 3464 (μὲν)
875 3400 912 3476 pi.
925 3397 1028 3450 Ob.—
995 3391 1101 3450 -ἀν-

131 3463 248 3547 δρείους
262 3482 302 3548 pr.
319 3464 365 3519 Ad.
383 3461 461 3527 -οίς
479 3464 529 3519 καὶ
547 3458 685 3532 προσήκει
703 3466 718 3528 5
737 3467 847 3518 136.-
865 3456 1028 3518 ἀπολλόναι
1048 3465 1100 3518 Cb.

130 3559 162 3569 -
181 3522 298 3594 ὥστ’]
280 3552 317 3595 τος
334 3537 469 3589 Dobr.-
487 3525 713 3599 ἀποστερεῖσθαι
731 3532 811 3586 ABL.
