2340 3916
151 180 192 242 54
503 175 760 234 ΑΙΣΧΙΝΟΤ

151 337 212 427 χρὴ
231 353 338 407 ποιεῖν
354 335 413 407 τόν
430 340 639 424 ἑταιροῦντα·
660 323 758 412 οὗτος
776 331 811 401 δὲ
828 332 1022 420 ὑπερβαίνει
1043 335 1103 413 τὰς

153 438 360 524 συνθήκας.“
380 434 479 504 ἔπειτ’
500 433 542 504 οὐ
559 429 663 518 πολλὴ
681 431 810 519 κραυγὴ
829 431 917 517 παρά
928 441 996 501 των
1008 437 1103 500 δικα-

152 546 240 605 στῶν
263 535 355 623 αὐτῷ
379 534 615 623 άπαντησεται;
636 540 684 611 τίς
705 530 770 616 γάρ
792 532 855 601 οὐκ
878 536 947 617 ἐρεῖ
968 539 1103 619 ,,έπειτα

83 643 133 698 164
154 636 323 722 ἐμβάλλεις
334 642 379 713 είς
389 631 451 720 τὴν
460 627 619 718 άγοράνῆ
631 627 820 718 στεφανοῖῆ
831 630 982 718 πράττεις
992 658 1024 699 τι
1034 638 1104 699 των

153 734 265 803 αὐτῶν
280 732 403 821 όγμῖυςιι
426 731 553 800 οὐκοῦν
570 728 671 799 οὐδὲν
686 729 808 815 όφελος
826 738 883 817 τῆς
895 738 1101 817 συγγραφῆς.

151 836 259 902 πόθεν
278 827 341 901 οὖν
358 843 470 917 ίσχυκε
487 832 542 898 καὶ
559 831 705 916 σύνηθες
723 831 895 915 γεγένηται
911 833 1036 914 λέγειν,
1059 825 1105 906 ὦς
1121 858 1169 912 165

149 931 233 1001 κατά
243 945 466 1018 γραμματεῖον
475 930 538 1016 ἤδη
553 929 639 1007 τινές
648 926 841 1014 ἡταίρησαν,
852 925 915 1014 ἤδη
928 930 1001 1013 έροὸ.
1014 923 1101 1012 άνηρ

47 1040 49 1045 ’
150 1027 273 1111 εἷςτοᾶν
290 1038 434 1097 πολιτῶν
459 1027 509 1115 (τὸ
530 1029 561 1095 δ’
580 1027 687 1114 ὄνομα
701 1026 743 1095 οὐ
753 1029 849 1107 λέξω·
872 1028 930 1107 τάς
942 1026 1007 1114 γάρ
1019 1024 1101 1092 άπε-

149 1137 263 1216 χθείας
282 1130 412 1215 φεύγω)
436 1126 535 1196 οὐδὲν
553 1127 771 1212 προϊδόμενος
787 1119 836 1193 οἷν
860 1123 959 1214 ὀλίγφ
981 1123 1103 1207 πρότε·

153 1255 213 1310 ρον
226 1225 288 1312 ἐγω
302 1231 477 1312 διεξῆλθον
489 1225 573 1310 πρός
584 1223 681 1312 ὑμᾶς,
694 1230 820 1311 λέγεται
833 1223 916 1294 κατά
930 1223 1103 1310 συνθήκας

150 1322 361 1410 ἡταιρηκέναι
371 1323 428 1403 τάς
439 1324 520 1407 παρ’
529 1322 692 1393 Ἀντικλεῖ
698 1331 860 1410 κειμένας,
874 1320 936 1391 οόκ
948 1320 997 1392 σόν
1009 1322 1102 1391 ίδιοό-

148 1451 216 1510 της,
228 1423 311 1493 άλλόι
322 1424 403 1510 πρὸς
414 1422 453 1491 τά
465 1424 563 1493 κοινά
574 1424 739 1508 πρασιάν·
751 1425 806 1492 καὶ
817 1427 995 1506 λοιδορίαις
1006 1446 1103 1504 περι-

149 1530 279 1591 πίπτων
296 1529 341 1602 είς
360 1525 546 1610 συνήθειαν
563 1528 694 1609 ἐποίησε
711 1531 773 1591 τοῦ
791 1524 895 1609 λόγου
906 1522 1101 1607 τούτουτὴν

148 1623 247 1690 πόλιν
269 1630 487 1710 καταστῆναι,
507 1624 563 1690 καὶ
582 1622 636 1690 διά
656 1632 755 1690 τοῦτο
777 1625 927 1706 ἐρωτῶσί
943 1647 1046 1706 τινες,
1071 1626 1102 1687 εί

148 1720 230 1789 κατά
241 1738 463 1810 γραμματεῖον
478 1721 627 1810 ἡπροῖξις
636 1729 816 1810 γεγένηται.
835 1719 853 1791 ὁ
869 1726 904 1791 δὲ
916 1725 1101 1808 νομοθέτης

150 1819 211 1905 οὐχ
222 1820 311 1900 ὅπως
322 1819 358 1888 τό
377 1830 511 1908 πρᾶγμα
526 1826 697 1908 γεγένηται
715 1824 927 1908 ἐφρόντισεν,
951 1819 1026 1889 ἄλλ’
1041 1819 1101 1888 έάν

80 1926 129 1981 165
147 1916 305 1986 ὁπωσοῦν
315 1928 477 2003 μίσθωσις
487 1924 630 2005 γένηται,
644 1924 829 2006 κατέγνωκε
840 1930 901 1989 τοῦ
913 1922 1101 2004 πράξαντος

147 2017 316 2102 αἰσχύνην.
624 2101 635 2110 ⁶
947 2018 953 2032 ’

229 2112 315 2183 Ἀλλ’
343 2117 430 2201 ὅμως
458 2117 547 2185 οὕτω
574 2126 690 2203 σαφεῖς
714 2119 844 2186 τούτων
871 2120 1099 2203 διωρισμένων
1120 2151 1169 2204 155

147 2215 265 2282 πολλαὶ
275 2218 480 2301 παρεμβολαὶ
496 2217 606 2302 λόγων
622 2215 689 2284 ὑπδ
701 2221 943 2304 Δημοσθένους
954 2212 1100 2301 εὑρεθή-

149 2332 272 2379 σονται.
292 2315 347 2381 καὶ
357 2330 426 2395 ταῖς
439 2317 501 2402 μὲν
512 2314 595 2403 ὑπὲρ
612 2325 674 2386 τοῦ
685 2319 876 2405 πράγματος
887 2325 1100 2402 κακοηθείαις

146 2416 338 2498 λεγομέναις
354 2406 455 2500 ἦττον
471 2415 515 2484 άυ
530 2443 579 2497 τις
596 2415 869 2503 ἀγανακτήσειεν
893 2413 961 2482 άδδ
972 2420 1100 2494 ἔξωθεν

145 2510 346 2588 ἐπεισάξεται
363 2511 607 2598 λυμαινόμενος
623 2512 662 2582 τά
679 2522 737 2601 τῆς
755 2514 882 2592 πόλεως
894 2518 1020 2596 δίκαια,
1044 2516 1098 2580 ἐπὶ

147 2607 277 2686 τούτοις
294 2608 389 2689 άξιόν
404 2613 494 2678 ἐστιν
511 2609 718 2696 ὀργισθῆναι.
743 2611 847 2689 πολὺς
858 2610 994 2697 μὲνγὰρ
1005 2608 1023 2679 ὁ
1036 2618 1100 2678 Φί-

147 2712 265 2784 λιππος
286 2711 393 2792 ἔσται,
419 2706 682 2794 άναμιηθήσεται
704 2709 740 2777 δὲ
763 2712 818 2777 καὶ
838 2707 875 2777 τό
899 2717 960 2778 τοῦ
982 2706 1100 2787 παιδός

145 2799 252 2886 ὄνομα
267 2801 495 2889 Ἀλεξάνδρου.
516 2804 652 2894 καὶγὰρ
669 2804 752 2893 πρός
768 2822 836 2886 τοῖς
853 2805 965 2885 άλλοις
985 2822 1099 2883 κακοῖς

144 2895 291 2980 ἄμουσός
308 2926 356 2978 τις
374 2893 472 2979 οὗτος
488 2904 542 2970 καὶ
558 2899 1036 2987 άπαίδευτοςάνθρωπόςέστι.
1060 2900 1096 2970 τό
1118 2936 1167 2991 167

144 2993 206 3077 μέν
215 2991 281 3079 γὰρ
293 3002 339 3074 είς
349 2993 409 3083 τόν
419 3005 587 3068 Φίλιππον
597 3009 643 3090 τῷ
655 3001 743 3089 λόγῳ
755 3009 956 3088 πλημμελεῖν
966 2998 1096 3087 ἀμαθές

143 3089 205 3173 μέν
222 3093 276 3160 καὶ
293 3091 449 3180 άκαιρον,
471 3102 607 3165 ἔλαττον
625 3096 656 3164 δ’
675 3090 720 3166 οό
735 3103 843 3184 μέλλω
862 3100 970 3183 λέγειν
986 3095 1096 3183 ἁμάρ-

142 3214 243 3274 τημα·
265 3189 540 3281 ὁμολογουμένως
550 3192 614 3280 γάρ
631 3201 677 3275 είς
692 3195 816 3282 άυδρα,
837 3203 956 3282 καίπερ
974 3193 1036 3262 οὐκ
1048 3189 1098 3262 όν

142 3284 243 3366 αὐτὸς
254 3285 357 3375 άνηρ,
379 3292 436 3371 τάς
451 3299 662 3380 βλασφημίας
673 3293 859 3378 ποιήσεται·
883 3289 965 3360 όταν
977 3293 1013 3360 δέ
1024 3307 1095 3370 ταῖς

142 3387 187 3460 είς
204 3385 263 3451 τὸν
280 3392 380 3454 παῖδα
397 3395 743 3478 πεπραγματευμέναις
754 3405 955 3477 μεταφοραῖς
965 3389 1092 3475 ὄνομά--
