2340 3916
436 194 646 245 rururrrm.
838 262 844 275 ,
932 184 1032 248 XVII

58 360 85 418 ei
108 356 233 436 quidem
255 363 302 416 est
323 355 402 414 istuc
415 355 534 414 vitium.
571 350 750 416 Πεποινται
766 374 822 433 pro
839 350 1030 431 πεποίηνται

58 443 99 501 D.
122 442 274 514 9‚18,.si
294 448 377 500 recte
397 440 477 518 lego,
501 447 532 499 et
551 439 683 499 fortasse
706 434 882 514 Χαλχιδεύ(
904 441 957 515 17,
979 441 1029 502 14.

59 523 295 600 (υνκατηγορεῖ
315 545 371 605 pro
388 523 637 600 (υνκατηγορεῑν
652 523 689 583 L.
706 525 755 597 35,
774 525 808 598 2,
826 527 904 585 etin
921 525 1031 586 eadem

59 612 202 671 columne
213 620 248 670 ut
263 609 448 690 quibusdum
461 611 562 670 visum
576 617 623 669 est
636 608 866 682 απολογειτθαῑ
877 630 933 689 pro
948 607 1030 672 ἀπο-

58 696 231 767 λογεῑεθαι.
268 696 415 777 Denique
435 691 589 761 Παινιεύ(
611 690 815 775 (Παιανιεύς)
834 694 875 754 Ι).
899 696 1028 772 2213,

58 780 123 841 αλα
135 775 247 859 (ἀλλὰ)
264 780 304 839 D.
319 783 368 854 11,
387 781 436 853 15,
454 789 485 839 et
500 778 645 854 λογογον
661 775 791 860 (λόγον)
807 781 841 838 in
856 779 1030 858 fragmento

58 866 236 945 Eggeriano
253 865 361 925 altero.
395 864 446 923 En
461 866 564 925 omnia
575 884 656 943 quee
669 884 708 924 ex
718 865 853 924 lacerata
864 865 1030 925 voluminis

58 959 147 1031 parte
176 951 252 1010 vitiu
280 950 477 1029 colliguntur.
524 950 655 1010 Relieue
687 968 758 1028 pars
784 948 1031 1030 Lycophroneee

58 1035 136 1095 haec
151 1035 261 1095 hebet:
278 1051 390 1097 οικειοι
400 1054 457 1113 pro
471 1029 503 1096 οἱ
514 1029 624 1096 οἰκεῖοι
637 1034 694 1094 eol.
707 1036 740 1111 33
757 1034 1031 1097 ακουεινκελευειν

59 1122 170 1180 omisso
185 1117 237 1180 καί
252 1121 309 1180 eol.
326 1123 354 1194 9,
371 1135 466 1181 αιτιαι
480 1140 537 1199 pro
552 1114 585 1180 αἱ
600 1115 695 1180 αἰτίαν
711 1120 765 1197 153
789 1140 880 1198 porro
896 1135 1031 1196 μυρρινη

59 1226 114 1284 pro
132 1202 258 1285 Μυρίνῃ
279 1205 334 1277 14,
358 1213 389 1265 et
411 1203 697 1267 (υναπολλυονταε
720 1205 760 1263 15
783 1213 815 1264 et
835 1204 958 1280 τηλικια
978 1202 1030 1284 (τῇ

58 1286 182 1371 ἡλικίᾳ)
214 1291 267 1363 12,
305 1291 338 1349 in
368 1289 479 1369 quibus
507 1291 584 1350 vitia
609 1287 728 1350 librarii
756 1290 937 1368 imperfecte
966 1310 1031 1350 eor-

59 1384 144 1434 reetu
166 1383 248 1434 sunt.
292 1374 403 1434 Paullo
425 1376 517 1455 plura
541 1375 683 1454 exempla
703 1375 910 1454 Euxenippee
932 1375 1031 1436 affert.

58 1459 165 1519 Habes
192 1480 354 1540 perversus
381 1461 541 1519 nominum
568 1461 736 1539 scripturas
765 1455 948 1535 Ἀγηεικλῆ(
975 1480 1031 1539 pro

59 1541 241 1620 Ἀγαεικλῆε
257 1545 314 1609 eol.
333 1547 381 1619 19,
399 1542 546 1620 Αιῑηνιεα
561 1546 611 1618 38,
635 1541 834 1618 Παλαηνέωε
849 1545 900 1602 44.
932 1544 1030 1604 Porro

60 1630 419 1703 ειεαγγελιανανδονναι
440 1632 484 1689 40
501 1629 581 1690 male
603 1630 714 1689 iterata
728 1627 858 1709 syllaba,
883 1636 914 1688 et
937 1629 1031 1709 ιδιον,

58 1724 93 1774 ut
115 1716 272 1794 plerisque
293 1714 427 1789 videtur,
452 1715 606 1774 eontrario
628 1715 705 1773 vitio
729 1732 785 1792 pro
807 1708 892 1775 ἴδιον
915 1708 955 1775 ὄν
978 1715 1030 1773 30.

60 1799 142 1857 Tum
157 1796 625 1874 υπηρετεικαικατατηεπολεωε
641 1799 681 1856 39
702 1797 771 1856 sine
786 1797 881 1857 dubio
897 1818 936 1859 ex
950 1793 1031 1873 ὑπη-

60 1881 184 1958 ρετήκει
199 1880 280 1944 κατὰ
294 1900 320 1944 τ.
335 1900 367 1944 π.
392 1883 602 1962 deprevatum,
620 1890 651 1942 et
666 1898 902 1959 μηουτααριετα
917 1884 959 1942 20
973 1903 1029 1962 pro

59 1965 100 2045 μὴ
124 1963 165 2029 τὰ
187 1963 297 2044 upum
317 1968 371 2027 vix
391 1968 489 2027 ullum
512 1967 708 2029 defensorem
729 1976 855 2027 nactum
877 1976 933 2028 est.
968 1967 1031 2028 Ne-

59 2073 121 2134 que
145 2052 312 2113 defendam
333 2053 478 2131 equidem
498 2053 550 2113 vel
571 2068 681 2114 αυτοιε
703 2072 729 2111 e.
753 2055 807 2127 30,
837 2052 892 2112 ubi
920 2046 1032 2114 αὐταῑε

58 2140 241 2218 requiritur,
272 2138 322 2199 vel
350 2133 469 2199 αὐτοὺς
496 2133 737 2214 ὑπηρετοῦντα(
764 2138 805 2197 48
834 2158 890 2217 pro
919 2132 1032 2200 adroic

59 2219 168 2302 ὑπηρ.,
191 2242 377 2303 quemquam
398 2223 512 2284 retinet
535 2221 658 2284 Caesar.
702 2223 849 2302 Denique
869 2239 911 2299 ην
933 2218 1030 2303 prop

58 2310 206 2388 seriptum
239 2309 297 2369 eol.
329 2309 386 2383 46,
420 2324 479 2370 ταν
513 2329 569 2388 pro
601 2307 673 2370 ταῖν
701 2309 757 2383 29,
792 2310 942 2370 δεινατον
974 2328 1031 2386 pro

59 2390 248 2455 δεινότατον
276 2395 333 2467 41,
370 2409 514 2456 ειειεαειν
546 2413 602 2472 pro
632 2407 759 2455 ειειαειν
789 2401 820 2452 et
845 2387 932 2453 εἰείν·
951 2392 1031 2452 male

61 2479 205 2537 omissum
228 2479 283 2551 21,
315 2485 347 2536 et
370 2498 438 2538 eum
460 2479 498 2536 31
522 2491 696 2554 τεταφεναι
721 2496 777 2555 pro
799 2471 957 2552 τεθάφθαι
978 2471 1032 2538 ναί

59 2562 203 2620 librarius
219 2562 365 2633 dedisset,
387 2578 407 2621 τ
428 2562 560 2620 alterum
574 2563 780 2621 incorrectum
793 2562 916 2621 mansit.
950 2560 1032 2621 Sunt

60 2647 131 2705 sine
160 2645 255 2704 dubio
284 2646 346 2705 elie
371 2646 450 2705 vitia
475 2646 573 2724 magis
594 2646 739 2719 latentia,
770 2665 901 2724 quorum
926 2653 1031 2705 tamen

59 2751 222 2791 numerum
251 2750 290 2790 ex
315 2730 364 2789 his
393 2749 474 2809 quee
500 2731 534 2788 in
562 2730 727 2810 propatulo
755 2739 829 2791 sunt
856 2731 1030 2791 coniectare

59 2818 168 2896 pessis,
212 2816 262 2876 Eu
283 2824 451 2894 quaesunt
471 2824 609 2875 correcta
624 2836 804 2876 enumerare
824 2816 953 2896 longum
967 2824 1029 2894 θα,

60 2904 166 2980 itaque
188 2901 247 2964 hoe
262 2901 360 2975 addo,
383 2901 432 2961 bis
454 2919 577 2961 versum
596 2901 648 2960 vel
668 2902 738 2981 plus
761 2903 853 2961 etiem
867 2921 1031 2981 perperam

60 2989 240 3064 repetitum,
270 2987 367 3047 semel
393 3006 518 3047 versum
546 2987 690 3046 omissum
716 3006 797 3061 esse,
830 2986 943 3047 deinde
968 2987 1029 3047 elio

59 3071 127 3129 loco
149 3092 205 3150 pro
227 3067 283 3133 ὑπ’
304 3068 516 3148 Ἀλεξάνδρου
536 3072 595 3133 τοῦ
610 3066 643 3136 ἐξ
659 3066 750 3152 Οἴου,
773 3072 857 3151 quod
879 3080 1032 3133 corrector

61 3154 157 3229 dedit,
182 3179 201 3217 a
220 3159 318 3236 prime
332 3178 426 3218 manu
445 3152 674 3238 τουε(2)[ξουου
689 3158 723 3217 in
739 3158 845 3218 codice
861 3157 1028 3234 exstitisse3

62 3241 198 3319 denique
219 3240 382 3319 πλεοναεη
404 3264 460 3323 pro
482 3239 655 3325 πληειάιῃ,
683 3240 869 3321 πολυτιμωε
897 3262 954 3322 pro
975 3258 1030 3319 φι-

61 3321 211 3404 λοτίμως,
235 3327 435 3390 ουτεθεωνο(
457 3350 513 3408 pro
536 3325 611 3391 οὔτε
633 3325 740 3408 ἔθνος,
761 3325 803 3389 τὰ
817 3325 921 3389 δίκαια
936 3336 971 3387 ut
984 3328 1030 3387 vi-

62 3410 153 3471 detur
174 3432 230 3491 pro
253 3420 388 3473 correcto
410 3410 451 3475 τὰ
472 3411 593 3494 παιδία,
615 3415 738 3494 aliaque
760 3414 927 3494 complura,
950 3432 1032 3490 quae

60 3497 214 3558 inscitiam
234 3497 354 3558 librarii
374 3499 448 3559 setis
470 3518 628 3581 superque
648 3508 803 3581 urguum.
840 3497 888 3556 ku
900 3499 1055 3564 'xuuffiss‘

104 3630 247 3670 Hrmmm.
892 3609 920 3657 7⁸
