2340 3916
138 194 207 246 VIII
518 191 738 246 PRAEFATIO.

138 348 190 408 tus
218 348 280 409 est:
309 345 450 428 primum
477 343 513 407 in
542 341 765 408 Turicensium
793 342 952 407 editorum
974 364 1066 407 usum
1089 365 1108 407 a

138 443 191 510 Fr.
232 444 436 528 Thurlando,
480 445 544 509 alia
589 444 719 510 collatio
755 442 940 508 Maetznero
978 449 1108 527 praesto

140 546 204 611 fuit
233 545 323 632 (N).

223 697 392 764 Editiones
408 719 490 782 quae
512 702 587 763 ante
602 696 787 762 Bekkerum
805 698 997 781 prodierunt
1017 721 1109 782 prae-

139 803 190 864 ter
211 799 364 865 Aldinam
388 798 559 884 Stephani,
581 799 715 864 Hieron.
738 798 866 883 Wolfii,
892 797 1016 864 Reiskii
1040 799 1108 885 (R.)

140 901 439 966 commemorandae
471 905 562 984 sunt,
598 904 674 984 post
706 921 779 965 eum
816 901 872 985 qui
907 899 1108 966 Dinarchum

141 1001 272 1067 ederent
315 1005 508 1067 exstiterunt
550 1000 738 1086 Dobsonus,
784 1001 856 1066 Car.
900 1001 979 1068 Em.
1022 1005 1108 1088 Aug.

141 1101 353 1187 Schmidtius,
387 1102 577 1168 Turicenses
605 1103 744 1168 editores
771 1103 921 1169 Baiterus
950 1108 983 1168 et
1009 1102 1109 1186 Saup-

139 1203 213 1287 pius
244 1203 371 1288 (Turn,
394 1204 494 1288 Bait,
522 1203 587 1291 S.),
616 1204 819 1270 Maetznerus
842 1205 949 1290 (Mn).
992 1204 1110 1270 Emen-

142 1304 254 1370 dandis
268 1306 415 1389 pluribus
430 1307 677 1391 paucioribusve
698 1306 778 1372 locis
794 1307 832 1371 de
846 1305 1012 1372 Dinarcho
1027 1308 1109 1371 bene

141 1412 329 1472 meruerunt
349 1409 528 1473 recentiore
542 1412 688 1492 tempore
700 1407 869 1472 Wurmius
892 1408 1110 1491 (Commenta-

142 1508 247 1573 tiones
264 1509 299 1573 in
313 1508 639 1594 Dinarch.,Norimb.
658 1509 766 1595 1828),
789 1507 949 1594 Dobreus,
972 1530 1110 1593 quorum

22 1678 25 1683 Δ
142 1610 309 1694 utriusque
331 1612 433 1695 copiis
454 1611 519 1676 iam
540 1612 665 1694 priores
681 1611 819 1675 editores
841 1613 891 1676 usi
913 1615 999 1695 sunt,
1021 1631 1111 1695 prae·

142 1716 230 1776 terea
261 1711 447 1796 Emperius,
481 1710 642 1777 Frankius
675 1710 767 1796 (Fr,
801 1711 844 1778 N.
873 1712 947 1778 Jen.
975 1712 1111 1777 Littera-

142 1816 260 1898 turztg.
290 1813 373 1879 1842
399 1835 449 1878 nr.
478 1813 542 1878 249
570 1834 657 1905 sqq53
692 1813 790 1878 Jahn.
819 1815 938 1879 Annal.
967 1812 1110 1878 XXVIII

12 1898 16 1905 '
143 1937 174 1998 p.
198 1914 270 1998 eru
293 1916 337 1980 M.
360 1914 402 1979 H.
424 1914 462 1980 n.
486 1913 626 1980 Mersus
648 1915 752 2001 (nug.
768 1914 1009 2000 Litteraturztg.
1029 1914 1110 1978 1843

142 2036 174 2098 p.
190 2016 254 2080 465
270 2015 364 2100 sqq),
388 2013 529 2081 Cobetus
545 2014 642 2102 (Cb),
664 2015 870 2103 Hirschigius
886 2016 969 2103 (Hi.;
992 2014 1109 2080 Philol.

144 2116 228 2281 ἓξὲξ
246 2137 286 2300 Ip.
303 2116 373 2302 312)ss
395 2118 496 2203 sqq),
524 2116 682 2202 Kleynius
711 2117 924 2202 (Dinarchea,
951 2117 1110 2181 Mnemos.

229 2369 269 2434 In
291 2370 477 2435 universum
498 2371 692 2458 Dinarchus,
714 2376 826 2438 nostro
849 2374 934 2436 certe
955 2374 1110 2452 tempore,

146 2471 253 2536 studia
280 2472 449 2537 hominum
479 2472 646 2539 doctorum
674 2475 782 2539 minus
811 2471 976 2556 excitavit,
1006 2491 1112 2554 neque

145 2572 179 2637 id
201 2573 351 2657 cuiquam
378 2575 495 2639 mirum
518 2576 621 2641 videri
647 2579 765 2659 potest.
810 2571 1011 2640 senescentis
1033 2574 1112 2637 haec

28 2685 31 2691 '
147 2674 350 2759 eloquentiae
372 2677 501 2741 Atticae
522 2681 734 2742 monumenta
755 2677 921 2759 habemus,
943 2676 1112 2740 retinentis

147 2776 323 2840 etiamnum
344 2776 511 2860 antiquam
533 2777 671 2842 formam
692 2799 798 2862 neque
820 2778 855 2841 in
877 2777 974 2841 aliam
995 2774 1112 2838 abeun-

145 2876 205 2958 tis,
229 2875 285 2940 sed
306 2876 418 2961 vigore
440 2878 579 2960 pristino
600 2879 776 2963 nativoque
796 2878 912 2942 robore
933 2894 1052 2958 magna
1074 2893 1112 2936 ex

145 2981 237 3060 parte
259 2977 440 3043 destitutae.
479 2977 608 3064 Figuris
631 2980 822 3064 quibusdam
844 2974 1002 3058 oratoriis,
1024 2974 1114 3038 velut

147 3076 368 3160 ἐπαναλήψει,
392 3076 576 3146 ἀποστάσει
598 3080 676 3166 (qua
690 3081 809 3164 absque
831 3075 1059 3142 coniunctione
1082 3080 1115 3140 et

27 3231 30 3237 .
146 3178 305 3263 dirempta
326 3181 367 3245 ab
390 3182 435 3247 eis
458 3204 539 3267 quae
565 3183 711 3267 proxime
731 3177 928 3265 praecedunt
954 3178 1114 3242 sententia

148 3280 302 3368 infertur)
324 3281 409 3348 ultra
430 3284 562 3350 modum
586 3287 695 3350 orator
715 3280 870 3364 abutitur,
893 3279 1012 3363 quippe
1035 3301 1115 3362 quas

148 3383 282 3449 traditas
310 3407 330 3449 a
358 3386 520 3469 prioribus
542 3384 717 3469 acceperit,
738 3403 807 3447 non
829 3381 898 3466 ipse
920 3385 1036 3466 sponte
1058 3402 1115 3444 sua

149 3484 312 3570 inveniat,
335 3492 368 3552 et
389 3488 510 3572 expilat
531 3486 742 3570 Aeschinem,
764 3482 1027 3566 Demosthenem,
1049 3481 1116 3545 Iso·
