2340 3916
144 190 165 254 2
512 191 733 243 ΑΝΔΟΚΙΔΟΤ

144 331 270 412 ἀδίκως
294 329 363 401 ὑπό
388 334 457 399 τών
485 333 618 422 ε’χθρών
647 333 717 400 τών
740 335 831 420 ἐμών
863 335 1113 422 διαφθαρέντα,

144 432 229 503 ἀλλά
261 432 348 502 πολὺ
380 434 510 521 μᾶλλον
534 434 654 502 σώσειν
678 438 815 513 δικαίως
846 433 931 501 κατά
962 460 998 503 τε
1028 435 1112 514 τοὺς

143 535 271 623 νόμους
294 535 375 614 τοὺς
393 534 578 623 ὑμετέρους
596 535 653 603 καὶ
675 533 757 614 τοὺς
776 532 899 623 ὅρκους
924 530 985 615 οὑς
1010 535 1111 624 ὑμεῖς

108 655 125 705 3
143 635 326 726 ὀμόσαντες
344 638 479 725 μέλλετε
496 635 557 722 τὴν
576 638 692 723 ψῆφον
711 646 823 706 οίσειν.
849 635 987 716 εἰκότως
1006 635 1035 704 δ
1055 635 1112 726 ἀν,

145 730 170 807 ώ
189 737 328 828 ἀνδρες,
351 738 413 825 τὴν
431 734 541 824 αὑτὴν
564 737 703 825 γνώμην
722 744 826 824 ἔχοιτε
844 740 920 828 περὶ
943 741 1013 806 τών
1033 741 1112 808 ἐθε-

142 843 274 909 λοντών
298 846 347 919 είς
376 838 458 918 τοὺς
482 839 666 918 κινδύνους
696 841 972 928 καθισταμένων,
1003 837 1112 930 ἥνπερ

143 940 243 1010 αὑτοὶ
261 942 340 1030 περὶ
354 938 471 1008 αὑτῶν
490 945 633 1025 ἔχουσιν.
667 938 786 1009 ὁπόσοι
798 940 861 1028 μὲν
879 941 945 1029 γὰρ
963 941 1009 1028 μὴ
1025 940 1111 1028 ἠθέ-

143 1050 250 1130 λησαν
280 1042 462 1130 ὑπομείναι
490 1040 714 1128 καταγνόντες
739 1039 855 1110 αὑτών
879 1040 1035 1131 ἀδικίαν,
1060 1050 1111 1112 εί-

142 1144 250 1223 κότως
264 1141 308 1212 ἀν
325 1169 376 1211 τοι
393 1145 449 1212 καὶ
463 1141 562 1231 ὑμεῖς
581 1145 721 1212 τοιαῦτα
741 1145 818 1233 περὶ
841 1141 958 1212 αότών
982 1145 1111 1230 γιγνώ-

143 1266 252 1314 σκοιτε
266 1239 322 1314 ολά
340 1269 402 1335 περ
416 1246 473 1312 καλ
487 1243 587 1313 αὑτοὶ
601 1247 679 1334 περὶ
697 1247 796 1332 σφῶν
809 1243 925 1314 αὑτῶν
940 1252 1110 1332 ἔγνωσαν

142 1345 261 1415 ὁπόσοι
291 1345 329 1415 δὲ
359 1347 597 1426 πιστεύσαντες
627 1345 734 1434 μηδὲν
757 1344 888 1415 ἀδικεῖν
911 1346 1112 1436 ὑπέμειναν,

143 1453 272 1518 δίκαιοί
294 1450 367 1516 ἐστε
390 1449 447 1516 καὶ
470 1446 569 1535 ὑμεῖς
597 1447 824 1537 περὶτούτων
842 1448 1003 1536 τοιαότην
1024 1456 1111 1535 ἔχειν

34 1608 40 1621 ,
142 1550 204 1638 τὴν
222 1548 362 1637 γνώμην
388 1553 465 1618 οἵαν
483 1550 621 1637 περκαὶ
640 1546 739 1618 αὑτοὶ
764 1550 842 1639 περὶ
860 1548 978 1618 αὑτών
997 1556 1111 1637 ἔσχον,

108 1681 124 1729 4
142 1652 200 1720 καὶ
217 1650 263 1739 μὴ
282 1650 634 1740 προκαταγιγνώσκειν
648 1648 786 1719 ἀδικεῖν.
806 1649 929 1720 αὐτίκα
944 1651 1010 1737 ἐγώ
1025 1658 1111 1720 πολ-

142 1757 215 1822 λῶν
237 1780 294 1840 μοι
317 1751 602 1838 ἀπαγγελλόντων
627 1749 678 1819 ὅτι
702 1753 832 1838 λέγοιεν
858 1757 895 1821 οί
917 1754 1035 1842 ἐχθροὶ
1064 1752 1111 1832 ώς

142 1854 208 1945 ἀρα
227 1853 293 1940 ἐγώ
308 1851 381 1922 οὔτ’
401 1849 444 1921 ἀν
462 1853 681 1941 ὑπομείναιμι
700 1853 883 1942 οἰχήσομαί
897 1880 933 1922 τε
955 1854 1110 1942 φεόγων,

145 1996 189 2004 -
221 1962 280 2042 „vl
296 1953 362 2044 γάρ
386 1950 430 2022 ἀν
452 1957 510 2022 καὶ
535 1955 742 2043 βουλόμενος
766 1953 965 2043 Ἀνδοκίδης
992 1952 1111 2041 ἀγώνα

142 2058 308 2126 τοσοῦτον
333 2055 567 2143 ὑπομείνειεν,
592 2046 743 2148 ώὲξεστι
759 2056 823 2145 μὲν
847 2055 1033 2126 ἀπελθόντι
1052 2059 1110 2126 ἐν·

142 2161 265 2227 τεὺθεν
280 2162 366 2243 ἔχειν
380 2156 492 2225 πιόντα
504 2157 545 2224 τά
566 2157 746 2245 ἐπιτήδεια,
765 2158 884 2228 ἔστιδὲ
898 2154 986 2247 (καλ)
1001 2159 1111 2227 πλεό-

142 2281 239 2329 σαντι
268 2265 317 2338 είς
342 2258 506 2349 Κόπρον,
538 2255 620 2329 ὅθεν
646 2287 707 2350 περ
732 2256 819 2348 ἥκει,
851 2262 893 2346 γῆ
919 2259 1027 2346 πολλὴ
1052 2262 1111 2328 καὶ

141 2358 256 2448 ἀγαθὴ
281 2361 438 2449 διδομένη
461 2361 519 2429 καλ
543 2360 653 2452 δωρεά
677 2359 899 2450 ὑπάρχουσαι
925 2351 1025 2440 οὗτος
1044 2359 1110 2450 ἀρα

141 2462 342 2551 βουλήσεται
366 2464 443 2552 περὶ
467 2464 529 2531 τοῦ
556 2462 710 2548 σώματος
740 2465 802 2531 τοὺ
836 2463 959 2531 ἑαυτοῦ
987 2466 1110 2530 κινδυ-

141 2568 277 2647 νεῦσαι;
296 2571 345 2644 είς
362 2570 399 2632 τί
414 2562 629 2653 ἀποβλέψας;
649 2561 712 2649 οὑχ
731 2560 794 2653 ὁρᾷ
813 2564 876 2651 τὴν
894 2562 993 2631 πόλιν
1011 2561 1109 2650 ὑμῶν

107 2695 123 2744 5
143 2665 188 2746 ώς
207 2664 409 2747 διόκειται;“
430 2665 496 2752 ἐγώ
514 2664 552 2733 δὲ
571 2656 597 2733 ὦ
616 2663 736 2756 ἀνδρες
754 2665 843 2734 πολὺ
866 2664 929 2752 τὴν
948 2667 1110 2734 ἐναντίαν

210 2886 367 2971 ὑμετέρους
380 2892 453 2942 ΑΖΜ
471 2894 566 2945 Turn:
585 2888 750 2962 ἡμετέρους.
770 2896 808 2950 ef.
828 2898 962 2973 100.„105.
1053 2953 1060 2973 ,

209 2965 233 3013 3.
253 2953 415 3013 ἔθελοντων
439 2965 467 3010 et
489 2977 551 3041 ωρρι
574 2954 648 3028 ἥπερ
671 2963 804 3041 ΑΙξΙιΖΜ.
827 2990 861 2998 -
885 2980 923 3013 αν
946 2960 1003 3029 τοι]
1014 2959 1109 3043 ,αυτοὶ

141 3031 199 3092 LZ,
219 3045 264 3080 τοι
282 3030 329 3080 ΑΒ
342 3029 386 3079 ΚΙ.
399 3028 487 3092 Tum,
507 3046 543 3080 αν
554 3045 581 3081 v.
595 3056 628 3066 -
645 3044 811 3096 γινωσκοιτε
829 3030 928 3081 zAld.:
951 3042 1109 3097 γινωσκητε

140 3099 164 3148 Α
182 3113 223 3163 pr.
245 3101 273 3148 et
290 3097 326 3160 Β,
349 3089 522 3164 γινώσκηται
539 3097 578 3160 L,
597 3090 750 3165 γινώσκετε
769 3097 806 3148 Ad
829 3113 897 3149 corr.
915 3097 959 3149 Kl.
977 3099 1056 3148 Turr.
1076 3124 1110 3134 -

142 3160 191 3217 ιτα
208 3164 365 3216 Markland.
392 3164 457 3219 Bk:
478 3153 541 3217 ὅσα.
560 3181 613 3231 περ
632 3165 695 3216 ιιι.
715 3166 761 3216 AB
780 3165 831 3216 Bk.

208 3236 232 3284 4.
250 3224 435 3315 ὑπομείνειεν
453 3219 475 3283 ὑ
493 3234 592 3287 Valck.
611 3234 676 3286 Bk:
695 3225 848 3299 ὑπομείνει
866 3224 896 3284 ἐν
915 3219 936 3284 ὦ
955 3234 1017 3296 ΑΒ,
1036 3226 1110 3283 ὑπο-

141 3300 236 3368 μείναι
255 3294 286 3354 ἐν
303 3319 325 3371 ω
343 3318 369 3353 v.
393 3328 425 3337 -
448 3284 507 3354 όστι
535 3294 628 3380 δὲ..
646 3302 683 3385 Δρ
701 3301 775 3351 unde
794 3299 844 3351 καλ
868 3287 931 3350 add.
950 3301 994 3350 W.
1019 3326 1052 3336 -
1070 3296 1108 3376 γη

141 3385 203 3421 cum
225 3369 322 3420 Valck.
347 3375 376 3419 et
399 3372 432 3421 R.
450 3369 515 3420 Bk:
539 3386 556 3434 η
582 3369 641 3432 ΑΒ,
665 3388 683 3435 η
707 3369 762 3418 LZ.
784 3394 818 3405 -
841 3364 936 3433 δωρεᾶ
959 3367 991 3421 Α.
1011 3366 1108 3438 δωρεηι

139 3437 199 3497 Kl.;
223 3429 336 3516 δωρεὰν
360 3438 395 3490 οἱ.
417 3439 463 3499 R.,
487 3434 546 3486 διδ.
576 3429 670 3499 δωρεδι
695 3433 746 3486 καλ
769 3437 982 3502 Ἦγλιεοοοολι.,
1003 3434 1106 3500 δεδομ.

140 3497 173 3555 ἐν
191 3504 284 3572 δωρεᾳ
303 3499 351 3557 ὑπ.
369 3504 481 3569 ΚὸμΙιε,
502 3500 559 3554 διδ.
580 3501 630 3555 καλ
649 3502 701 3555 del.
721 3504 747 3556 S.
