2340 3916
148 216 191 278 24
506 212 726 267 ΑΝΔΟΚῙΔΟΤ
762 272 765 277 ,

97 371 131 421 59
149 357 245 437 πόλις
265 358 302 425 έν
320 370 437 434 κακοῖς
454 369 525 434 τοῖς
543 362 710 443 μεγίστοις
729 357 894 442 ἐγίγνετο.
929 359 1037 426 ταῦτα
1054 357 1125 444 μέν

149 450 213 528 οὖν
230 449 273 545 ήν
298 460 380 545 ἐμοῦ
404 456 449 545 μή
468 456 638 536 είπόυτος·
666 456 774 526 είπῶυ
798 457 837 526 δὲ
854 458 895 526 τά
914 454 995 526 όντα
1013 457 1123 538 αότός

150 587 186 629 τε
205 559 374 648 ἐσωζόμην
392 559 448 627 καὶ
467 559 528 627 τὸν
546 559 673 647 πατέρα
689 565 809 641 ἔσωζον
822 561 880 628 καὶ
893 559 974 639 τούς
992 557 1119 639 ἀλλους

152 676 348 748 συγγενεῖς,
372 662 429 728 καὶ
447 660 508 747 τήν
527 660 625 728 πόλιν
645 662 681 728 ἐκ
705 660 816 747 φόβον
835 663 893 729 καλ
910 666 1025 730 κακῶν
1048 665 1120 730 τῶν

150 772 321 852 μεγίστων
340 760 561 848 ἀπήλλαττον.
595 761 747 848 φυγάδες
766 761 804 832 δὲ
823 761 867 830 δι’
889 762 946 850 ἐμὲ
963 764 1124 851 τέτταρες

149 864 271 954 ἀνδρες
287 867 476 952 ἐγίγνοντο,
495 868 592 950 οἵπερ
607 864 664 930 καὶ
679 861 843 952 ἥμαρτον·
859 870 928 933 τῶν
942 864 974 933 δ’
991 861 1120 953 ἀλλων,

149 975 185 1036 οἳ
201 967 365 1054 πρότερον
382 964 452 1033 ὑπὸ
477 964 629 1054 Τεόκρου
650 966 890 1054 ἐμηνύθησαν,
909 964 987 1035 οὔτε
1005 965 1119 1052 δήπου

149 1074 186 1136 οί
213 1071 396 1146 τεθνεῶτες
426 1064 469 1135 δι’
504 1064 561 1154 ἐμέ
592 1068 721 1155 μάλλον
754 1068 943 1137 ἐτέθνασαν
974 1064 1053 1136 οὔτε
1084 1074 1126 1136 οί

98 1194 131 1244 εο
149 1169 335 1256 φεόγοντες
349 1172 478 1256 μάλλον
494 1173 649 1254 ἔφευγον.
677 1173 785 1237 ταῦτα
800 1168 838 1237 δέ
851 1169 962 1237 πάντα
976 1171 1120 1237 σκοπῶν

150 1268 307 1358 εὕρισκον
315 1323 325 1358 ,
353 1260 379 1337 ῶ
404 1267 545 1358 ἀνδρες,
569 1274 638 1338 τῶν
661 1270 842 1357 παρόντων
868 1274 983 1339 κακῶν
1007 1272 1118 1339 ταῦτα

150 1371 305 1458 ἐλάχιστα
324 1368 427 1458 εἶναι,
454 1377 563 1440 εἰπεῖν
580 1369 621 1438 τά
646 1371 812 1460 γενόμενα
838 1369 884 1452 ῶς
901 1372 1039 1458 τάχιστα
1058 1373 1118 1439 καλ

151 1474 280 1559 ἐλέγξαι
291 1477 494 1560 Διοκλείδην
508 1473 741 1561 ψευσάμενον,
756 1472 827 1562 (καλ
842 1475 953 1543 σῶσαί
963 1500 1000 1541 τε
1012 1471 1120 1561 ήμάς)

122 1577 207 1644 ικαὶ
224 1574 480 1664 τιμωρήσασθαι
498 1576 648 1663 ἐκεῖνον,
666 1570 703 1654 ὃς
718 1573 806 1663 ήμάς
820 1574 883 1664 μὲν
906 1575 910 1661 Ι
935 1573 1120 1643 ἀπῶλλυευ

149 1676 296 1765 ἀδίκως,
314 1676 376 1762 τήν
394 1674 432 1744 δὲ
450 1675 549 1744 πόλιν
568 1675 733 1765 ἐξηπάτα,
751 1681 860 1745 ταῦτα
878 1676 917 1744 δέ
931 1680 1039 1745 ποιῶν
1057 1678 1120 1765 μέ-
1147 1680 1149 1685 ”

150 1800 261 1865 γιστος
276 1777 454 1866 εὐεργέτης
469 1776 578 1847 ἐδόκει
591 1776 749 1847 εἶναικαὶ
767 1778 920 1867 χρήματα
939 1777 1116 1865 ἐλάμβανε.

98 1892 130 1942 61
149 1879 203 1950 διά
228 1885 335 1948 ταῦτα
360 1877 457 1947 εἷπον
479 1884 523 1967 τή
548 1885 658 1967 βουλή
683 1877 733 1948 ὅτι
759 1885 885 1968 εἰδείην
912 1879 994 1959 τούς
1018 1879 1119 1964 ποιή-

150 2004 292 2068 σαντας,
317 1982 374 2049 καὶ
402 1980 558 2067 ἐξήλεγξα
576 1979 617 2048 τά
642 1980 825 2070 γενόμενα,
850 1979 900 2050 ὅτι
918 1980 1120 2068 εἰσηγήσατο

148 2082 211 2170 μὲν
230 2082 400 2151 πινόντων
418 2081 516 2170 ήμῶν
534 2080 661 2170 ταότην
678 2082 741 2168 τήν
758 2082 888 2171 βουλήν
908 2081 1120 2169 Εὐφίλητος,

149 2183 310 2253 ἀντεῖπον
334 2183 373 2253 δὲ
395 2184 479 2271 ἐγῶ,
503 2186 560 2251 καὶ
578 2182 654 2252 τότε
677 2183 740 2271 μὲν
758 2182 799 2253 οό
818 2185 949 2271 γένοιτο
973 2180 1017 2252 δι’
1047 2185 1120 2270 ἐμέ,

150 2282 293 2375 ὕστερον
317 2284 350 2353 δ’
379 2285 444 2373 ε’γῶ
469 2283 533 2371 μὲν
558 2287 595 2353 ἐν
619 2287 834 2374 Κυνοσάργει
860 2286 916 2355 έπλ
943 2291 1073 2353 πωλίον
1099 2282 1119 2351 ό

148 2379 265 2475 μοι-ήν
282 2385 412 2475 ἀναβάς
431 2392 553 2455 ἔπεσον
570 2387 628 2455 καὶ
646 2388 708 2474 τήν
726 2395 821 2457 κλεῖν
836 2393 1041 2474 συνετρίβην
1059 2387 1118 2453 καλ

148 2488 210 2576 τήν
236 2488 389 2576 κεφαλήν
417 2487 605 2576 κατεάγην,
636 2489 823 2578 φερόμενός
849 2514 884 2558 τε
912 2489 968 2556 ἐπὶ
998 2493 1121 2573 κλίνης

97 2601 131 2649 62
149 2589 383 2679 ἀπεκομίσθην
407 2594 536 2658 οίκαδε·
562 2589 768 2679 αἰσθόμενος
790 2588 824 2659 δ’
851 2587 1046 2676 Εὐφίλητος
1071 2586 1120 2666 ῶς

150 2699 255 2779 ἔχοιμι
262 2744 272 2780 ,
308 2693 397 2777 λέγει
431 2693 515 2779 πρὸς
550 2690 676 2772 αάτοδς
714 2688 765 2761 ότι
799 2692 976 2779 πέπεισμαι
1008 2693 1120 2758 ταῦτα

149 2808 328 2882 συμποιεῖν
346 2793 402 2859 καὶ
422 2789 623 2881 ῶμολόγηκα
641 2791 736 2884 αὐτῷ
759 2794 912 2880 μεθέξειν
929 2796 991 2860 τοῦ
1014 2796 1118 2877 ἔργου

217 2991 259 3043 59.
288 2973 410 3053 ή.νειᾱδ
434 2987 458 3039 Α
483 2989 592 3040 Bk.-
616 2980 727 3040 τῶνδ’
749 2980 844 3041 ἄλλων
863 2983 891 3040 οι
912 2987 998 3039 Dobr.
1022 2986 1119 3039 Turn:

149 3048 254 3108 τῶνδ’
275 3045 370 3134 αλλων
382 3049 412 3107 ολ
427 3055 532 3108 λοιποὶ
551 3057 588 3110 cf.
600 3056 715 3119 §52.-
727 3073 749 3107 π
749 3072 866 3122 οτερον
883 3071 978 3121 mmg
993 3053 1055 3108 add
1071 3052 1118 3108 Ad.

218 3124 259 3173 61.
279 3108 331 3174 οὖν
350 3129 413 3190 post
436 3118 519 3177 εἷπον
541 3124 601 3176 add.
620 3124 682 3174 Ald.
708 3125 770 3188 (om.
789 3123 921 3188 Bkffl)
944 3117 1053 3189 βουλὴν
1071 3137 1119 3186 γε·

150 3189 255 3242 νέσδαι
273 3183 359 3269 Εάφ.
375 3192 466 3274 eodd.;
491 3192 544 3244 del.
567 3208 626 3257 γ.εν
646 3192 755 3242 Bk.-
777 3190 886 3243 πωλίον
909 3189 1026 3241 eumR.
1035 3187 1117 3266 u‚zl3k

149 3259 330 3311 πωλεῖον-
296 3247 419 3339 -όμοι
438 3209 587 3327 ήνΑΒλι.
607 3259 657 3323 (ci.
675 3260 734 3321 Ra)
754 3275 827 3324 ομον
844 3277 882 3325 ην
899 3257 1014 3318 BLZM
1033 3244 1119 3321 όμο·

150 3342 205 3391 νην
223 3342 248 3377 v.
267 3317 356 3409 (ἀμόν
372 3328 471 3395 Emp..)

218 3395 259 3448 62.
278 3389 374 3461 ἐχοιμι
399 3396 447 3446 ΑΒ
470 3393 536 3444 Bk.:
564 3391 673 3473 ολχοιμι
695 3393 757 3457 Lz,
782 3381 884 3459 ἥκοιμι
909 3407 996 3443 v.-
1024 3382 1117 3457 αὐτῷ]

150 3456 430 3515 αὐτῶνάεδίεεειιίᾱ.
445 3479 486 3529 px
495 3461 541 3513 Ad
553 3493 586 3503 -
599 3430 956 3539 τὸΦορβιιντειονοιιιιιΒ.
975 3460 1025 3513 Bk
1041 3441 1116 3536 (οό11.

148 3528 234 3595 Harp.
254 3545 275 3581 ε
294 3529 346 3595 v.:)
370 3522 419 3581 τὸν
437 3530 498 3594 (sed
521 3520 552 3580 τδ
571 3529 606 3598 Δ)
625 3519 863 3595 Φορβάντιον-
881 3519 934 3592 τήν
956 3532 1020 3593 post
1037 3519 1117 3592 παρά
