2340 3916
150 166 214 230 κου
487 165 776 241 [Ammon

149 327 261 411 ώσπερ
273 323 317 394 δν
328 336 360 395 εί
367 353 440 394 τινα
451 333 520 392 τών
531 325 728 392 τεθνεώτων
745 325 933 412 ἐπιβώλλοιο
945 334 1090 413 βλασφη-

147 442 237 512 μεῖν,
256 425 391 494 ἐνούτω
409 431 532 513 χρηστῇ
543 426 641 492 τεκαὶ
653 424 883 515 φιλανθρώπῳ
894 426 1003 493 πόλει·
1033 424 1097 510 ἐγώ

147 525 183 594 δὲ
205 523 267 592 ούκ
290 520 333 592 δυ
355 522 408 592 διδ
425 533 529 590 ταῦτα
546 523 753 609 φαυλότερος
769 531 982 610 νομισθείην,
1001 524 1098 591 ἀπών

146 623 211 693 ὑπὸ
225 633 289 692 σού
298 622 571 709 λοιδορούμενος,
584 620 797 709 ἀτυχέστερος
807 629 919 707 μέντοι
929 626 984 691 καί
997 627 1097 690 ἐλεει-

147 721 284 805 νότερος
294 733 391 808 ίσως,
403 718 440 799 ὃς
451 721 530 789 ποτὲ
541 721 605 806 μὲν
616 718 755 799 ούδενδς
764 719 888 806 ἥττων,
907 730 972 788 νύν
990 720 1025 787 δὲ
1037 720 1098 786 ού-

148 827 265 908 δεμίαν
276 819 358 907 ὑπὲρ
371 818 477 889 αύτού
488 819 609 907 φωνην
619 823 810 905 ἐκπέμπειν,
822 818 891 888 ἀλλ’
903 819 981 888 ούδὲ
993 819 1098 888 οἰκού-

147 949 197 990 ειυ
215 922 472 1009 λοιδορούμενος
493 922 646 1008 δύναμαι.
685 919 722 989 τδ
752 922 789 990 δὲ
809 924 950 1007 γέροντα
973 924 1131 1004 ἐπιεικη4

147 1021 362 1107 ὑβρίζεσθαι,
383 1027 546 1108 μηδεμίαν
563 1025 679 1089 ἐλπίδα
696 1026 742 1088 ἔτι
754 1027 869 1107 ἔχοντα
881 1028 941 1088 τοῦ
954 1021 1097 1106 δυνήσε-

145 1128 228 1187 σθαί
249 1145 328 1188 ποτε
352 1118 562 1206 ἀμύνασθαι,
586 1118 623 1198 ὅς
641 1146 680 1206 γε
701 1119 762 1206 την
783 1120 962 1205 σύμπασαν
981 1123 1098 1186 ἐλπίδα

76 1228 128 1284 666
145 1216 193 1301 ἐφ’
205 1215 284 1304 ἡμῖν
296 1217 408 1296 αύτοίς
419 1217 529 1305 ἄκμην
545 1224 609 1303 ἔχει
620 1231 687 1296 τοῖς
697 1215 776 1303 μηδ’
790 1215 912 1296 αύτούς
923 1216 1038 1296 σώζειν
1051 1223 1098 1284 ἔτι

149 1319 362 1401 δυναμένοις,
385 1323 454 1394 πώς
475 1313 537 1383 ούκ
560 1315 814 1402 αίσχρόνέστιν;
843 1313 926 1382 ἀλλὰ
948 1313 991 1401 μη
1016 1313 1134 1399 πρόςς

147 1412 246 1499 Διὸς,
267 1414 311 1500 μὴ
334 1414 377 1480 σύ
398 1440 453 1498 χε,
478 1405 720 1500 ώΚτησιφών,
744 1416 826 1499 μηδὲ
847 1420 877 1481 εί
896 1411 936 1480 τύ
957 1413 1097 1498 μάλιστα

147 1615 215 1676 τών
229 1606 397 1694 ἡμετέρων
418 1616 532 1676 κακῶν
539 1660 548 1693 ,
572 1615 697 1694 μίασμα
720 1616 819 1677 τοῦτο
836 1617 988 1696 προσθῇς
1007 1605 1097 1697 αύτῷ

148 1734 183 1776 τε
195 1711 250 1776 καὶ
261 1722 329 1788 τοϊς
340 1711 471 1792 παισὶν,
494 1703 553 1786 ούς
569 1710 699 1793 τρέφεις
716 1705 866 1794 βοηθούς
884 1713 1020 1776 ἔσεσθαι
1038 1713 1098 1783 δη-

147 1806 334 1874 λονότιτού
343 1804 455 1892 χηρως
472 1826 534 1873 σου
547 1810 752 1890 προσδοκών.
789 1807 844 1872 καὶ
859 1808 1024 1890 μέμνησο,
1046 1803 1098 1872 ὅτι

146 1901 225 1972 οὐδὲ
252 1910 408 1990 Αἰσχίνης
435 1910 481 1982 είς
507 1904 606 1973 τοῦτό
637 1928 716 1972 ποτε
743 1905 921 1989 ἀφίξεσθαι
946 1903 1095 1990 ἤλπισεν,

148 1999 223 2069 οὐδ’
238 2001 332 2070 ἄλλοι
353 2005 469 2070 πολλοὶ
494 2005 548 2069 καὶ
566 2006 612 2068 ἔτι
629 2009 758 2087 μᾶλλον
774 1999 981 2088 ἀκμάσαντες
1003 2006 1040 2069 ἐν
1056 2010 1097 2089 τῇ

145 2101 274 2167 ἑαυτῶν
290 2103 384 2167 πόλει
394 2102 450 2167 καὶ
460 2107 572 2189 πολλῷ
584 2099 805 2185 λαμπρότεροι
824 2103 906 2184 ἐμοῦ
922 2125 956 2165 τε
968 2103 1022 2166 καὶ
1033 2108 1098 2166 σοῦ

144 2222 327 2282 χενομενοι.

607 2348 637 2410 3.

76 2491 129 2550 666
237 2488 281 2551 Oi
289 2478 349 2570 μὲν
361 2483 456 2554 ἄλλοι
468 2485 603 2572 πάντες,
625 2485 699 2554 ὅσοι
717 2489 903 2572 φεύγουσιν
917 2487 1053 2573 ἀδίκως,
1077 2486 1099 2574 ἦ

148 2584 279 2651 δέονται
290 2589 359 2651 τών
369 2593 515 2652 πολιτῶν
522 2636 531 2669 ,
556 2585 647 2665 ὅπως
656 2589 898 2673 ἐπανέλθωσιν,
923 2584 946 2673 ἢ
957 2592 1099 2673 διαμαρ-

146 2681 260 2760 τόντες
280 2681 403 2750 τούτου
425 2690 617 2768 λοιδοροῦσι
639 2684 698 2764 τὰς
725 2687 854 2754 ἑαυτών
874 2690 1032 2772 πατρίδας
1053 2684 1099 2764 ὡς

147 2780 285 2864 φαύλως
296 2779 408 2862 αύτοῑς
419 2787 706 2870 προσφερομένας·
740 2783 805 2868 ε’χώ
823 2784 859 2853 δὲ
870 2787 1001 2870 ε’πείπερ
1014 2784 1099 2851 ἄνα-

59 2927 61 2931 .
148 2883 224 2959 ξίως
239 2871 289 2946 ών
305 2883 565 2968 ἐπολιτευσοίμην
585 2881 734 2970 ἠτύχησα
750 2886 805 2952 καὶ
822 2891 1017 2970 κατηχοραῑν
1035 2884 1098 2952 ι’ίλ-

53 3004 57 3010 ’
147 2985 217 3044 λων
233 2975 334 3056 αύτός
358 2979 481 3064 ἑώλων,
500 2979 646 3067 ἄχθομαι
662 2981 739 3067 μὲν,
762 2979 872 3067 ώστιερ
891 2982 980 3059 είκός
996 2985 1097 3068 ἐστιν,

58 3154 61 3158 ,
149 3073 326 3160 ύχανακτώ
336 3077 372 3145 δὲ
383 3076 491 3145 ούδέν.
515 3078 557 3145 ού
567 3080 633 3165 γὰρ
645 3079 751 3158 οὕτως
763 3084 865 3164 ἔγωγε
879 3077 1012 3164 ἠλίθιός
1023 3086 1100 3167 εἰμι,
1118 3096 1137 3149 2

56 3182 58 3187 ’
148 3172 249 3259 ώστε,
262 3178 295 3255 ἐξ
306 3167 345 3262 ἧς
357 3175 512 3255 πόλεωςὸ
526 3186 747 3266 Θεμιστοκλῆς
758 3177 775 3245 ὁ
787 3176 992 3264 τὴνἙλλάδα
1004 3184 1099 3247 ἐλευ-

58 3309 62 3325 ‹
147 3275 302 3359 θερώσας
319 3277 481 3364 ἐξηλάθη,
504 3281 559 3347 καὶ
578 3279 664 3348 ὅπου
681 3278 882 3366 Μιλτιάδης,
905 3279 956 3347 ὅτι
976 3279 1100 3365 μικρὸν

148 3365 241 3458 ώφλε
252 3382 299 3462 τῷ
310 3380 456 3465 δημοσίφ
463 3428 473 3463 ,
490 3383 599 3465 γέρων
611 3383 646 3446 ἐν
657 3388 704 3468 τῷ
715 3383 926 3467 δεσμωτηρίῳ
938 3376 1101 3463 ἀπέθανε,
