2340 3916
370 183 504 238 ΚΑΤΑ
535 184 803 241 TIMAPXOT.
1042 186 1063 247 9

109 346 322 427 παιδοτρίβας
334 341 390 419 τάς
407 347 607 422 παλαίστρας
624 338 770 428 ἀνοίγειν
781 345 842 427 μὲν
860 343 1059 430 ἀπαγορεύει
1075 358 1111 411 35

110 441 154 527 μη
167 442 345 526 πρότερον,
359 443 438 523 πρὶν
450 436 492 506 άν
504 438 521 508 ὁ
534 439 626 527 ἥλιος
637 439 764 530 ἀνίσχῃ,
784 440 896 534 κλῄειν
909 447 944 514 δὲ
955 469 1060 532 προσ-

110 542 218 608 τάττει
231 539 294 625 πρὸ
306 538 403 626 ἡλίου
415 541 608 623 δεδυκότος,
619 538 678 619 τάς
689 544 821 627 ἐρημίας
832 546 885 611 καὶ
897 542 932 611 τό
944 548 1062 626 σκότος

111 645 147 706 ἐν
164 649 298 727 πλείστῃ
317 637 443 726 ὑποψία
460 639 673 723 ποιούμενος·
696 643 750 707 καί
770 640 848 719 τούς
865 652 1061 722 νεανίσκους

110 738 188 816 τούς
201 745 436 823 εἰσφοιτῶντας
448 735 603 816 οὕστινας
615 742 667 804 δεῖ
682 736 765 805 εἰναι
777 741 831 806 καί
841 740 976 820 ἅστινας
987 742 1061 828 ἡλι-

110 845 183 916 κίας
194 844 344 922 ἔχοντας,
362 839 417 904 καὶ
429 835 533 922 ἀρχὴν
550 836 620 922 ἥτις
633 842 724 904 ἔσται
734 835 754 923 ἡ
766 840 897 906 τούτων
908 844 1060 927 ἐπιμελη-

110 939 249 1020 σομένη,
277 937 332 1002 καὶ
357 938 431 1018 περὶ
456 939 677 1020 παιδαγωγῶν
706 941 962 1021 ἐπιμελείαςκαὶ
988 942 1062 1023 περὶ

108 1040 292 1100 Μουσείων
311 1037 348 1099 ἐν
359 1049 427 1111 τοῖς
439 1038 676 1111 διδασκαλείοις
694 1037 748 1102 καί
765 1039 839 1119 περὶ
850 1033 1016 1124 Ἑρμαίων
1027 1042 1062 1106 ἐν

109 1148 178 1210 ταῖς
189 1139 420 1217 παλαίστραις,
439 1132 540 1201 καὶτὸ
558 1142 746 1201 τελευταίου
758 1139 832 1220 περὶ
850 1144 907 1222 της
918 1157 1063 1222 συμφοι-

111 1233 236 1317 τήσεως
253 1239 321 1297 τῶν
343 1236 472 1298 παίδων
494 1232 549 1297 καλ
569 1239 638 1297 τῶν
659 1240 768 1316 χορων
785 1240 853 1299 τῶν
869 1237 1061 1317 ἐγκυκλίων.

60 1352 66 1398 Ι
78 1348 91 1398 1
111 1331 238 1398 κελεύει
250 1328 314 1415 γάρ
326 1328 385 1397 τόν
396 1327 541 1414 χορηγόν
552 1328 612 1396 τόν
628 1334 788 1414 με’λλοντα
799 1328 861 1415 τὴν
872 1328 990 1399 ούσίαν
1001 1330 1063 1417 τὴν

109 1434 231 1497 ἑαυτοῦ
249 1428 439 1497 ἀναλίσκειν
461 1426 545 1512 ὑπὲρ
566 1430 807 1511 τετταράκοντα
827 1437 881 1515 ἔτη
902 1433 1062 1516 γεγονότα

108 1536 206 1593 τούτο
225 1527 396 1609 πράττειν,
418 1524 459 1592 ἵν’
477 1524 539 1610 ἥδη
557 1529 594 1592 ἑν
616 1533 654 1612 τῇ
677 1528 934 1616 σωφρονεστάτῃ
957 1527 1062 1596 αὑτοῦ
1078 1547 1113 1602 36

108 1622 218 1710 ἡλικίη
238 1621 303 1708 εἰν,
328 1622 436 1701 οὕτως
453 1623 636 1711 ἐντυγχάνῃ
660 1639 728 1702 τοῖς
750 1621 918 1711 ὑμετέροις
940 1634 1053 1691 παισίν

110 1721 337 1807 ἀναγνώσεται
348 1714 412 1788 νύν
421 1718 501 1806 ὑμῖν
512 1722 650 1799 τούτους
656 1723 735 1799 τοὺς
745 1721 870 1807 νόμους
881 1721 898 1789 ὁ
908 1749 1062 1808 γραμμα-

109 1816 201 1899 τεὺς,
223 1814 263 1884 ἵν’
277 1823 401 1902 εἰδῆτε,
415 1813 495 1884 ὅτιὸ
512 1821 697 1903 νομοθέτης
710 1815 856 1903 ηγησατο
876 1816 936 1885 τόν
953 1828 1061 1897 καλῶς

110 1921 277 1998 τραφέντα
296 1920 396 1982 παῖδα
415 1915 521 1998 ἀνδρα
540 1916 724 2001 γενόμενον
748 1915 910 2002 χρήσιμον
926 1922 1062 1984 ἔσεσθαι

109 2023 150 2100 τῃ
162 2015 271 2080 πόλει·
300 2013 381 2081 όταν
399 2012 463 2099 δ’ἰγ
481 2015 660 2098 φύσιςτοῦ
678 2012 865 2100 ἀνθρωπον
883 2013 1062 2094 εύθύςπο-

112 2112 217 2196 νηράν
235 2110 340 2197 άρχην
358 2112 443 2201 λάβῃ
466 2122 524 2199 της
541 2117 704 2196 παιδείας,
726 2115 854 2181 ἐκτῶν
876 2122 987 2193 κακῶς
1009 2141 1061 2182 τε-

109 2217 315 2297 θραμμένων
336 2218 465 2280 παίδων
487 2221 737 2300 παραπλησίους
759 2210 906 2299 ἡγήσατο
929 2223 1063 2294 πολίτας

109 2315 245 2375 ἔσεσθαι
262 2309 416 2399 Τιμάρχῳ
428 2318 557 2400 τουτωί.
591 2315 664 2395 λε’γε
677 2309 705 2378 δ’
720 2311 832 2389 αύτοίς
848 2311 926 2390 τούς
938 2312 1062 2398 νόμους

108 2435 254 2487 τοντους.

510 2545 664 2603 ΝΟΜΟΙ

60 2659 90 2708 12
195 2654 250 2730 [οἰ
259 2651 340 2713 δὲ
301 2676 360 2713 των
370 2654 486 2715 παίδων
497 2647 707 2714 διδάσκαλοι
675 2652 887 2756 ανοιγὲτωσαν
904 2651 957 2731 μὲν
969 2677 1004 2712 τα
992 2649 1060 2714 δι·
1075 2665 1109 2720 37

152 2737 310 2797 δασκαλεῖα
332 2762 374 2817 μη
393 2732 535 2820 πρότερον
557 2732 684 2838 ηλίου
665 2733 812 2815 ανιόντος,
836 2737 1009 2798 κλειέτωσαν
1033 2737 1064 2798 δε

150 2813 208 2902 πρὸ
219 2814 269 2923 ηλί
269 2846 304 2883 ου
316 2818 464 2894 δύνοντος.
488 2822 538 2883 καί
548 2846 590 2902 μη
579 2815 699 2897 ἐξέστω
708 2845 767 2894 τοις
778 2816 852 2903 ὑπὲρ
861 2845 916 2925 την
926 2827 985 2884 τῶν
993 2824 1060 2882 παί-
1074 2831 1112 2885 33

152 2907 213 2965 δων
226 2897 395 3012 ηλικίαν
359 2925 444 2967 ονσιν
457 2907 576 2968 εἰσιέναι
586 2930 645 2968 των
656 2908 772 2968 παίδων
783 2902 898 2968 ἕνδον”
881 2929 990 3006 οντων,
1010 2900 1061 2968 ἐὰν

150 2983 190 3067 μίχ
209 2982 272 3062 υἰὸς
292 2984 510 3051 διδασκάλου
490 3016 509 3070 η
534 2983 704 3069 ἀδελφὸς
683 2983 871 3090 ηθυγατρίις
887 2983 979 3098 ἀνηρ·
1009 2985 1062 3052 ἰάν

151 3072 184 3133 δέ
194 3097 237 3146 τις
247 3098 328 3174 παρα
340 3067 423 3135 ταῦτ’
425 3075 525 3177 εἰσίῃ,
545 3070 669 3174 θανάτῳ
677 3071 866 3170 ζημιούσθω.
895 3076 945 3136 καὶ
963 3077 994 3135 οι
1008 3100 1061 3155 γυ

150 3153 328 3260 μνασιάρχαι
346 3164 406 3231 τοῖς
425 3151 573 3258 Ερμαίοις
591 3183 631 3238 μη
620 3135 783 3220 ἐάτωσαν
797 3159 992 3240 συγκαθιέναι
1006 3183 1046 3237 μη

151 3241 221 3302 δὲνα
238 3248 296 3303 τῶν
311 3243 342 3304 ἐν
358 3239 459 3327 ηλικίη
475 3238 574 3350 τρόπῳ
591 3244 708 3322 μηδενί·
738 3237 790 3304 ἒόιν
808 3243 840 3305 δὲ
856 3242 993 3342 ἐπιτρέπῃ
1011 3242 1059 3302 καί
1075 3251 1111 3305 39

151 3350 192 3428 μη
210 3325 320 3412 ἐξείργῃ
337 3333 389 3388 τοῦ
407 3328 586 3408 γυμνασίου,
612 3328 709 3426 ἔνοχος
725 3322 824 3389 ἰστωο
842 3324 1062 3407 γυμνασιάρχης

150 3416 191 3494 τῷ
208 3435 258 3490 της
276 3392 440 3493 ἐλευθέρων
457 3416 577 3493 φθοράς
589 3405 680 3496 νόμην
715 3435 742 3473 οι
735 3411 786 3473 δὲ
802 3411 921 3492 χορηγοὶ
933 3412 979 3472 οἰ
972 3417 1061 3471 καθι-
