2340 3916
341 237 440 289 ΚΑΤΑ
458 236 751 292 ΔΗΜΟΣΘΕΝΟΎΣ.
989 239 1031 302 43

61 402 122 487 τής
145 402 269 487 βουλῆς
293 395 461 486 ἀποφάσει
488 399 596 486 λέγειν
623 395 743 486 ήξίωσε
765 439 810 447 -
832 406 940 468 καίτοι
968 396 1032 469 οὐκ

62 513 209 594 ἔγραφεν
233 508 359 586 ἐκεῖνος
382 506 456 594 περὶ
480 501 586 574 αὑτοῦ
609 512 731 593 κυρίαν
755 502 926 593 εἶναιτὴν
949 514 1030 594 βου-

62 611 137 700 λήν,
158 608 238 681 οὐδὲ
256 611 408 681 θάνατον
428 606 583 701 ὡρίσατο,
603 609 662 681 ἐάν
677 608 863 702 ἀποφανθῇ
881 611 1031 701 χρήματα

61 717 210 806 είληφοός
237 741 293 767 —·
322 716 366 786 σὺ
390 718 427 787 δὲ
452 716 539 787 οὕτω
563 718 698 806 σφόδρα
720 724 939 800 πεπίστευκας
961 733 1031 800 τοίς

63 828 208 893 σεαυτοῦ
240 825 352 912 λόγοις
387 827 443 894 καλ
475 824 773 915 καταπεφρόνηκας
808 828 866 913 τῆς
901 825 1031 894 τούτων

62 928 234 1018 εὐηθείας,
254 928 337 999 ὥστε
355 939 482 1001 πείσειν
501 941 564 1000 οίει
581 929 661 1013 τοὺς
684 930 842 1012 δικαστὰς
861 926 906 1012 ὡς
923 931 1031 1020 μόνου

64 1040 128 1105 σοῦ
147 1041 366 1118 κατέψευσται
388 1035 425 1107 τὸ
450 1040 630 1127 συνέδριον
654 1038 709 1107 καὶ
728 1037 835 1126 μόνον
859 1035 920 1107 οὐκ
944 1043 1031 1124 είλη-

63 1143 152 1229 φότα
171 1144 208 1212 σὲ
226 1143 263 1212 τό
283 1150 424 1234 χρυσίον
443 1141 686 1232 ἀποπέφαγκεν.
724 1145 779 1213 καὶ
798 1151 847 1225 τίς
866 1141 909 1212 ἀν
926 1147 1031 1212 ταῦτα

60 1257 230 1338 πεισθείη
661 1329 665 1335 ,

141 1367 265 1462 Ὁρᾶτε,
285 1362 311 1442 ἀ
328 1369 511 1461 Ἀθηναῖοι,
530 1379 566 1441 τί
581 1376 711 1462 μέλλετε
729 1389 847 1443 ποιεῖν.
875 1374 1084 1464 παρειλή-Ιθὸ

63 1504 148 1564 φατε
166 1478 255 1567 παρὰ
277 1483 339 1549 τοῦ
362 1480 471 1570 δήμου
494 1479 531 1549 τὸ
555 1483 704 1571 πράγμα,
729 1476 863 1570 (αὐτοῦ)
882 1479 920 1549 τὸ
939 1507 1031 1567 γεγε-

63 1586 211 1672 νημένον
240 1587 381 1674 είδότος,
409 1592 568 1676 τιμωρίας
591 1583 622 1656 δ’
649 1590 745 1656 ἕνεκα
767 1589 826 1674 τῆς
857 1584 940 1655 κατά
963 1589 1031 1654 τῶν

63 1690 192 1778 ἐνόχων
215 1690 324 1761 όντων
351 1708 424 1775 ταῖς
452 1690 650 1781 ἀποφάσεσι.
688 1695 914 1782 Λημοσθένης
942 1692 1030 1760 είσά-

63 1825 155 1883 γεται
173 1802 312 1889 πρῶτος.
348 1799 622 1889 κατηγορήκαμεν
644 1795 738 1888 ήμείς
761 1795 894 1890 (ον’δὲν)
915 1794 1030 1867 οὐδενὶ

62 1906 363 1995 καταχαρισάμενοι
384 1910 453 1975 τῶν
475 1910 600 1975 κοινῶν
628 1911 778 1975 δικαίων.
815 1902 926 1995 πότερ’
953 1901 1029 1993 ἀμε-
1037 1910 1085 1962 1⁰⁶

62 2011 222 2097 λήσοντες
249 2016 317 2081 τῶν
346 2016 578 2102 γεγενημένων
609 2009 766 2082 ἁπάντων
799 2008 943 2100 ἀφήσετε
970 2009 1031 2080 τὸν

62 2120 197 2206 πρῶτον
221 2120 461 2208 εἰσεληλυθότα
484 2118 567 2209 πρὸς
589 2115 676 2208 ὑμᾶς
694 2121 749 2188 καὶ
767 2118 808 2187 τὰ
827 2124 940 2188 δίκαια
960 2116 1030 2205 [τά]

62 2222 153 2312 παρὰ
180 2228 226 2316 τῷ
255 2225 350 2317 δήμφ
374 2229 429 2306 καὶ
457 2229 497 2315 πή
521 2229 627 2316 βουλή
650 2228 690 2316 τῇ
714 2227 747 2307 ἐξ
768 2222 897 2316 Ἀρείου
920 2225 1030 2311 πάγου

63 2327 197 2410 δόξαντ’
227 2329 313 2400 εἶναι
346 2333 402 2402 καὶ
429 2348 500 2414 τοῖς
528 2331 640 2414 ἀλλοις
673 2329 797 2400 ἀπασιν
826 2329 1030 2421 ἀνθρώποις,

62 2434 164 2504 ταῦθ’
185 2433 279 2525 ὑμεῖς
298 2443 334 2507 οί
349 2438 459 2529 κύριοι
477 2439 613 2507 πάντων
632 2439 757 2524 λύσετε,
775 2439 831 2506 καὶ
848 2435 910 2525 τήν
927 2444 1031 2524 πονη-

64 2548 143 2629 ρίαν
162 2541 255 2612 αότολ
274 2544 337 2633 τήν
354 2546 483 2615 τούτων
502 2542 718 2628 ἀναδέξεσθες
738 2540 876 2632 ήπᾶσιν
895 2541 1085 2634 ἀνθρώ-107

64 2671 141 2728 ποις
163 2650 371 2740 παράδειγμα
399 2654 539 2733 ἐξοίσετε
566 2649 684 2721 κοινὸν
706 2646 791 2738 ὑπὲρ
814 2653 873 2738 τής
895 2649 1032 2735 πόλεως,

64 2749 117 2820 ὅτι
136 2770 260 2841 μισεῖτε
280 2757 361 2840 τοὺς
378 2758 546 2846 προδότας
567 2759 623 2827 καὶ
641 2756 721 2839 τοὺς
738 2756 916 2848 χρημάτων
935 2758 1032 2825 ἕνεκα

62 2994 128 3117 ἕοθεμ
145 2986 279 3112 ῗοὶνατρέ
297 2992 362 3044 addi
380 2983 473 3059 ἕαυτῷ
492 2988 595 3057 (εἶναι)
614 2985 668 3060 τήν
687 2991 793 3059 ζημίαν
812 2992 876 3043 ωειλ.
895 2994 945 3042 Mr.
965 2991 1030 3046 coll.

132 3094 137 3105 .
182 3074 223 3122 γυ.
276 3103 283 3118 ,

133 3143 190 3192 105.
228 3135 340 3226 είδότρς
358 3147 450 3212 Emp.=
471 3139 549 3224 ςῖδος
567 3145 652 3207 οοδδ,
673 3135 730 3227 ήδη
749 3146 858 3226 Αλδ.,ει
871 3145 931 3196 εδδ.
950 3159 1033 3224 μετε-

64 3211 108 3257 ter
126 3208 217 3274 Turn,
242 3227 289 3276 qm
307 3211 421 3273 ονειδος
439 3210 534 3275 (αυτολ
552 3227 655 3280 γεγενη
678 3229 744 3264 ενον
763 3209 873 3274 είδοτες
892 3208 1032 3276 Schexbe).

61 3275 200 3392 {iungam
225 3286 287 3345 post
305 3273 396 3347 ἀποφ.
413 3281 474 3346 ipse
492 3280 581 3345 posui.
599 3307 633 3317 -
655 3229 765 3346 ίάόδλν)
785 3271 886 3334 οάδενλ
905 3297 926 3333 s.
945 3269 1033 3332 οὐδὲν

134 3431 190 3484 106.
226 3424 261 3483 τοὶ
284 3439 349 3498 post
372 3433 475 3486 δίκαιοι
498 3433 552 3484 del.
575 3432 602 3484 S.
626 3434 676 3483 Mr.
700 3432 762 3485 coll.
784 3434 859 3494 546.
877 3435 918 3485 84.
942 3458 975 3468 -
1005 3423 1034 3481 ολ

63 3499 130 3545 ante
148 3491 243 3564 κόριοι
261 3501 321 3552 εδδ.
341 3503 365 3552 Ν
384 3506 412 3552 et
431 3517 514 3568 supra
532 3516 558 3552 v.
577 3500 601 3550 A
619 3500 670 3551 Bk.
696 3528 728 3538 -
752 3492 939 3564 ἀναδέξασθε
956 3499 1033 3551 LZM

62 3561 125 3612 Ald.
145 3581 214 3615 corr.
233 3568 264 3632 B,
285 3561 490 3633 ἀναδέξασθαι
508 3585 548 3635 pr.
566 3569 598 3619 B.
