2340 3916
364 253 493 310 ΚΑΤΑ
516 253 739 311 ΤΙΜΑΡΧΟ
750 255 783 312 Y.
1004 252 1044 315 37

98 418 143 491 είς
151 415 340 499 ἐλευθέρων
350 408 544 496 ἀνθρώπων
554 407 849 499 γυναῖκας,ἡλίκην
858 410 1045 493 ούδελςπω-

98 509 176 580 ποθ’
189 514 307 598 ἕτερος,
329 502 378 580 ω’ν
389 508 511 580 οὐδένα
520 507 584 596 ἐγω
596 519 777 593 παρακαλῶ
786 517 887 599 δεῦρο
897 514 1043 600 τὴνὲαυ-

97 620 158 680 τοῦ
170 609 366 698 συμφορὰν,
378 607 422 697 ἣν
433 614 534 678 είλετο
547 616 655 694 σιγᾶν,
668 614 714 688 είς
726 608 870 689 πολλούς
880 614 1045 698 ἐκμαρτυ-

27 725 80 781 108
101 720 213 797 ρῆσαι,
248 706 316 777 ἄλλ’
339 705 419 794 ύμῖν
439 715 537 775 τοῦτο
560 713 745 775 καταλείπω
766 722 912 777 σκοπεῖν.
954 717 990 777 τί
1010 715 1044 778 δὲ

101 806 396 889 προσδοκᾶτε;τὸυ
405 803 584 891 Ἀθήνησιν
595 801 756 891 ὑβριστήν
767 802 829 873 ούκ
840 812 887 884 είς
897 806 975 885 τούς
986 805 1045 874 ἅλ-

99 905 305 990 λουςμόνον,
318 899 402 971 ἀλλὰ
421 904 476 969 καί
494 909 540 981 είς
556 899 592 969 ιδ
610 908 704 987 σῶμα
722 900 759 970 τό
772 904 907 983 ἑαυτοῦ,
930 904 1045 990 νόμων

98 999 216 1086 ὅντων,
229 997 325 1087 ὑμῶν
335 998 509 1086 ὁρώντων,
522 1003 654 1085 ἐχθροῖν
664 1001 912 1088 ἐφεστηκότων,
924 1010 1044 1069 τοῦτον
1065 1018 1112 1073 m

99 1097 204 1167 αὐτὸν
221 1101 366 1187 λαβόντα
383 1098 498 1167 ύδειαν
515 1100 570 1166 καὶ
587 1100 739 1177 ἐξουσίαν
751 1100 806 1167 καὶ
824 1096 929 1186 ἀρχὴν
944 1107 991 1177 τίς
1002 1095 1045 1165 δν

100 1200 260 1265 ἐλπίσειεν
270 1196 524 1266 ἀπολελοιπέναι
536 1224 565 1264 τι
582 1223 650 1264 των
660 1193 907 1281 ἀσελγεστάτων
920 1203 1044 1285 ἔργωο;

99 1293 209 1418 ἤδηνη
222 1295 353 1365 τδνΔία
364 1297 464 1364 καὶ
430 1322 490 1364 τον
504 1294 650 1363 Ἀπόλλω
661 1294 818 1374 πολλύκις
828 1297 1046 1419 ἐνεθυμήθην

101 1401 323 1480 τηνευτυχιαν
329 1422 389 1481 την
400 1404 457 1480 τῆς
470 1392 761 1481 ύμετέραςπύλεως
772 1420 855 1461 κατα
844 1392 1018 1462 πολλα
984 1421 1045 1481 μεν

100 1497 155 1562 καὶ
165 1492 265 1579 αλλα,
279 1492 338 1579 οὐχ
348 1493 466 1580 ἥκιστα
478 1491 513 1559 δὲ
528 1495 582 1559 καὶ
593 1489 675 1559 κατὰ
687 1499 807 1573 ταῦτα,
820 1490 870 1559 ὅτι
881 1519 941 1560 κατ
939 1491 1046 1561 ’ἐκεί-

99 1617 180 1670 νους
190 1588 267 1669 τούς
279 1592 422 1676 χρόνους
432 1588 540 1669 ούδεὶς
549 1591 677 1675 ἐγένετο
688 1598 745 1673 τῆς
754 1586 912 1671 Ἀνδρίων
921 1589 1045 1668 πόλεως

99 1685 232 1776 ὠνητής.

32 1807 82 1860 109
184 1784 262 1854 Ἀλλ’
278 1795 357 1865 ι”σως
368 1784 444 1854 καθ’
452 1782 555 1853 αὑτὸν
565 1786 626 1872 μὲν
636 1784 749 1871 ἄρχων
760 1792 888 1871 φαῦλος
901 1779 953 1872 ἦν,
963 1785 1043 1871 μετὰ

100 1887 265 1956 πλειόνων
281 1887 317 1955 δὲ
334 1885 483 1971 ἐπιεικής.
524 1884 648 1963 πόθεν;
676 1876 789 1969 οὗτος,
818 1878 1044 1972 υἷἈθηναῐοι,

100 1985 282 2074 βουλευτής
292 1989 421 2071 ἐγένετο
432 1987 484 2053 ἐπὶ
503 1982 661 2069 ἄρχοντος
671 1983 883 2071 Νικοφήμου.
915 1981 1046 2051 ἅπαντα

100 2088 162 2172 μὲν
173 2079 237 2154 σύν
247 2089 444 2168 διεξελθεῖν,
467 2082 536 2152 δι’ἐν
551 2085 657 2174 τούτῳ
670 2092 717 2174 τῷ
727 2088 868 2170 ἐνιαυτῷ
885 2082 1046 2166 ἐκακούρ-

101 2206 197 2270 γησε,
217 2181 300 2266 πρὸς
313 2181 434 2268 μικρὸν
444 2187 542 2267 μέρος
552 2191 609 2268 τῆς
618 2180 740 2269 ἡμέρας
751 2179 813 2249 ούκ
823 2180 915 2261 ύξιου
926 2185 1039 2266 ἐπιχει-

102 2297 186 2365 ρεῖν·
215 2280 236 2348 δι’
258 2279 291 2349 δ’
304 2284 393 2349 ἐστὶν
415 2281 581 2368 ἐγγυτάτω
594 2289 651 2366 τῆς
668 2287 786 2364 αἰτίας,
804 2277 878 2348 καθ’
890 2276 963 2365 ἣνη
982 2304 1035 2345 πα-

31 2395 85 2447 110
104 2388 210 2463 ροῦσα
221 2391 326 2465 κρίσις
337 2382 418 2464 ἐστὶ,
430 2376 517 2446 ταῦτ’
532 2383 596 2461 ε’ρω
615 2377 669 2446 διὰ
684 2383 843 2466 βραχέων.
863 2381 915 2446 ἐπὶ
931 2387 1047 2447 τοίνυν

101 2484 162 2545 τού
173 2476 277 2544 αὐτοῦ
290 2476 462 2563 ἄρχοντος,
483 2476 536 2544 ὅθ’
549 2471 646 2555 οὗτος
664 2479 858 2563 ἐβούλευεν,
880 2472 1048 2564 ταμίαςῆυ

101 2583 170 2641 των
187 2583 245 2660 τῆς
259 2583 345 2643 θεού
359 2574 584 2661 Ἡγήσανδρος
602 2567 700 2653 οὗτος
716 2573 733 2641 ὁ
748 2575 937 2661 Κρωβύλου
948 2574 1045 2642 ἀδελ·
1066 2594 1117 2649 128

102 2673 183 2759 φός,
201 2677 359 2741 ἔκλεπτον
376 2673 412 2740 δὲ
423 2681 479 2760 τῆς
490 2675 617 2753 πόλεως
628 2683 723 2762 κοινῇ
734 2676 787 2741 καὶ
799 2675 887 2760 μάλα
900 2683 1047 2761 φιλεταί-

102 2798 168 2856 ρως
183 2779 285 2856 χιλίας
301 2772 456 2858 δραχμάς.
489 2773 690 2858 αἰσθόμενος
707 2772 743 2840 δὲ
759 2771 796 2841 τό
809 2781 943 2860 πρᾶγμα
962 2771 1047 2859 ἀνὴρ

102 2869 246 2955 ἐπιεικὴς
262 2871 438 2955 Πάμφιλος
461 2868 478 2938 ὁ
501 2869 743 2956 Ἀχερδούσιος,
767 2871 999 2955 προσκρούσας
1018 2898 1049 2937 τι

101 2969 208 3057 τούτῳ
226 2970 280 3034 καί
298 2970 534 3053 παροξυνθείς,
557 2971 728 3055 ἐκκλησίας
740 2966 841 3054 ούσης
859 2968 950 3036 εἶπεν
965 2967 1049 3036 ύυα-

102 3065 193 3144 στύς·
216 3059 266 3150 „AE
276 3065 460 3152 Ἀθηναῖοι,
479 3070 677 3135 κλέπτουσιν
689 3066 784 3154 ὑμῶν
801 3067 885 3155 ἀνὴρ
898 3070 951 3136 καὶ
962 3071 1047 3154 γυνη

29 3184 81 3235 111
103 3173 199 3252 κοινῇ
216 3173 319 3250 χιλίας
333 3164 511 3250 δραχμύς.“
539 3167 788 3252 θαυμασάντων
803 3164 834 3232 δ’
855 3164 961 3251 ὑμῶν,
979 3175 1049 3244 πως

101 3260 188 3348 ἀνὴρ
200 3264 253 3329 καί
264 3261 350 3348 γυνη
368 3265 423 3330 καὶ
440 3268 487 3341 τίς
498 3259 515 3328 ὁ
529 3263 641 3348 λόγος,
655 3261 723 3330 εἶπε
735 3261 857 3348 μικρὸν
870 3262 1047 3330 διαλιπιύυ·

100 3357 296 3444 ,,ύγυοελτε“
307 3365 370 3447 ἔφη
383 3360 426 3446 ,,ὁ’
437 3388 467 3428 τι
479 3365 579 3446 λέγως
590 3359 608 3427 ὁ
620 3363 682 3446 μὲν
693 3359 778 3449 α’νήρ
789 3359 1051 3448 ἐστινἩγήσαν·

101 3461 179 3535 δρος
195 3463 319 3535 ἐκεῖνος
335 3461 457 3544 νυνί,“
470 3466 550 3546 ἔφη,
563 3459 750 3545 ,,πρύτερου
767 3460 799 3525 δ’
817 3453 862 3546 ἦν
878 3463 932 3528 καί
951 3458 1050 3539 αύτδς
