2340 3916
407 182 705 239 Αποεοιιιοιτιι.
996 187 1037 252 81

62 355 196 421 νέσθοιι.
210 354 251 418 Ε.
264 352 310 418 Μ.
350 353 442 434 .357,
460 353 516 436 18;
531 352 597 416 Por
620 354 693 441 hyr.
731 363 836 420 uaest.
851 356 937 420 hom.
954 378 981 421 ο.
1000 359 1034 440 1;

62 438 215 506 Eustath.
233 438 276 504 ad
292 375 411 525 Ogyss.
460 438 576 504 ,1448
632 438 704 503 .99
757 461 804 503 as.

148 525 201 590 82.
224 525 312 605 Περὶ
327 514 371 588 οὖ
385 461 500 609 woh-93
515 520 560 588 ἂν
581 523 795 631 δικαιότερον
818 524 857 590 ἐν
871 535 941 602 τοῖς
956 523 1037 603 ὀξυ·
1048 551 1074 593 ιε

61 611 202 694 θομίοις
223 605 244 694 ἡ
268 608 372 692 στήλη
395 611 535 692 σιαθείη
551 604 573 692 ἢ
589 608 629 674 ἐν
642 619 714 685 τοῖς
728 609 902 693 υμειὲροις
921 610 1034 695 ἱεροῖς.

61 695 169 781 Harp.
193 717 219 759 ε.
242 717 274 759 v.
298 692 461 775 ὀξυθύμια.

147 780 199 845 83.
223 772 325 844 Εἶναι
347 776 385 844 δὲ
406 775 487 854 τούς
506 777 652 864 ῥήτορας
665 773 804 862 ὁμοίους
825 788 895 856 τοῖς
917 777 1033 862 ὄφεσι·
1047 808 1074 848 ει

60 863 143 941 τούς
164 887 201 929 τε
222 860 288 947 γὰρ
310 861 407 946 ὄφεις
428 859 589 947 μισηιούς
610 863 672 947 μὲν
695 856 783 928 εἶναι
803 863 941 948 πάντας,
964 869 1035 929 τοῖν

61 947 101 1015 δὲ
129 946 244 1033 ὄφεων
272 947 387 1013 αὐτῶν
414 944 494 1024 τοὺς
521 946 584 1032 μὲν
612 949 698 1031 ἔχεις
727 944 806 1025 τούς
828 946 1035 1033 ἀνθρώπους

61 1032 211 1117 ἀδικεῖν,
239 1031 320 1110 τούς
347 1032 384 1099 δὲ
411 1035 551 1116 παρείας
579 1029 706 1109 αὐτούς
727 1030 806 1110 τούς
829 1036 914 1117 ἔχεις
936 1057 1034 1099 κατε-

61 1121 186 1184 σθίειν.
217 1156 256 1165 -
288 1117 394 1203 Harp.
419 1117 511 1182 Suid.
534 1118 631 1183 Phot.
660 1142 686 1183 s.
709 1142 741 1183 v.
773 1123 902 1199 πορεῖαι
924 1119 1032 1201 ὄφεις

61 1203 105 1270 cf.
129 1201 237 1269 schol.
261 1204 321 1268 Ar.
344 1201 431 1268 Plut.
454 1202 527 1268 693.

146 1287 198 1353 84.
221 1288 415 1371 Βουφόνια·
441 1288 511 1354 Ὑπ.
534 1288 570 1354 ἐν
592 1295 638 1373 τῷ
657 1290 737 1355 κατὰ
752 1291 843 1370 Δημ..
867 1289 963 1370 ἑορτή
984 1312 1032 1358 τι(
1045 1314 1070 1357 ει

60 1373 125 1439 ἐετὶ
146 1375 221 1454 παρ’
243 1373 430 1454 Ἀθηναίοις.
468 1372 574 1458 Harp.

146 1458 198 1524 85.
220 1458 467 1541 θριπήδεσιον·
493 1458 565 1524 Ὑπ.
589 1458 625 1524 ἐν
646 1464 694 1544 τῷ
710 1460 790 1525 κατὰ
804 1460 897 1539 Δημ..
919 1460 1029 1539 θριπή-
1044 1477 1071 1520 ει

58 1549 174 1612 δειτον
200 1545 259 1624 τὴν
293 1544 429 1610 Ἑλλάδα
465 1542 556 1610 εἶπεν
592 1542 664 1610 ἀντὶ
695 1546 754 1608 τοῦ
787 1544 1032 1625 διεφθαρμένην.

58 1628 183 1715 Harp.;
205 1628 249 1694 ef.
272 1629 364 1694 Suid.
388 1651 415 1693 s.
437 1651 470 1692 v.

145 1713 197 1778 86.
220 1713 329 1798 Anni·
360 1714 407 1780 Ὑ.
436 1714 517 1779 κατὰ
538 1714 622 1794 Δημ.
652 1713 736 1792 Λητή
765 1713 859 1778 πόλις
885 1712 949 1779 ἐετὶ
977 1718 1071 1794 τῆεει

59 1799 272 1867 Μακεδονίας.
319 1796 440 1884 Harp.;
466 1797 556 1862 Suid.
580 1795 675 1862 Phot.
700 1820 726 1861 s.
749 1820 782 1861 v.
804 1798 889 1876 Λιτή.

145 1883 197 1948 87.
221 1882 448 1967 Μηκύβερνα·
465 1883 538 1949 Ὑπ.
555 1882 591 1948 ἐν
606 1889 652 1968 τῷ
668 1882 748 1947 κατὰ
762 1884 846 1963 Δημ.
869 1881 1031 1969 Harpocr.
1044 1902 1070 1943 ιε

145 1968 197 2033 88.
220 1972 448 2052 παλαμναῖος’
466 1968 538 2034 Ὑπ.
553 1967 590 2035 ἐν
605 1973 650 2052 τῷ
666 1968 747 2033 κατὰ
761 1968 846 2049 Δημ.
869 1965 1030 2054 Harpocr.
1044 1986 1070 2027 ιο

63 2052 67 2123 j
146 2053 197 2118 89.
224 2055 280 2120 Καὶ
306 2055 343 2120 ἐν
376 2060 422 2138 τῷ
456 2054 537 2119 κατὰ
565 2054 650 2132 Δημ.
679 2053 712 2117 δ’
740 2052 759 2117 ὁ
788 2052 860 2118 Ὑπ.
890 2052 1030 2134 εἴρηκεν·
1044 2072 1070 2113 ιο

59 2136 281 2223 ροιὸιεστέροιν
316 2133 378 2222 τὴν
413 2138 525 2202 πόλιν.
575 2136 655 2201 Ath.
684 2136 719 2200 X
745 2160 778 2223 p.
809 2136 874 2201 424
900 2138 949 2220 D3
987 2137 1031 2203 ef.

59 2201 213 2289 Esustath.
237 2224 279 2288 ad
294 2223 391 2289 Hom.
408 2221 448 2286 Il.
463 2246 496 2307 p.
513 2222 584 2295 746,
602 2221 654 2287 45.
692 2222 746 2286 Ad
769 2222 909 2288 eundem
924 2220 1032 2288 locum

59 2308 92 2375 S.
117 2307 231 2374 refert:
257 2309 303 2375 ὡς
324 2309 399 2376 Ὑπ.
422 2306 635 2393 ῥᾳδιοᾶτερος,
657 2303 777 2371 Pollux
799 2307 846 2388 V,
870 2310 891 2388 ξ
915 2307 987 2372 101.

241 2477 336 2569 xv1.
375 2478 475 2544 κΑτΑ
503 2475 681 2543 ΔΗΜεοΥ
708 2474 849 2542 zeum(
1029 2491 1083 2535 ον

465 2595 490 2650 εἰ
507 2595 628 2664 γνήειοε.

144 2699 196 2764 90.
220 2694 419 2782 ὀσχοφόροι·
443 2698 514 2764 Ὑπ.
529 2697 565 2764 ἐν
587 2703 633 2782 τῷ
648 2697 728 2762 κατὰ
742 2697 886 2781 Δημέου,
909 2697 936 2761 εἰ
950 2696 1027 2775 γνή-
1041 2714 1066 2754 ιι

57 2804 134 2851 ειοε.
170 2783 332 2869 Harpocr.

144 2869 196 2932 91.
230 2866 473 2951 δειπνοφόρος·
510 2866 582 2933 Ὑπ.
620 2865 656 2932 ἐν
692 2872 738 2949 τῷ
775 2865 855 2931 κατὰ
884 2866 1026 2946 Δημέου.
1040 2885 1066 2926 οι

56 2952 220 3040 Harpoor.

58 3093 264 3103 --——

57 3175 215 3241 τευκτικὸε,
234 3173 378 3238 ἐπιτυχὴς,
396 3169 544 3236 ἐγκρατής.
568 3198 599 3208 -
622 3173 656 3222 82
680 3171 797 3223 πολλῶν
815 3170 846 3221 B.
871 3198 902 3207 —
930 3170 963 3221 83
981 3169 1027 3236 δη-

58 3243 167 3309 μάρχου
184 3243 239 3294 ΒΟ.
258 3270 290 3280 -
309 3239 415 3306 ὁμοίω(
432 3242 488 3292 ΔΒ.
506 3266 539 3277 -
558 3238 634 3303 ὄφιει
650 3238 681 3288 Α.
700 3266 731 3276 -
754 3241 788 3290 84
805 3236 895 3303 δήμου
912 3237 1025 3301 ABLN3

56 3313 111 3364 τοῦ
130 3310 221 3377 δήμου
240 3310 270 3360 C.
294 3337 326 3346 -
349 3311 382 3360 86
400 3306 462 3372 λιτή
482 3308 561 3371 ABG,
579 3307 707 3369 Photius,
729 3306 836 3358 Suidas.
856 3333 889 3342 -
908 3304 1027 3370 μιμάδου

56 3381 90 3431 Β.
108 3408 142 3417 -
159 3381 193 3430 89
205 3377 259 3444 τήν
272 3395 323 3430 om.
335 3377 466 3428 Eustath.
485 3403 519 3412 —
536 3378 569 3426 90
581 3371 700 3440 δημαίου
713 3374 792 3425 ABG.
809 3400 841 3411 -
861 3376 892 3425 91
911 3371 1027 3441 δημεῑου

56 3449 86 3514 1,
110 3445 216 3512 μειδίου
233 3445 289 3498 Bc.
329 3446 406 3509 Quae
430 3460 474 3510 ap.
496 3445 584 3509 Harp.
607 3446 761 3508 sequuntur
781 3443 867 3494 verba
889 3458 945 3494 non
968 3444 1028 3508 Hy-

56 3514 162 3584 peridis
184 3515 235 3566 sed
258 3513 418 3565 Philochori
439 3527 499 3564 esse
524 3512 550 3564 8.
573 3509 658 3574 vidit,
681 3510 743 3562 coll.
767 3512 799 3564 Β,
817 3510 849 3565 Α.
869 3526 896 3577 p.
914 3513 974 3563 239.
994 3538 1028 3548 -

110 3633 255 3675 Ηῐεηωιε.
859 3613 875 3661 6
