2340 3916
402 203 501 256 ΚΑΤΑ
517 202 810 256 ΔΗΜΟΣΘΕΝΟΤΣ.
1046 202 1088 266 23

125 369 290 451 δραχμίαν
318 362 370 431 ἐπὶ
392 365 438 454 τῷ
461 365 523 430 τοῦ
550 360 594 449 μή
618 362 784 453 παρόντος
807 359 945 450 ὀνόματι
972 370 1088 450 λαβεῖν

124 466 326 554 ἀξιώσαντα,
350 469 405 537 καὶ
427 471 549 536 τοῦτον
571 464 653 556 ὑμῖν
676 466 841 557 ἀπέφηνε,
864 467 1003 538 καὶτὸν
1026 467 1088 555 τήν

124 580 242 664 μερίδα
260 572 322 661 τήν
341 576 373 655 ἐξ
390 571 518 663 Ἀρείου
536 575 647 703 πήγου
669 575 879 663 τολμήσαντα
898 571 1088 644 ἀποδόσθαι

123 679 213 770 παρὰ
236 678 276 748 τά
299 680 424 767 νόμιμα
447 679 507 749 τὸν
531 677 636 750 αὑτὸν
658 683 785 771 τρόπον
808 680 999 770 ζημιώσασα
1023 681 1088 760 ἐξέ-

72 817 105 866 57
124 795 213 875 βαλε.
249 786 392 867 τούτους
414 781 508 873 ὑμεῖς
530 793 704 875 κρίναντες
731 784 880 876 ἀφήκατε
904 783 946 855 ού
969 789 1027 873 τῆς
1056 787 1088 866 ἐξ

121 891 249 983 Ἀρείου
277 893 388 979 πάγου
411 895 537 980 βουλῆς
564 893 868 980 καταγινώσκοντες
890 892 1089 976 ψεύδεσθαι,

124 998 206 1068 ἀλλά
229 1003 268 1088 τή
293 998 474 1088 συγγνώμῃ
497 997 666 1086 μᾶλλον”
646 1028 667 1088 η
690 1003 736 1091 τῷ
761 1005 856 1069 δικαί
841 1007 880 1090 ίφ
903 1000 1089 1088 προσθέμε-

123 1134 191 1192 νοι,
215 1106 270 1174 καλ
298 1103 359 1192 τήν
386 1111 548 1193 τιμωρίαν
576 1112 673 1193 μείζω
700 1067 890 1195 ύομίζοντες
917 1103 1005 1174 εἶναι
1031 1106 1089 1191 τής

123 1208 191 1280 ὑπὸ
209 1215 277 1280 τών
300 1213 508 1300 κρινομένων
530 1216 752 1300 γεγενημένης
774 1209 943 1301 ἁμαρτίας.
982 1201 1003 1298 ή
1023 1234 1090 1279 που

124 1316 188 1405 ἀρα
207 1314 228 1405 ή
247 1317 369 1405 βουλή,
397 1317 690 1405 Δημόσθενες,τά
708 1323 817 1408 φευδή
837 1316 1022 1405 ἀπέφηνεν;
1048 1313 1090 1385 ού

125 1423 243 1510 δήπου.
283 1423 426 1504 τούτους
453 1426 580 1510 μέντοι,
610 1416 636 1492 ώ
669 1423 804 1515 ἀνδρες,
832 1426 888 1494 καὶ
914 1422 1090 1502 τοιούτους

125 1531 257 1617 ἑτέρους
280 1526 408 1598 ἀδικεῖν
430 1527 510 1618 παρ’
536 1531 667 1611 ἑαυτοῖς
688 1528 909 1620 ἀποφηνάσης
931 1533 990 1617 της
1008 1535 1090 1616 βου-

72 1656 105 1705 58
124 1638 182 1723 λής
200 1631 293 1722 ὑμεῖς
312 1632 469 1723 ἀφήκατε.
501 1636 718 1706 Πολύευκτον
738 1636 775 1706 δέ
793 1635 853 1706 τὸν
871 1639 1091 1721 Κυδαντίδην

123 1745 184 1810 τοὺ
212 1741 321 1828 δήμου
348 1741 594 1832 προστάξαντος
627 1746 761 1830 ζητήσαι
792 1741 854 1831 τήν
885 1740 1029 1829 βουλήν,
1061 1744 1093 1807 εί

124 1849 317 1937 συνέρχεται
335 1862 405 1928 τοῖς
424 1847 573 1934 φυγάσιν
592 1853 639 1929 είς
652 1850 810 1937 Μέγαρα,
828 1848 884 1916 καὶ
904 1846 1090 1934 ζητήσασαν

124 1951 296 2041 ἀποφῆναι
323 1952 407 2042 πρὸς
432 1950 535 2041 ὑμᾶς,
558 1950 730 2041 ἀπέφηνεν
753 1950 774 2042 ή
797 1951 904 2041 βουλή
928 1954 1090 2022 συνιέναι.

124 2059 331 2150 κατηγόρους
350 2063 479 2128 εἵλεσθε
498 2058 581 2129 κατὰ
599 2059 660 2129 τὸν
677 2060 795 2148 νόμον,
810 2062 966 2148 εἰσῆλθεν
986 2063 1033 2140 είς
1052 2056 1089 2126 τὸ

126 2166 350 2254 δικαστήριον,
366 2163 548 2234 ἀπελύσαθ’
569 2162 673 2254 ὑμεῖς,
686 2163 932 2254 ὁμολογοῦντος
950 2168 1011 2234 τοὺ
1021 2172 1090 2232 Πο-
1112 2180 1138 2277 7

124 2273 288 2341 λυεύκτου
312 2277 459 2358 βαδίζειν
486 2278 534 2353 είς
556 2275 700 2363 Μέγαρα
723 2269 768 2354 ώς
790 2271 851 2342 τὸν
874 2271 1090 2359 Νικοφάνην·
1116 2316 1128 2351 .

124 2384 211 2465 ἔχειν
238 2377 303 2467 γὰρ
330 2377 391 2464 τήν
423 2373 530 2446 αὑτοῦ
562 2381 686 2467 μητέρα
717 2382 848 2448 τοῦτον.
894 2375 996 2447 οὐδὲν
1027 2367 1092 2444 οὖν

125 2482 251 2553 ἀτοπον
281 2480 361 2552 οὐδὲ
389 2481 504 2553 δεινὸν
531 2486 687 2571 ἐφαίνετο
715 2480 797 2571 ὑμῖν
824 2497 933 2553 ποιεῖν
960 2485 1006 2573 τῷ
1033 2485 1092 2569 τής

125 2589 246 2679 μητρὸς
270 2586 369 2678 ἀνδρὶ
393 2589 628 2677 διαλεγόμενος
650 2587 829 2677 ἠτυχηκότι
852 2591 907 2657 καὶ
926 2609 1091 2657 συνευπο-

126 2699 209 2785 ρών,
234 2692 313 2765 καθ’
336 2692 419 2764 ὅσον
443 2693 588 2776 δυνατὸς
606 2687 664 2784 ήν,
684 2693 934 2788 ἀπεστερημένῳ
953 2697 1012 2782 τής
1029 2719 1092 2763 πα-

73 2828 107 2877 59
125 2808 245 2891 τρίδος.
283 2798 382 2890 αὑτη,
406 2802 640 2890 Δημόσθενες,
663 2806 721 2890 τῆς
739 2804 865 2890 βουλῆς
882 2796 904 2889 ή
924 2798 1092 2888 ἀπόφασις

125 2906 188 2977 οὐκ
219 2909 400 2997 ἐξηλέγχθη
432 2906 559 2997 ψευδής
590 2900 692 2995 οὖσα,
725 2905 891 2997 ἀληθινῆς
923 2907 961 2976 δέ
989 2903 1091 2994 αὑτής

126 3012 229 3102 οἷ’σης
248 3016 341 3095 ἔδοξε
358 3029 428 3095 τοῖς
444 3020 615 3096 δικασταῖς
633 3012 768 3103 ἀφιέναι
786 3012 847 3084 τὸν
861 3013 1090 3083 Πολύευκτον

124 3174 203 3247 παρά
227 3188 291 3233 ante
314 3174 350 3232 τά
370 3175 480 3263 νόμιμα
502 3181 569 3231 add
587 3181 658 3233 NAB
678 3182 730 3234 Bk.
751 3179 799 3246 (οἱ.
818 3179 948 3261 Wolf..)

192 3252 235 3300 57.
271 3241 340 3314 παρ’
365 3241 480 3308 ἑαυτοῖς
505 3249 617 3315 scripsi:
645 3265 704 3313 παρ
707 3238 845 3314 ’ἕαυτής
869 3238 948 3312 (π’
933 3244 1021 3312 εαυτῇ
1039 3246 1091 3307 R..)

125 3319 299 3435 Μ’σθὸέ)
270 3376 321 3435 τὸν
340 3380 430 3469 νόμον
448 3385 472 3434 N
490 3385 557 3435 Mn:
576 3375 646 3442 τούς
664 3378 842 3449 νόμουςμ-
864 3379 915 3432 τοῦ
934 3386 998 3433 ante
1018 3381 1089 3433 Πολ.

126 3452 188 3502 add.
193 3453 231 3570 5N
249 3449 352 3502 Mn·-
320 3444 443 3516 -θμῖν
460 3453 559 3502 ποιεῖν
576 3451 601 3501 N
618 3450 682 3502 Mn:
701 3453 799 3502 ποιεῖν
816 3442 903 3513 ὑμῖν

193 3511 428 3586 ὂθέξελέγχθη
445 3520 479 3571 Ν
499 3546 533 3557 -
