2340 3916
145 183 185 244 ιε
492 185 748 243 Ατεκτινον
815 267 818 273 .

111 346 115 351 ’
145 359 248 429 ναῖοι,
267 339 473 428 Κολλυτεύς,
496 340 580 428 ἀνὴρ
598 341 638 410 τόι
657 342 811 429 μὲνᾶλλα
823 342 1102 435 καλόςκύγαδός,

147 444 201 509 καί
213 439 341 529 οὐδαμῇ
360 439 403 507 ἄν
413 467 461 519 τις
473 438 576 507 αύτόν
585 444 764 526 μέμψαιτο,
777 444 852 527 περὶ
863 443 899 513 δὲ
911 442 948 512 τό
961 452 1103 533 πρᾶγμα

144 547 241 606 τοῦτο
258 545 434 623 δαιμονίως
450 537 664 619 ἐσπουδακώς
681 544 734 607 καλ
750 539 802 608 ύεί
818 568 909 621 τινας
927 547 1014 628 ἔχειν
1024 549 1104 611 εἰω-

94 644 127 699 67
146 631 217 715 θώς
233 640 306 722 περὶ
324 634 428 704 αὐτόν
445 635 696 726 κιθαρῳδούςῆ
718 641 922 726 κιθαριστάς.
945 645 1042 709 ταυτὶ
1066 645 1103 711 δὲ

145 742 228 821 λέγω
240 734 281 802 ού
292 734 352 803 τοῦ
364 744 526 821 φορτικοῦ
536 737 644 822 ἕνεκα,
658 734 732 804 ἀλλ’
745 736 789 804 ἵν’
804 735 1103 826 αύτὸνγνωρίσητε

145 833 234 913 ὅστις
246 838 342 901 ἐστίν.
366 827 463 913 οὗτος
480 834 680 920 αἰσθόμενος
691 828 741 902 ών
750 837 848 904 ἕνεκα
859 835 917 915 τὰς
929 839 1103 927 διατριβὰς

30 1005 36 1014 .
145 939 283 1003 ἐποιεῖτο
305 942 466 1021 Τίμαρχος
483 934 596 1003 οὑτοσὶ
614 936 664 1002 ἐπὶ
677 943 738 1003 τοῦ
749 941 910 1021 ἰατρείου,
933 934 1102 1022 ἀργύριόν
1145 954 1151 962 ·

41 1034 44 1039 ’
144 1062 174 1101 τι
186 1024 426 1119 προαναλώσας
437 1030 617 1118 ἀνέστησεν
629 1031 734 1100 αὐτὸν
745 1037 800 1102 καὶ
810 1040 882 1120 έσχε
894 1031 967 1120 παρ’
978 1036 1101 1125 ἑαντῳ,

145 1132 311 1216 εὔσαρκον
322 1129 403 1197 όντα
420 1130 473 1195 καὶ
491 1131 570 1197 νέον
587 1131 642 1196 καί
659 1131 825 1215 βδελυρόν
841 1134 896 1198 καί
913 1134 1103 1218 ἐπιτήδειον

147 1227 272 1313 πρδςτό
282 1235 425 1313 πρᾶγμα,
438 1223 457 1293 δ
465 1241 639 1314 προῃρεῖτο
652 1231 775 1308 ἐκεῖνος
785 1228 846 1315 μὲν
856 1231 1024 1317 πράττειν,
1037 1223 1102 1299 ού-

145 1355 200 1406 τος
208 1328 396 1411 δὲπώσχειν.
409 1328 462 1394 καὶ
470 1334 574 1394 ταῦτα
582 1342 688 1394 ποιεῖν
696 1325 758 1394 οὐκ
768 1327 928 1416 ώκνιχσεν,
936 1328 1006 1398 ἀλλ’
1014 1329 1099 1399 ὑπέ-
1114 1349 1146 1401 4²

147 1447 205 1512 στη
223 1435 385 1514 Τίμαρχος
396 1423 508 1493 οὑτοσί
522 1423 660 1515 οὐδενὸς
676 1420 725 1491 ών
735 1433 802 1492 τών
814 1433 956 1512 μετρίων
967 1428 1100 1514 ἐνδεής·

148 1530 274 1613 πολλὴν
285 1525 350 1612 γὰρ
362 1528 452 1594 ποίνυ
464 1528 638 1593 κατέλιπεν
649 1522 666 1592 ὁ
680 1525 786 1611 πατὴρ
799 1525 888 1617 αύτῷ
901 1526 1036 1613 ούσίαν,
1057 1525 1101 1614 ἣν

146 1618 244 1704 οὗτος
255 1626 484 1711 κατεδήδοκεν,
497 1622 540 1702 ώς
551 1625 616 1708 ἐγώ
628 1625 802 1707 προϊόντος
811 1630 957 1707 ἐπιδείξω
966 1636 1029 1696 τού
1040 1628 1101 1696 λό-

144 1730 224 1810 γου·
238 1722 311 1791 ἄλλ’
325 1729 442 1810 ἔπραξε
454 1732 557 1817 ταῦτα
566 1723 736 1791 δουλεύων
747 1738 817 1802 ταῖς
828 1730 1007 1811 αἰσχίσταις
1017 1722 1101 1812 ἡδο-

146 1839 234 1910 ναῖς,
257 1821 456 1908 όψοφαγίαις
473 1818 527 1890 καί
537 1830 761 1901 πολυτελείαις
773 1827 916 1890 δείπνων
927 1826 981 1892 καί
992 1824 1100 1910 αὐλη-

147 1934 233 2009 τρίσι
250 1928 304 1993 καὶ
323 1927 464 2010 ἑταίραις
480 1926 534 1991 καὶ
551 1924 667 2010 κύβοις
684 1925 737 1990 καὶ
749 1936 816 2001 τοῖς
824 1922 954 2009 ἄλλοις,
977 1921 1035 2010 ὑφ’
1048 1918 1101 1991 ών

148 2022 286 2102 οὐδενός
304 2016 355 2091 δεῖ
370 2024 640 2108 κρατεῖσθαιτὸν
656 2035 812 2106 γενναῖον
828 2023 890 2089 καί.
904 2021 1097 2106 ἐλεύθερον.
1151 2064 1159 2072 -

147 2126 202 2191 καὶ
214 2121 276 2190 οὐκ
287 2120 440 2211 ᾐσχύνθη
459 2118 476 2187 ὁ
495 2121 612 2206 μιαρὸς
627 2112 724 2198 οὗτος
735 2120 879 2187 ἐκλιπών
889 2119 950 2203 μὲν
960 2116 1022 2204 τὴν
1033 2145 1100 2187 πα-

42 2214 45 2219 ’
148 2220 259 2311 τρώαν
279 2226 402 2303 οίκίαν,
427 2219 639 2303 διαιτώμενος
664 2218 699 2286 δὲ
724 2217 813 2300 παρὰ
837 2216 995 2306 Μισγόλᾳ
1020 2215 1099 2284 ούτε

109 2334 112 2339 ’
148 2325 295 2407 πατρικῷ
325 2317 396 2383 όντι
419 2322 504 2406 φίλῳ
531 2310 611 2383 οὔθ’
640 2314 797 2402 ἡλικιώτῃ
819 2315 895 2383 οὔτε
919 2314 1098 2403 ἐπιτρόπῳ,

83 2434 131 2505 ,68
147 2416 229 2486 ἀλλὰ
243 2413 322 2499 παρ’
335 2413 495 2505 ἀλλοτρίῳ
508 2417 562 2483 καί
573 2418 783 2503 πρεσβυτέρῳ
798 2416 1001 2502 ἑαυτοῦ,καί
1016 2410 1097 2499 παρ’

59 2553 66 2565 ·
147 2515 318 2603 οἷκολύστῳ
336 2517 410 2601 περὶ
430 2524 532 2583 ταῦτα
551 2513 669 2598 ὡραῖος
686 2513 744 2580 ών.
764 2514 869 2582 πολλὰ
887 2515 949 2599 μὲν
967 2507 1100 2582 οὖνκαὶ
1117 2528 1147 2581 43

148 2614 232 2681 ἄλλα
249 2615 473 2698 καταγέλαστα
491 2618 671 2697 πέπρακται
692 2613 844 2701 Τιμάρχῳ
863 2608 936 2678 κατ’
949 2616 1100 2691 ἐκείνους

84 2736 87 2743 ·
148 2710 225 2789 τούς
236 2712 389 2798 χρόνους,
403 2715 440 2779 ἓν
451 2713 497 2796 δὲ,
510 2707 591 2778 &aaz
603 2712 824 2796 διηγήσασθαι
836 2705 914 2796 ύμῖν
922 2711 1097 2798 βούλομαι.

148 2803 191 2895 ἦν
202 2809 262 2895 μὲν
274 2817 466 2894 Διονυσίων
476 2816 544 2876 τών
562 2813 597 2876 ἐν
608 2808 699 2877 όίστει
716 2808 736 2896 ἡ
754 2809 883 2896 πομπὴ,
908 2808 1100 2896 ἐπόμπευον

149 2906 180 2973 δ’
194 2912 229 2974 ἐν
247 2916 292 2997 τῳ
311 2905 402 2994 αύτῷ
419 2904 437 2974 ὅ
452 2932 487 2973 τε
499 2910 672 2994 Μισγόλας
683 2908 700 2977 ό
713 2916 833 2979 τοῦτον
845 2906 1032 2996 ἀνειληφώς
1044 2913 1099 2979 καὶ

149 3010 292 3090 Φαῖδρος
319 3010 466 3071 Καλλίου
493 3007 668 3091 Σφήττιος.
697 3011 907 3093 συνθεμένου
928 3007 961 3074 δ’
986 3006 1101 3089 αὐτοῖς

149 3104 401 3191 συμπομπεύειν
417 3103 585 3188 Τιμάρχου
601 3108 734 3173 τουτουί
751 3110 786 3172 οί
799 3105 860 3189 μὲν
872 3106 946 3185 περὶ
958 3103 1019 3191 τὴν
1038 3104 1101 3173 όλ-

149 3211 210 3287 λην
222 3199 437 3286 παρασκευὴν
449 3205 623 3290 διέτριβον,
636 3195 735 3280 οὗτος
746 3202 782 3270 δὲ
793 3201 855 3270 ούκ
866 3206 1019 3289 ἐπανῆκε.
1032 3228 1100 3270 πα-

144 3301 359 3383 ρωξυμμένος
382 3299 416 3366 δὲ
433 3297 517 3383 πρός
533 3300 570 3367 τό
590 3310 724 3386 πρᾶγμα
740 3298 757 3370 ὁ
776 3302 949 3387 Μισγόλας
965 3303 1101 3389 ζήτησιν

148 3396 252 3464 αὐτοῦ
279 3400 417 3464 ἐποιεῖτο
445 3400 525 3484 μετὰ
554 3408 614 3468 τοῦ
644 3406 810 3488 Φαίδρου,
843 3406 1101 3487 ἐξαγγελθέντος
