2340 3916
160 183 221 246 120
410 158 414 164 ’
510 184 765 242 ammom

90 352 142 407 385
160 353 215 429 ροί
225 371 312 423 τινες
329 345 369 412 τά
381 350 574 432 ψηφίσματα
593 345 846 429 έπιψηφιῗουσιν
864 340 926 412 ούκ
944 347 979 410 έκ
991 353 1052 410 τοῦ
1064 350 1115 411 δι-

162 445 340 513 καιοτάτον
346 444 474 531 τρόπου
480 441 632 528 λαχόντες
643 442 868 528 προεδρεύειν,
880 439 948 510 ἀλλ’
957 446 992 509 έκ
1005 468 1113 526 παρα--

158 551 279 630 σκευῆς
296 543 527 631 καθεζόμενοι,
549 537 592 632 άν
610 543 648 609 δέ
662 567 711 620 τις
721 550 789 609 τῶν
801 541 913 609 ἄλλων
922 547 1116 627 βουλευτῶν

157 639 262 722 ὅντως
277 642 360 731 λάχη
381 641 606 730 κληρούμενος
622 639 837 726 προεδρεύειν
853 642 908 708 καὶ
925 639 982 720 τάς
999 639 1116 726 ὑμετέ-

158 765 218 826 ρας
229 748 429 826 χειροτονίας
444 738 556 826 ὀρθῶς
572 739 776 828 άναγορεύη,
794 749 915 808 τοῦτον
933 744 968 807 οί
981 738 1043 826 την
1053 763 1116 805 πο-

87 852 140 908 386
155 846 279 907 λιτείαυ
305 837 424 927 κοινὴν
444 837 572 925 ούκέτι,
604 836 672 907 άλλ’
692 842 781 907 ίδίαν
801 835 913 906 αὑτων
933 836 1116 925 ἡγούμενοι

156 936 351 1007 άπειλούσιν
363 943 599 1024 εἰσαγγέλλειν,
617 936 922 1023 καταδουλούμενοι
934 934 1012 1015 τούς
1022 932 1115 1004 ίδιιό-

156 1064 215 1116 τας
228 1039 282 1105 καί
295 1043 487 1116 δυναστείας
499 1039 626 1116 έαντολς
637 1043 897 1121 περιποιοῦντες,
910 1037 964 1103 και
975 1034 1033 1113 τάς
1045 1040 1118 1117 κρί-
1132 1042 1150 1096 4

158 1160 225 1216 σεις
244 1136 301 1216 τάς
322 1138 384 1224 μέν
400 1140 435 1206 έκ
454 1144 522 1205 τεόν
539 1137 653 1223 νόμων
669 1133 926 1219 καταλελύκασι,
950 1161 1009 1213 τας
1027 1131 1095 1201 6
1079 1161 1114 1200 εκ

157 1263 227 1304 των
238 1236 460 1322 ψηφισμάτων
470 1262 529 1322 μετ
549 1233 651 1324 ὀργῆς
668 1244 858 1319 κρίνουσιν,
876 1241 1042 1321 σεσιγηται
1053 1261 1115 1320 μεν

156 1334 193 1403 τό
211 1336 388 1403 κάλλιστον
405 1335 458 1403 καὶ
477 1338 752 1420 σωφρονέστατον
768 1334 921 1420 κη’ρνγμα
939 1340 1007 1400 τῶν
1023 1335 1060 1400 έν
1074 1337 1115 1417 τῇ

156 1431 250 1501 πόλει
269 1484 290 1519 ,,
298 1440 346 1513 τις
361 1432 536 1520 άγορεύειν
551 1433 707 1519 βούλεται
722 1439 791 1500 τάν
808 1431 891 1519 ύπέρ
909 1431 1114 1518 πεντήκοντα

90 1553 140 1613 387
159 1536 213 1617 έτη
230 1528 416 1617 γεγονότων
433 1558 488 1600 και
477 1530 599 1600 πάλιν
610 1533 700 1598 ἐν’
658 1556 748 1616 μερει
758 1559 826 1599 των
837 1531 949 1600 άλλων
958 1528 1115 1616 Ἀθηναῖ-

157 1639 244 1717 ων,“
261 1639 318 1718 τῆς
330 1632 365 1700 δὲ
375 1640 443 1699 τοῖν
454 1624 637 1751 χάητόρων’
616 1637 775 1719 ακοσμίας
787 1628 897 1699 ούκέτι
909 1645 1042 1713 κρατειν
1054 1633 1115 1696 δι’·-

156 1756 273 1798 νανται
293 1728 367 1798 066²
381 1734 414 1798 οί
429 1730 528 1815 νόμοι
544 1727 620 1797 066²
631 1733 666 1797 οί
682 1729 860 1814 πρυτάνεις
877 1726 952 1796 οὔθ’
964 1731 998 1796 oc
1012 1727 1113 1811 πρόε-

157 1832 231 1914 δροι
240 1825 343 1896 066
327 1856 347 1914 η
360 1828 610 1915 προεδρεύουσα
623 1827 729 1914 φυλὴ,
748 1827 785 1897 τό
800 1831 937 1896 δέκατον
948 1828 1046 1913 μέρος
1057 1836 1114 1912 τῆς

156 1926 290 2006 πόλεως.
324 1927 452 1994 τούτων
474 1924 507 1994 δ’
518 1926 661 2012 ἐχόντων
683 1925 805 2010 οὕτως,
828 1928 883 1994 καὶ
904 1933 972 1993 τάν
987 1933 1147 2007 καιριῦνό

86 2040 139 2096 388
159 2018 264 2092 όντων
274 2032 315 2110 τῇ
326 2025 420 2093 πόλει
431 2025 608 2110 τοιούτων,
632 2022 769 2103 ὁποίους
785 2024 877 2101 τινας
889 2019 1012 2101 αὐτούς
1023 2019 1114 2108 ὑμεῖς

156 2119 405 2208 ὑπολαμβάνετε
418 2120 511 2205 εἶναι,
523 2125 560 2189 ’έν
571 2121 783 2203 ὑπολείπεται
793 2125 891 2209 μέρος
903 2129 960 2208 τῆς
971 2129 1114 2189 πολιτεί-

156 2246 207 2302 ας,
221 2230 252 2287 εί
260 2247 290 2286 τι
301 2217 392 2304 κάγά
404 2218 557 2305 τυγχάνω
568 2220 775 2305 γιγνάσκων,
789 2222 825 2287 ac
832 2227 900 2288 τῶν
910 2217 1114 2304 παρανόμων

154 2329 289 2404 γραφαί.
313 2325 343 2386 εί
329 2318 387 2387 ίδὲ
399 2321 454 2386 καί
463 2344 585 2398 ταυτας
596 2316 832 2439 καταλύσετεῆ
848 2335 916 2399 τοις
927 2317 1114 2387 καταλύου-

155 2437 209 2485 σιν
221 2418 424 2503 ἐπιτρέψετε,
437 2413 620 2502 προλέγω
601 2431 696 2503 υμῖν,
709 2443 761 2485 οτι
772 2416 885 2504 λησετε
897 2442 980 2485 κατα
992 2441 1114 2501 μικρον

84 2542 136 2599 339
152 2525 390 2604 τηςπολιτειάς
406 2516 471 2584 τισὶ
488 2517 794 2602 παραχωρήσαντες.
837 2506 876 2581 εύ
891 2512 955 2600 γάρ
973 2523 1058 2598 ίστε,
1083 2539 1107 2578 ω
1125 2534 1142 2588 6

148 2613 371 2702 Ἀθηναιοι,
357 2614 408 2681 ότι
418 2629 505 2698 τρεις
516 2622 577 2683 είσι
568 2619 748 2683 πολιτεῖαι
760 2612 848 2699 παρά
860 2621 962 2680 πᾶσιν
973 2610 1112 2692 ἀνθρά-

151 2742 235 2801 ποις,
247 2719 403 2801 τυραννὶς
413 2719 467 2784 καὶ
478 2713 647 2802 ὀλιγαρχία
658 2720 712 2784 καὶ
725 2722 936 2803 δημοκρατία,
943 2719 1112 2781 διοικοῦν-

150 2811 240 2881 ταιδ’
251 2817 287 2880 αἱ
294 2814 557 2900 μὲντυραυνίδες
566 2818 620 2884 καὶ
629 2813 812 2902 ὀλιγαρχίαι
822 2828 890 2896 τοῖς
900 2813 1034 2899 τρόποις
1044 2819 1113 2878 τῶν

152 2913 396 3000 ἐφεστηκότων,
422 2919 458 2981 αι’
477 2914 512 2981 δέ
531 2914 643 2994 πόλεις
662 2919 698 2983 ac
717 2916 1024 3004 δημοκρατούμεναι
1045 2927 1113 2991 τοῖς

150 3009 265 3097 νόμοις
276 3026 344 3090 τοῖς
354 3014 525 3097 κειμένοις.
555 3017 667 3099 μηδεὶς
685 3007 748 3081 οὖν
765 3011 861 3100 ὑμῶν
877 3010 963 3081 τοῦτ’
979 3010 1113 3097 άγνοεί-

150 3135 212 3194 τω,
235 3106 318 3176 άλλά
330 3117 445 3194 σαφῶς
462 3111 599 3190 ἕκαστος
610 3112 816 3198 ἐπιστάσθω,
844 3111 910 3197 ὅτι,
933 3110 1016 3179 όταν
1028 3116 1113 3199 είσίη

151 3212 197 3283 είς
208 3205 419 3293 δικαστήριον
430 3206 565 3294 γραφὴν
574 3210 779 3296 παρανόμων
791 3211 948 3296 δικάσων,
960 3214 996 3278 έν
1007 3211 1113 3297 ταύτῃ

150 3334 189 3394 τη
210 3304 315 3398 ἡμέρᾳ
337 3311 447 3394 μέλλει
467 3308 528 3395 τὴν
549 3320 665 3397 ψῆφον
686 3316 801 3397 φέρειν
818 3312 892 3396 περὶ
915 3317 972 3395 τῆς
990 3310 1112 3377 ἑαυτοῦ

149 3412 341 3492 παρρησίας.
366 3407 480 3494 διόπερ
492 3410 547 3476 καί
559 3407 576 3477 6
589 3413 772 3496 νομοθέτης
782 3417 881 3477 τοῦτο
893 3415 1026 3489 πρῶτον
1037 3412 1109 3474 ἔτα-
