2316 3900
167 213 227 275 132
528 212 782 269 ΑΙΣΧΙΝΟΥ

166 399 225 440 του
242 380 303 439 τοῦ
320 373 448 459 τρόπου
466 374 642 454 συνέβαινε
659 368 739 449 τοῦς
755 371 817 456 μὲν
834 370 960 451 θεατὰς
980 377 1039 441 καὶ
1052 376 1126 451 τοῦς

165 470 328 557 χορηγούς
350 474 405 539 καὶ
428 467 506 548 τούς
532 461 716 553 ἀγωνιστάς
739 471 964 555 ἐνοχλεῖσθαι,
988 470 1075 550 τοῦς
1094 471 1125 538 δὲ

165 569 496 655 ἀνακηρυττομένους
512 571 549 634 έν
567 574 614 656 τῷ
631 565 763 655 θεάτρῳ
774 573 897 652 μείζοσι
908 585 1020 654 τιμαῖς
1032 579 1126 655 τιμᾶ-

96 684 149 738 434
167 680 248 735 σθαι
259 676 327 735 τῶν
336 665 401 734 ὑπὸ
412 674 474 733 τοῦ
485 665 593 751 δήμου
602 667 891 749 στεφανουμένων.
904 681 975 744 τοῖς
986 668 1123 754 μὲνγὰρ

167 767 378 834 ἀπεδέδεικτο
391 765 492 841 τόπος
506 760 525 849 ἡ
541 765 714 848 ἐκκλησία,
737 765 775 829 ἐν
791 754 814 850 ᾗ
830 770 914 848 χρῆν
932 773 1125 849 στεφανοῦ-

168 878 267 952 σθαι,
292 867 347 933 καὶ
365 863 519 949 ἀπείρητο
538 861 659 928 ἀλλοθι
670 867 825 947 μηδαμοῦ
837 862 1083 946 κηρύττεσθαι·
1096 866 1126 927 οἶ

168 968 202 1034 δὲ
225 962 470 1052 ἀνηγορεύοντο
499 961 643 1028 ἐνώπιον
672 957 830 1026 ἁπάντων
851 958 1123 1046 τῶνἙλλήνων·

166 1063 312 1130 κάκεῖνοι
329 1062 390 1146 μὲν
407 1058 487 1146 μετά
500 1066 725 1145 ψηφίσματος,
748 1065 919 1136 πείσαντες
931 1057 1038 1144 ὑμᾶς,
1066 1051 1124 1125 οῦ-

166 1188 215 1227 τοι
234 1159 264 1226 δ’
285 1159 368 1226 ἀνευ
385 1166 603 1243 ψηφίσματος.
628 1151 777 1221 σννιδύν
794 1155 834 1242 δή
844 1181 893 1233 τις
904 1164 1010 1223 ταῦτα
1022 1182 1125 1242 υομο·

166 1262 266 1343 θέτης
287 1264 400 1343 τίθησι
420 1257 526 1341 νόμον
548 1239 648 1321 οὐδέν
666 1256 949 1321 ἐπικοινωνοῦντα
975 1261 1022 1341 τῶ
1051 1256 1122 1336 περὶ

166 1365 234 1422 τῶν
247 1353 312 1421 ὑπὸ
324 1361 384 1421 τοῦ
398 1355 505 1439 δήμου
517 1354 795 1438 στεφανουμένων
807 1353 914 1441 νόμφ,
928 1351 1007 1418 οὔτε
1020 1354 1123 1430 λύσας

168 1458 311 1521 ἐκεῖνον·
325 1449 403 1518 οῦδὲ
415 1449 509 1536 γάρὴ
523 1453 678 1536 ἐκκλησία
690 1447 878 1535 ἠνωχλεῖτο,
891 1446 976 1515 ἀλλά
990 1449 1027 1517 τό
1039 1454 1122 1518 θέα-

166 1579 262 1636 τρον·
286 1547 359 1616 οὔτ’
379 1553 530 1617 έναντιόν
547 1563 614 1626 τοῖς
636 1548 801 1634 πρότερον
822 1552 985 1633 κειμένοις
1006 1547 1122 1633 νόμοις

91 1714 94 1719 .
167 1659 287 1732 τιθείς·
312 1647 353 1717 ού
365 1647 429 1734 γάρ
441 1655 580 1728 ἔξεστιν·
593 1646 677 1716 ἀλλά
689 1651 842 1733 περὶτῶν
853 1648 936 1715 ἀνευ
947 1656 1120 1737 ψηφίσμα-

166 1778 221 1829 τος
239 1748 402 1835 ὑμετέρου
421 1752 702 1834 στεφανουμένων
718 1745 783 1814 ὑπὸ
803 1757 871 1814 τῶν
889 1757 1045 1833 φυλετῶν
1067 1753 1120 1815 καὶ
1134 1736 1143 1784 ⁸*

167 1853 320 1933 δημοτῶν
337 1849 392 1913 καὶ
411 1850 484 1928 περὶ
495 1854 563 1914 τῶν
573 1843 651 1925 τούς
662 1848 789 1924 οίκέτας
800 1843 1120 1930 ἀπελευθερούντων

168 1947 312 2027 καὶπερὶ
330 1952 398 2011 τῶν
410 1949 549 2024 ξενικῶν
560 1944 753 2031 στεφάνων,
774 1947 828 2013 καὶ
840 1945 1025 2032 διαρρήδην
1035 1945 1121 2014 ἀπα·
1157 1957 1158 1989 ³

167 2044 300 2128 γορεύει
328 2040 403 2127 μήτ’
435 2047 566 2128 οἰκέτην
590 2042 841 2128 ἀπελευθεροῦν
862 2046 898 2110 ἐν
921 2051 966 2132 τῶ
988 2046 1120 2133 θεάτρῳ

168 2138 252 2225 μηθ’
277 2137 340 2205 ὑπὸ
366 2148 433 2206 τῶν
458 2148 612 2225 φυλετῶν
632 2138 655 2226 ἢ
680 2145 833 2227 δημοτῶν
853 2139 1122 2226 ἀναγορεύεσθαι

169 2236 458 2322 στεφανούμενον,
481 2236 560 2323 μηδ’
578 2235 636 2303 ὑπ’
655 2238 774 2322 ἀλλου,
799 2240 897 2324 φησὶ,
919 2241 1080 2326 μηδενὸς,
1102 2237 1121 2325 ἦ

168 2334 286 2420 ἀτιμον
305 2334 388 2402 εῖναι
409 2334 467 2402 τόν
486 2336 624 2422 κη’ρυκα.
650 2335 733 2404 ὅταν
744 2330 808 2403 οῦν
817 2335 974 2426 ἀποδείξη
985 2339 1152 2425 τοῖςμένι

169 2434 234 2502 ύπδ
254 2444 312 2521 τῆς
328 2442 452 2522 βουλῆς
469 2440 749 2523 στεφανουμένοις
767 2443 813 2515 είς
827 2434 865 2505 τὸ
879 2439 1121 2525 βουλευτήριον

166 2534 416 2621 ἀναρρηθῆναι,
435 2549 502 2612 τοῖς
520 2532 550 2600 δ’
571 2533 637 2602 ύπό
650 2543 710 2602 τοῦ
723 2535 830 2621 δήμου
842 2541 1121 2623 στεφανουμένοις

167 2642 212 2713 εἰς
231 2633 292 2720 τὴν
309 2637 500 2718 ἐκκλησίαν,
522 2648 590 2711 τοῖς
609 2631 639 2700 δ’
663 2631 728 2701 ῦιιὸ
745 2642 813 2702 τῶν
832 2640 986 2720 δημοτῶν
999 2657 1122 2720 στεφα-

166 2734 342 2815 νουμένοις
359 2733 414 2797 καὶ
431 2737 585 2814 φυλετῶν
606 2729 728 2819 ἀπείπῃ
746 2731 790 2818 μὴ
808 2732 1036 2818 κηρύττεσθαι
1055 2750 1121 2812 τοῖς

165 2833 357 2916 τραγῳδοῖς,
370 2832 424 2895 ἵνα
436 2831 547 2914 μηδεὶς
561 2833 719 2912 ἐρανίζων
731 2831 919 2917 στεφάνους
929 2834 984 2899 καὶ
995 2835 1121 2919 κηρύγ-

96 2958 147 3012 435
169 2951 253 3009 ματα
272 2929 380 3010 ψευδῆ
398 2933 586 3011 φιλοτιμίαν
604 2935 734 3013 κτᾶται,
758 2936 967 3017 προσαπείπη
979 2928 1011 2998 δ’
1025 2934 1064 2998 έν
1077 2939 1121 3020 τῶ

166 3024 258 3112 νόμω
269 3021 348 3108 μηδ’
360 3020 425 3088 ὑπὸ
438 3022 543 3090 ἀλλου
550 3023 692 3111 μηδενὸς
701 3024 1001 3111 ἀνακηρύττεσθαι,
1014 3027 1121 3096 ἀπού-

166 3146 224 3210 σης
242 3129 365 3210 βουλῆς
383 3124 438 3189 καὶ
455 3124 564 3209 δήμου
581 3127 636 3192 καὶ
654 3132 808 3210 φυλετῶν
824 3128 880 3194 καὶ
898 3131 1067 3213 δημοτῶν,
1079 3168 1121 3177 -

97 3253 148 3307 435
166 3221 247 3290 ὅταν
269 3225 307 3289 δέ
326 3249 373 3300 τις
390 3229 494 3288 ταῦτα
511 3220 634 3312 ἀφέλῃ,
658 3232 692 3292 τί
704 3225 739 3293 τό
759 3226 1043 3310 καταλειπόμενόν
1054 3230 1120 3295 έστι

166 3317 252 3404 πλην
271 3323 305 3385 oc
320 3322 441 3399 ξενικοὶ
463 3323 636 3405 στέφανοι;
659 3320 710 3389 ὅτι
734 3320 766 3391 δ’
786 3320 896 3410 ἀληθῆ
913 3326 1016 3409 λέγω,
1039 3326 1121 3410 μέγα
1138 3346 1152 3396 4

166 3432 300 3501 σημεῖον
317 3415 397 3502 ὑμῖν
415 3418 536 3484 τούτου
555 3423 586 3498 ἐξ
605 3419 716 3487 αὐτῶν
737 3429 804 3487 τῶν
826 3421 941 3506 νόμων
962 3423 1118 3497 ἐπιδείξω,
