2340 3916
366 202 465 253 κεεκ
483 202 740 255 σεεοκκκονε.
996 203 1037 267 63

68 362 257 451 Ἀθηναῖοι,
281 365 333 429 δεῖ
351 388 394 449 μη
414 362 587 451 παρέργως
606 367 693 449 ἔχειν
716 361 799 452 πρὸς
816 360 875 444 τάς
892 359 959 433 ὑπὸ
978 367 1038 453 τής

70 471 196 556 βουλής
214 470 436 555 γεγενημένας
450 464 645 556 ἀποφάσεις,
661 465 728 537 ἀλλ’
749 465 948 551 ἀκολούθως
966 485 1038 552 ταῖς

70 575 234 666 πρότερον
256 576 464 663 κεκριμέναις
489 628 583 642 .....
595 596 602 609 ·
631 572 770 665 αίσχρόν
793 576 857 664 γὰρ
885 572 1038 645 ἀπειπεῖν

70 682 342 772 τιμωρουμένους
364 681 433 748 ἐστὶ
456 679 535 763 τοὺς
562 681 729 771 προδότας
754 684 814 769 τής
835 681 962 762 πόλεως
985 710 1037 770 γε-

71 790 284 876 γενημένους,
303 787 359 854 καὶ
377 781 623 856 ὑπολείπεσθαί
637 815 730 869 τινας
747 790 816 856 τῶν
835 784 963 856 ἀδίκων
981 790 1038 857 καὶ

70 896 229 984 πονηρῶν
262 890 468 980 ἀνθρώπων,
498 891 552 963 ότε
582 899 617 964 οἱ
645 895 722 963 θεοὶ
755 892 925 984 φανεροὺς
956 891 1038 984 ὑμῖν

70 1000 267 1089 ποιήσαντες
285 1000 477 1088 παρέδοσαν
490 999 760 1090 τιμωρήσασθαι,
780 999 958 1090 ἑωρακότες
976 998 1037 1070 τὸν

72 1111 180 1195 δήμον
208 1103 338 1174 ἅπαντα
371 1106 557 1197 κατήγορον
584 1107 706 1176 τούτου
735 1109 959 1195 γεγενημένον
982 1109 1037 1176 καὶ

70 1212 340 1304 προκεχειρικότα
358 1215 492 1300 πρῶτον
510 1216 578 1282 τῶν
597 1212 708 1283 ἀλλων
726 1215 779 1282 έπὶ
798 1211 835 1282 τό
855 1210 917 1301 τήν
935 1241 1035 1302 τιμω-

71 1326 149 1409 ρίαν
167 1322 204 1386 έν
222 1314 303 1406 ὑμῖν
322 1321 451 1387 δοῦναι.

148 1422 227 1493 Ἀλλ’
249 1431 363 1512 ἔγωγε,
382 1422 424 1512 νή
443 1423 503 1494 τόν
517 1431 586 1494 Δία
605 1424 664 1494 τὸν
680 1429 822 1516 σωτήρα,
837 1426 1037 1516 αίσχόνομαι
1056 1449 1088 1500 ιο

71 1537 102 1600 εί
123 1533 373 1621 προτραπέντας
399 1526 485 1619 ὑμᾶς
515 1538 568 1601 δεῖ
588 1534 644 1601 καὶ
672 1534 946 1623 παροξυνθέντας
974 1529 1035 1621 ὑφ’

69 1634 167 1726 ήμῶν
186 1638 237 1705 ἐπὶ
256 1635 318 1725 τήν
335 1640 397 1705 τοῦ
414 1641 480 1706 νῦν
504 1640 759 1726 εἰσεληλυθότος
780 1637 843 1727 τήν
861 1645 972 1729 κρίσιν
990 1666 1037 1707 τι-

71 1751 201 1833 μωρίαν
224 1747 344 1812 ἐλθεῖν.
382 1741 445 1813 οὐκ
468 1742 629 1813 αότόπται
653 1745 724 1814 έστὲ
743 1748 811 1813 τῶν
829 1741 895 1814 ὑπὸ
915 1745 1037 1814 τούτου

71 1853 302 1938 γεγενημένων
330 1847 557 1939 ἀδικημάτων;
589 1853 646 1920 καὶ
674 1847 692 1920 ό
721 1851 783 1940 μὲν
815 1854 921 1939 δήμος
952 1849 1038 1932 άπας

72 1954 144 2025 οὔτ’
166 1953 312 2044 ἀσφαλὲς
331 1954 408 2025 οὔτε
427 1962 559 2027 δίκαιον
577 1964 722 2047 νομίζων
745 1955 831 2028 εἶναι
849 1983 1037 2047 παρακατα-

71 2065 197 2132 θέσθαι
223 2061 303 2144 τοὺς
327 2064 450 2132 ἑαυτοῦ
473 2070 595 2146 παῖδας
618 2061 914 2155 ἀπεχειροτόνησεν
933 2061 1038 2134 αὐτὸν

71 2166 136 2238 ἀπὸ
155 2172 213 2258 τής
231 2172 300 2237 των
314 2170 452 2258 ἐφήβων
467 2172 664 2260 ἐπιμελείας·
683 2167 779 2260 ὑμεῖς
797 2171 835 2241 δέ
851 2176 886 2241 oc
901 2174 960 2260 τής
978 2176 1036 2259 δη·
1056 2207 1088 2258 16

70 2282 250 2365 μοκρατίας
273 2278 415 2345 καὶτῶν
433 2277 548 2365 νόμων
572 2277 732 2366 φύλακες,
756 2275 817 2358 οὓς
840 2273 860 2366 ή
880 2278 962 2366 τάχη
982 2278 1038 2347 καὶ

72 2378 90 2447 ὁ
115 2386 235 2473 κλήρος
258 2378 341 2472 ὑπὲρ
370 2386 431 2452 τοῦ
459 2384 568 2473 δήμου
597 2385 796 2464 δικάσοντας
824 2437 938 2452 .....
967 2385 1038 2451 έπέ-

143 2588 181 2634 14.
215 2589 278 2650 post
303 2578 488 2666 κεκριμέναις
514 2585 612 2635 deesse
637 2585 745 2635 videtur
771 2581 821 2635 καὶ
846 2574 957 2665 ταύτην
979 2581 1040 2659 κρζ-

73 2669 194 2706 νεικ-
216 2661 280 2717 post
296 2649 467 2718 ποιήσαντες
485 2652 536 2706 Mr
555 2651 619 2701 addi
637 2652 699 2702 mul.
719 2641 887 2711 αότοὺςπ-
914 2640 1040 2715 ἕωρακό·

72 2737 124 2779 τας
151 2735 212 2769 cum
239 2719 335 2797 Steph.
358 2723 390 2772 R.
413 2745 448 2755 ·-
473 2712 711 2786 προκεχειρικότα
734 2721 755 2770 Β
779 2725 808 2770 et
835 2734 903 2769 corr.
926 2720 949 2767 A
972 2717 1040 2768 Bk..

71 2780 316 2853 προκεχωρηκότα
343 2789 367 2838 Ν
391 2792 419 2836 et
441 2802 481 2852 pr.
499 2784 536 2836 Ad
543 2777 814 2854 ,προκεχωρηκότα
831 2802 856 2838 v.
892 2786 1019 2864 Itaque
1011 2801 1040 2834 m

71 2857 218 2921 plebiscito
226 2855 329 2973 ἒΡριΙ.
327 2858 415 2921 primo
433 2855 494 2905 loco
512 2825 670 2906 n6minatus
689 2861 808 2907 ertu.—
828 2847 876 2906 ἐπὶ
894 2850 926 2904 τό
945 2854 970 2905 N
987 2853 1038 2904 Μτ

85 2940 119 2972 οι
139 2926 177 2972 bt.
226 2914 261 2972 έπ
292 2921 339 2990 τῷ.

72 2923 108 2987 (
142 2924 206 3040 15)
218 2989 283 3041 δειν
305 2992 400 3042 N.—
428 2982 648 3068 είςεληλνθότος
670 2983 725 3055 τήν
746 2989 840 3054 κρίσιν
866 2990 967 3055 scripsi
993 2987 1040 3052 (cf.
1100 3028 1104 3036 .

71 3059 151 3108 Dem
171 3058 278 3121 21,6)·
303 3054 383 3118 εί.ςελ
400 3049 469 3139 [τήν
487 3055 542 3136 κρ]
562 3058 711 3122 aliquando
735 3057 768 3108 ci.
786 3059 851 3121 Mn,
874 3050 949 3137 Nm.
968 3049 1040 3117 έςτ

72 3143 117 3191 κρ.
137 3128 170 3175 ei
191 3126 232 3179 S.
226 3119 455 3205 ,ἐκλελοιπότος
478 3118 531 3189 τήν
555 3142 598 3191 κρ.
616 3125 665 3176 NA
682 3126 747 3189 Bk.;
773 3096 972 3205 έηλελοιπότος
993 3141 1038 3205 κρ.

72 3211 152 3244 v.-
175 3164 233 3245 οόκ
246 3199 275 3243 et
298 3185 511 3274 ἀδικημάτων;
524 3195 560 3246 ci
584 3193 670 3271 Βμιίλ..
694 3162 747 3245 καί
767 3183 820 3246 οόκ
845 3199 873 3243 et
896 3184 1040 3258 ἀδικημά-

75 3277 196 3311 των.·-
226 3253 279 3312 οόκ
298 3254 451 3341 αὐτόπται]
477 3253 512 3313 06
535 3253 676 3313 κατόπται
694 3261 785 3313 Ν.-
815 3265 877 3310 ante
897 3275 1041 3326 παρακατ.

72 3329 107 3382 R.
126 3329 192 3379 addi
210 3329 273 3380 mal
293 3321 380 3398 αότῷ.
421 3352 424 3356 ·

144 3398 183 3451 16
218 3395 269 3448 τοῦ
288 3403 354 3447 ante
373 3390 468 3463 δήμου
486 3412 537 3446 om.
547 3397 614 3447 Not
632 3412 690 3477 pr.
684 3394 848 3448 Acorr.².-
867 3387 1038 3473 ἐπέτρεψεν]

75 3455 230 3545 ἐπέστησεν
249 3466 283 3516 ci.
301 3466 346 3527 R.;
367 3463 508 3518 contras.
524 3458 568 3524 οἷς
586 3481 636 3530 pro
655 3453 706 3524 οὓς
725 3463 855 3527 (eumR.)
875 3468 903 3514 ελ
921 3454 1041 3514 δικάσαι

74 3547 125 3597 pro
145 3528 318 3592 δικάσοντας
336 3533 401 3584 mal.
420 3559 454 3569 -
