2340 3916
333 216 426 267 Πυεε
442 214 516 267 ΤΩΝ
534 216 764 269 Μενοιτίου.
1003 215 1045 281 25

72 357 135 426 καλ
154 357 347 446 περικόψειν
361 356 422 425 τὸν
429 355 554 445 Ἑρμῆν
567 357 629 425 τόν
643 357 734 447 παρὰ
749 357 786 425 τό
803 365 1043 446 Φορβαντεῖον.

74 462 185 527 ταῦτα
204 457 236 525 δ’
268 464 381 545 ἔλεγεν
400 459 574 539 ἐξαπατῶν
593 461 759 539 ἐκτίνους’
789 462 846 527 καλ
865 461 920 527 διά
937 462 1045 529 ταῦτα

76 558 241 649 ὁἙρμῆς
266 556 306 628 δν
337 557 438 650 ὁρᾶτε
462 560 604 647 πάντες,
635 558 653 628 ὁ
679 560 770 649 παρὰ
794 560 857 646 τὴν
884 562 1045 654 πατρῴαν

76 668 192 731 οίκίαν
217 662 280 748 τὴν
306 659 492 751 ἡμετέραν,
526 657 566 730 ὃν
592 660 613 750 ἡ
640 663 765 750 Αίγηὶς
791 660 976 751 ἀνέθηκεν,
1002 662 1043 731 οά

76 762 257 852 περιεκόπη
284 763 387 851 μόνος
413 765 483 831 τῶν
507 762 636 852 Ἑρμῶν
668 769 739 831 τῶν
766 761 968 852 Ἀθήνησιν,
1000 763 1045 844 ῶς

78 868 163 952 ἐμοῦ
181 868 283 934 τοῦτο
301 864 517 955 ποιήσοντος,
537 863 582 945 ῶς
602 871 665 952 ἔφη
679 865 765 955 πρὸς
783 864 912 946 αὐτούς
928 863 1045 952 Εὐφί-

76 974 186 1053 λητος.
223 970 260 1034 oc
281 965 312 1035 δ’
338 966 536 1054 αἰσθόμενοι
560 967 653 1034 δεινά
679 969 819 1036 ἐποίουν
845 965 895 1036 ὅτι
918 971 1045 1055 εἰδείην
1063 977 1097 1027 63

76 1067 141 1155 μὲν
167 1067 204 1135 τὸ
233 1071 390 1156 πρᾶγμα,
426 1068 615 1156 πεποιηκώς
650 1067 690 1136 δέ
716 1067 779 1138 οὐκ
810 1079 891 1158 είην.
937 1089 1046 1158 προσ-

77 1168 237 1249 ελθόντες
265 1171 307 1239 δέ
332 1196 388 1258 μοι
409 1174 452 1258 τῇ
475 1168 641 1259 ὑστεραία
666 1172 821 1258 Μέλητος
845 1172 902 1240 καὶ
928 1169 1045 1257 Εὐφί-

77 1278 175 1358 λητος
195 1277 311 1357 ἔλεγον
329 1269 381 1340 ὅτι
395 1273 593 1359 ,γεγένηται
608 1262 633 1339 ῶ
648 1269 826 1360 Ἀνδοκίδη
840 1274 898 1342 καὶ
913 1274 1045 1360 πέπρα-

77 1398 152 1440 κται
177 1370 261 1459 ἡμῖν
277 1378 396 1442 ταῦτα.
434 1372 477 1441 σε)
502 1374 617 1460 μέντοι
635 1379 667 1442 εί
689 1372 751 1461 μὲν
775 1372 880 1454 ἀξιοῖς
898 1372 1045 1460 ἡσυχίαν

80 1480 166 1560 ἔχειν
184 1475 240 1543 καὶ
259 1479 410 1561 σιωπᾶν,
429 1476 511 1556 ἕξεις
528 1472 616 1562 ἡμᾶς
632 1477 842 1563 ἐπιτηδείους
857 1473 969 1564 ῶσπερ
988 1477 1046 1543 καὶ

77 1574 261 1664 πρότερον·
288 1583 320 1645 εί
337 1575 375 1644 δὲ
399 1576 463 1664 μή,
487 1575 718 1665 χαλεπῶτεροί
733 1597 786 1644 σοι
808 1575 904 1664 ἡμεῖς
928 1577 1045 1664 ἐχθροὶ

79 1675 225 1765 ἐσόμεθα
242 1670 264 1762 ἢ
282 1674 378 1746 ἀλλοι
390 1676 478 1757 τιυές
492 1677 537 1746 δι’
557 1675 644 1765 ἡμᾶς
657 1676 787 1765 φίλοι.“
816 1675 913 1746 εἶπον
927 1675 1045 1756 αὐτοῖς
1063 1698 1097 1747 64

78 1775 129 1847 ὅτι
147 1786 312 1866 νομίζοιμι
328 1779 391 1865 μὲν
405 1778 460 1847 διά
474 1778 513 1846 τό
528 1783 668 1866 πρᾶγμα
682 1777 881 1867 Εὐφίλητον
894 1778 1046 1867 πονηρὸν

78 1877 184 1968 εἶναι,
214 1882 353 1960 ἐκείνοις
377 1879 416 1948 δέ
440 1877 503 1949 οὐκ
530 1879 588 1967 ἐμὲ
612 1879 725 1949 δεινὸν
750 1878 855 1967 εἶναι,
882 1876 933 1948 ὅτι
956 1877 1046 1967 οἶδα,

78 1979 165 2049 ἀλλά
190 1984 320 2070 μᾶλλον
344 1979 429 2051 αὐτὸ
447 1982 484 2049 τὸ
513 1987 613 2069 ἔργον
631 1984 765 2073 πολλῶ,
791 1979 842 2049 ὅτι
859 1988 1044 2069 πεποίηται.

79 2081 127 2162 ῶς
151 2073 214 2151 οὖν
238 2073 281 2168 ἦν
304 2081 401 2151 ταῦτ’
435 2082 562 2171 ἀληθῆ,
593 2082 654 2152 τόν
678 2109 713 2152 τε
737 2087 845 2153 παῖδα
871 2082 931 2152 τὸν
964 2083 1046 2171 ε’μὸν

78 2185 259 2273 παρέδωκα
268 2192 462 2273 βασανίσαι,
480 2181 529 2252 ὅτι
540 2191 687 2273 ἔκαμνον
697 2187 755 2255 καὶ
765 2183 841 2254 οὐδ’
859 2182 1046 2273 ἀνιστάμην

80 2289 117 2355 ἐκ
130 2287 188 2373 τῆς
202 2293 341 2375 κλίνης,
359 2287 416 2355 καί
430 2283 490 2365 τάς
503 2294 715 2373 θεραπαίνας
731 2293 853 2374 ἔλαβον
867 2291 904 2355 οί
914 2286 1047 2375 πρυτά-

77 2415 166 2475 νεις,
185 2384 267 2456 ὅθεν
281 2386 471 2476 ὁρμώμενοι
483 2386 581 2456 ταῦτ’
600 2391 741 2457 ἐποίουν
756 2391 885 2457 ἐκεῖνοι.
915 2386 1047 2473 ἐξελὲμ-
1065 2413 1098 2463 66

78 2515 195 2575 χοντες
226 2488 264 2557 δέ
288 2489 326 2557 τὸ
354 2492 492 2579 πρᾶγμα
516 2486 536 2577 ἦ
559 2515 595 2557 τε
624 2489 733 2577 βουλὴ
756 2490 814 2557 καί
839 2492 875 2556 ολ
900 2497 1048 2577 ζητηταί,

80 2589 195 2679 ἐπειδὴ
212 2582 255 2677 ἦν
272 2580 295 2679 ᾖ
315 2591 381 2677 ἐγῶ
398 2598 514 2678 ἔλεγον
527 2592 586 2659 καὶ
601 2588 806 2677 ῶμολομεῖτο
819 2589 1048 2676 πανταχόθεν,

79 2693 155 2761 τότε
173 2691 215 2778 δὴ
233 2697 375 2761 καλοῦσι
388 2693 449 2760 τὸν
464 2696 681 2779 Διοκλείδην·
699 2693 757 2760 καὶ
777 2688 817 2759 οὐ
832 2692 969 2759 πολλῶν
986 2691 1048 2758 λό-

78 2820 150 2880 γων
171 2796 326 2882 ἐδέησεν,
349 2793 425 2862 ἀλλ’
446 2792 555 2873 εάθδς
574 2790 739 2881 ῶμολόγει
758 2791 966 2880 ψεύδεσθαι,
990 2794 1048 2861 καὶ

81 2898 189 2964 ἐδεῖτο
204 2894 367 2978 σώζεσθαι
380 2895 514 2985 φράσας
527 2895 609 2973 τούς
623 2901 805 2974 πείσαντας
815 2891 922 2963 αὐτὸν
937 2895 1048 2982 λέγειν

81 3058 141 3110 εδδ.
160 3058 305 3109 ABk.-
325 3057 362 3108 cf.
381 3058 440 3108 Har
486 3073 508 3114 ε
526 3073 552 3109 v.
567 3048 735 3109 Ἀνδοκίδου
749 3051 839 3122 Ερ
841 3073 869 3116 c:
891 3054 942 3109 καὶ
961 3048 1049 3116 αυτὸς

442 3074 489 3135 P·
820 3075 838 3123 21

76 3121 110 3180 'A.
135 3120 166 3178 ἐν
188 3122 227 3193 τῷ
249 3141 280 3176 π.
309 3142 332 3176 τ.
341 3139 435 3203 μυστ
472 3142 518 3177 οτι
545 3123 595 3191 τῆς
618 3122 756 3206 Αίηηΐδος
779 3073 876 3191 εδδ]
846 3140 879 3175 το
905 3116 1048 3190 ἀνάθημα

82 3179 832 3314 εἰ’ρηηὲν’ν-1ητοιησοντοςὲιΒ.ἑποιησανος.ὃ
871 3263 882 3310 t
977 3258 1049 3308 fut

80 3328 209 3380 mach.
222 3274 936 3409 λλλῗῖῖῖίλιξζῖἕιόίλλῖξῖξὲῗίῗίὲίῗ
944 3274 1048 3411 ¹235)

78 3389 357 3478 -συμπεποιηκῶς
371 3397 414 3444 W.
425 3387 550 3480 -ἡμεις
569 3388 678 3478 ἐχθροὶ
688 3394 735 3444 ΑΒ
752 3394 817 3448 Bk:
837 3344 974 3461 ἐχθροὶ
956 3396 1048 3459 ημεῐς.

80 3547 114 3582 ex
133 3455 728 3597 (12¹2gffofeifivssg‘slikgsssxtra-vggmw
746 3453 816 3528 m‘]
835 3460 934 3513 «minu
953 3461 1048 3512 domus
