2340 3916
344 232 474 288 KATA
499 232 767 290 νιΜΑνΧον.
948 232 1036 356 ..κο1

78 396 151 478 περὶ
168 399 229 459 του
247 389 501 477 ἐπιτηδεύματος
518 391 641 457 τούτου
658 392 771 476 ἐδέησε
786 395 904 459 δοῦναι
914 401 1032 479 ψῆφον

18 565 25 575 ,
82 498 264 578 Τίμαρχον,
287 487 346 559 είτ’
368 489 482 574 ἐνοχός
502 491 675 556 ἐστιν.είτε
691 488 752 574 μή,
776 491 922 575 ἐκρίνετο
941 492 977 560 δὲ
994 491 1031 559 τδ
1050 508 1100 559 102

62 639 66 665 ;
78 596 212 675 πρᾶγμα
223 592 260 655 ἐν
272 594 318 675 τῷ
331 592 545 674 δικαστηρίῳ,
557 585 703 670 εἰσήγετο
717 584 748 652 δ’
763 593 808 665 είς
819 584 905 673 ὑμᾶς
917 586 1027 674 ῶσπερ

79 689 169 769 νυνὶ,
183 683 227 772 μῆ
240 690 318 772 ἐξῆν
329 681 361 753 δ’
374 689 411 752 ἐκ
422 709 484 751 του
495 682 602 769 νόμον
612 678 634 768 ή
645 690 854 770 ψηφίσματος
866 686 948 772 μήτε
958 690 1029 774 ἐμοὶ

78 799 273 871 κατηγορεῖν
286 783 368 870 μήτε
385 781 492 870 τούτω
509 778 764 868 ἀπολογείσθαι,
789 778 807 849 ὅ
827 783 863 850 δέ
880 788 986 870 κῆρυξ
1011 781 1028 850 ὁ

79 884 155 957 νυνὶ
175 878 388 966 παρεστηκῶς
405 882 477 967 ἐμοὶ
490 879 645 975 ἐπηρώτα
656 876 742 966 ὑμῶς
753 877 790 948 τδ
802 883 838 948 ἐκ
850 889 910 949 τοῦ
922 883 1030 968 νόμου

80 979 248 1065 κήρυγμα·
272 986 363 1065 ,,τῶν
375 980 500 1065 ψήφων
510 975 531 1063 ή
542 981 779 1064 τετρυπημένη,
792 977 857 1067 ὅτῳ
871 983 1032 1047 δοκείπε-
1135 990 1140 995 “

78 1082 287 1161 πορνεῦσθαι
302 1081 484 1162 Τίμαρχον,
506 1073 575 1161 ῆδέ
587 1075 729 1162 πλήρης,
754 1075 819 1165 ὅτῳ
831 1074 919 1163 μή,“
939 1085 974 1146 τί
988 1074 1031 1147 ἀν

77 1176 301 1259 ἐψηφίσασθε;
322 1171 468 1259 ἀκριβῶς
479 1165 518 1239 εὖ
529 1169 594 1239 οἷδ’
605 1170 656 1240 ὅτι
667 1170 848 1258 κατέγνωτ’
860 1169 905 1243 ἀν
915 1171 1029 1243 αὐτοῦ.

22 1288 62 1342 80
81 1278 111 1340 εί
123 1273 163 1360 δή
174 1300 222 1352 τις
232 1300 273 1360 με
285 1279 392 1358 ἔροιτο
404 1269 515 1364 ὑμῶν·
538 1271 605 1356 ,οὐ
617 1273 653 1340 δὲ
664 1278 698 1339 τί
706 1271 823 1356 ολσδα,
846 1279 876 1340 εί
884 1271 977 1360 ἡμεῖς
988 1268 1032 1339 ἀν

79 1370 200 1439 τούτου
216 1371 560 1459 κατεψηφισάμεθα;“
582 1369 706 1456 είποιμ’
725 1369 784 1438 ἀν·
807 1371 916 1457 ,,διο’τι
929 1375 1032 1456 ἐπαρ-
1087 1444 1091 1453 ,

50 1514 54 1521 ·
81 1471 289 1558 ρησιάσασθέ
308 1497 365 1557 μοι
385 1472 440 1538 καὶ
461 1474 630 1554 διείλεχθε.
640 1477 661 1512 “
690 1471 745 1539 καὶ
765 1466 864 1537 ὁπότε
885 1471 941 1538 καὶ
965 1477 1032 1537 ποῦ

81 1570 232 1655 ἕκαστος,
256 1566 319 1654 ἐγῶ
330 1566 415 1663 ὑμᾶς
427 1566 625 1654 ὑπομνήσω·
642 1565 725 1636 ὅταν
736 1565 850 1637 οὑτοσὶ
861 1566 972 1656 ἀναβῆ
982 1570 1034 1636 ἐπὶ
1050 1577 1102 1631 103

82 1666 119 1736 τὸ
129 1675 219 1756 βῆμα
230 1673 267 1736 ἐν
278 1675 322 1757 τῶ
336 1669 445 1758 δήμω,
467 1670 523 1736 καί
535 1666 590 1735 ὅτε
601 1668 760 1764 ἐβούλευε
772 1671 930 1753 πέρυσιν,
952 1667 1033 1735 ὅταν

81 1774 215 1856 μνησδῆ
239 1764 358 1852 1τειχῶν
378 1771 553 1853 ἐπισκευῆς
572 1761 595 1852 ῆ
615 1766 748 1852 πύργου
769 1762 792 1852 ή
818 1763 861 1844 ῶς
888 1763 1032 1853 ἀπήγετό
1051 1783 1103 1837 101

82 1890 148 1933 που
164 1893 228 1952 τις,
251 1861 358 1944 εὐθυς
376 1860 491 1953 ἐβοᾶτε
508 1868 563 1932 καί
581 1867 712 1950 ἐγελᾶτε
728 1867 782 1932 καὶ
801 1863 895 1934 αὐτοὶ
906 1869 1030 1950 ἐλέγετε

25 1987 61 2040 81
81 1963 143 2050 τῆν
158 1967 350 2050 ἐπωνυμίαν
366 1972 435 2031 τῶν
451 1967 559 2049 ἐργων
577 1955 626 2030 ῶν
642 1962 776 2030 σύνιστε
793 1959 893 2050 αὐτῶ.
916 1963 971 2029 καὶ
992 1960 1031 2028 τά
1075 2034 1077 2039 ,

83 2067 144 2150 μὲν
154 2061 276 2132 παλαιά
288 2065 386 2149 ἐάσω,
398 2060 438 2130 τά
450 2062 485 2130 δέ
495 2067 533 2132 ἐν
544 2060 630 2151 αὐτῆ
641 2070 681 2152 τῆ
692 2066 848 2151 ἐκκλησίᾳ
858 2060 1032 2148 γενόμενα,
1126 2066 1131 2075 ’
1147 2088 1150 2093 ·

83 2162 139 2230 ὅτε
160 2159 224 2248 ἐγῶ
241 2159 303 2247 τήν
315 2164 515 2246 ἐπαγγελίαν
532 2159 657 2248 ταύτην
677 2160 832 2251 Τιμάρχῳ
844 2159 1031 2247 ἐπήγγειλα,

83 2258 183 2327 ταῦθ’
203 2257 289 2346 ὑμῶς
300 2258 490 2346 ἀναμνῆσαι
500 2260 673 2346 βούλομαι.
696 2266 754 2346 τῆς
764 2258 829 2345 γάρ
840 2265 966 2347 βουλῆς
976 2265 1033 2343 τῆς
1051 2306 1054 2310 -

84 2357 238 2448 ἐνἈρείρτ
254 2361 348 2448 πάγῳ
366 2358 535 2444 πρόσοδον
551 2362 752 2446 ποιουμένης
759 2358 843 2442 πρὸς
853 2356 914 2426 τὸν
926 2362 1034 2443 δῆμον

84 2456 213 2531 κατάτὰ
226 2458 428 2547 ψήφισματὸ
447 2458 585 2545 τούτου,
609 2451 870 2545 ὃοάτοςείρήκει
881 2461 956 2543 περὶ
966 2467 1034 2526 τῶν

84 2557 246 2643 οἰκήσεων
262 2565 330 2626 τῶν
341 2561 378 2625 έν
388 2564 428 2647 τῆ
439 2561 565 2642 Πυκνὶ,
583 2550 727 2643 ήνμὲνὸ
742 2553 803 2624 τὸν
813 2558 917 2641 λόγον
927 2559 1034 2640 λέγων

84 2659 121 2725 ἐκ
138 2663 205 2724 τῶν
216 2655 461 2742 Ἀρεοπαγιτῶν
476 2653 686 2741 Αὐτόλυκος,
711 2662 819 2734 καλῶς
836 2652 952 2740 νήτδν
967 2661 1033 2720 Δία

20 2804 26 2813 .
83 2751 142 2823 τὸν
155 2753 334 2841 Ὀλύμπιον
350 2751 481 2841 καὶτὸν
497 2751 644 2822 Ἀπόλλω
660 2754 715 2822 καλ
734 2760 862 2839 σεμνῶς
872 2753 926 2819 καὶ
937 2748 1035 2831 ἀξίως

21 2873 61 2927 82
85 2856 214 2925 ἐκείνου
224 2859 285 2918 τοῦ
296 2856 475 2936 συνεδρίου
485 2851 670 2940 βεβιωκώς·
688 2850 799 2938 ἐπειδή
812 2853 850 2918 δέ
859 2874 926 2918 που
938 2868 1035 2936 προϊ-
1052 2868 1055 2872 ’

84 2949 181 3029 ὄντος
197 2956 258 3019 τοῦ
274 2951 378 3035 λόγου
395 2948 502 3038 εἶπεν,
525 2950 575 3018 ὅτι
591 2951 629 3019 τὸ
642 2949 802 3037 εἰσήγημα
813 2946 851 3016 τά
867 2948 1034 3034 Τιμάρχου

84 3045 316 3134 ἀποδοκιμάζει
333 3046 354 3135 ή
372 3047 494 3134 βουλή,
518 3050 595 3131 ,καὶ
612 3051 687 3132 περὶ
703 3056 760 3139 τῆς
771 3051 904 3135 ἐρημίας
913 3049 1034 3132 ταύτης

84 3148 140 3213 καί
150 3155 211 3239 χοῦ
222 3147 329 3214 τόπου
337 3155 399 3215 τοῦ
409 3151 445 3214 έν
455 3155 496 3233 τῆ
505 3149 615 3215 Πυκνὶ
626 3149 669 3235 μῆ
682 3147 887 3233 θαυμάσητε,
899 3139 1035 3230 ῶἏθη-
1052 3160 1102 3214 105

85 3257 189 3327 ναῖοι,
212 3252 243 3313 εί
261 3252 423 3331 Τίμαρχος
440 3247 677 3331 ἐμπειροτέρως
694 3250 759 3329 έχει
774 3251 833 3330 τῆς
843 3251 966 3329 βουλῆς
977 3251 1034 3328 τῆς
1088 3293 1090 3298 -

84 3343 118 3421 ἐξ
127 3339 253 3425 Ἀρείου
264 3341 414 3428 πάγου,“
434 3338 809 3430 ἀνεθορυβήσατε,ὑμείς
820 3345 967 3410 ἐνταῦθα
980 3344 1035 3408 καί

85 3444 186 3524 ἐφατε
204 3438 264 3507 τὸν
277 3439 476 3509 Αὐτόλυκον
488 3439 599 3529 ἀληθῆ
615 3445 736 3535 λέγειν·
760 3438 918 3527 εἶναιγὰρ
930 3435 1035 3507 αὐτὸν
