2340 3916
349 199 447 249 ΚΑΤΑ
466 196 755 250 ΔΗΜΟΣΘΕΝΟΤΣ,
997 196 1039 261 39

71 359 197 447 δήμου,
229 360 284 427 καὶ
311 356 437 446 ταύτην
469 355 530 445 τὴν
558 362 769 444 εἰσαγγελίαν
800 353 906 439 εὐθὺς
932 382 1038 447 παρα·
1101 298 1120 433 ἰ

70 469 180 555 χρῆμα
207 462 464 554 άναιρούμενος,
493 467 530 533 ἐν
558 463 595 533 δὲ
616 466 657 553 τῇ
685 466 841 555 ἐκκλησίᾳ
867 463 972 554 ταύτῃ
999 467 1039 556 τῇ
1056 471 1089 523 95

70 572 190 665 πρώην
232 573 434 660 γεγενημένῃ
475 570 657 661 προσάγων
693 572 748 639 καί
784 573 1038 655 κατασκευάζων

73 682 180 766 ψευδῆ
204 676 356 768 μηνυτὴν
379 672 424 759 ώς
446 678 759 765 ἐπιβουλευομένων
786 678 854 745 τών
877 684 1038 769 νεωρίων,

71 788 127 854 καὶ
146 788 220 876 περὶ
239 785 369 854 τούτων
387 783 528 873 γράφων
546 783 608 872 μὲν
627 780 739 869 οὐδέν,
758 788 867 865 αἰτίας
885 784 923 853 δὲ
941 786 1038 854 ἕνεκα

71 897 132 960 τοῦ
161 891 326 983 παρόντος
354 888 485 977 άγώνος
513 890 784 979 παρασκευάζων·
816 890 946 960 τούτων
974 889 1038 980 γάρ

72 996 230 1069 ἁπάντων
252 994 347 1085 ὑμεῖς
368 997 476 1088 τούτῳ
500 996 664 1087 μάρτυρές
692 999 772 1066 ἐστε.
820 997 901 1086 γόης
929 988 1039 1085 οὗτος,

74 1105 194 1194 ἄνδρες
213 1103 402 1193 Ἀθηναῖοι,
430 1105 486 1172 καὶ
514 1102 633 1192 μιαρὸς
661 1101 843 1193 ἅνθρωπός
871 1107 955 1191 ἐστι,
983 1105 1039 1174 καί

73 1209 150 1282 ούτε
168 1216 214 1304 τῷ
234 1212 323 1298 γένει
340 1213 398 1299 τῆς
417 1210 544 1292 πόλεως
566 1216 703 1298 πολίτης
722 1207 800 1280 ούτε
817 1227 887 1295 τοῖς
905 1225 1039 1285 πεπολι-

18 1389 24 1405 ‚
72 1320 243 1407 τευμένοις
266 1313 357 1410 αύτῷ
381 1319 436 1385 καί
459 1318 712 1405 πεπραγμένοις.
748 1332 842 1387 ποῖαι
865 1318 929 1411 γάρ
947 1321 1038 1411 τριή-
1057 1345 1090 1395 οσ

73 1453 142 1511 ρεις
169 1427 232 1494 εἰσί
259 1425 559 1511 κατεσκευασμέναι
593 1419 650 1492 διὰ
681 1427 817 1511 τούτου,
847 1423 957 1518 ὥσπερ
986 1430 1039 1498 ἐπὶ

74 1529 270 1618 Εὐβούλου,
293 1533 333 1620 τῇ
351 1530 460 1613 πόλεις
484 1525 615 1617 ἢποίοι
639 1528 815 1601 νεώσοικοι
837 1533 961 1603 τούτου
979 1560 1039 1605 πο-

72 1640 288 1725 λιτευομένου
307 1637 480 1726 γεγόνασι;
499 1636 579 1707 πότε
598 1627 696 1719 οὗτος
714 1632 734 1724 ἢ
751 1635 808 1706 διὰ
825 1646 1040 1727 ψηφίσματος

72 1739 220 1832 ἢνόμου
243 1743 469 1833 ἐπηνώρθωσε
486 1741 524 1812 τὸ
549 1743 698 1827 ἰππικόν;
722 1750 797 1812 τίνα
820 1746 1040 1817 κατεσκεύασε

73 1851 229 1939 δύναμιν,
247 1852 418 1920 τοσούτων
436 1853 563 1940 καιρῶν
581 1852 862 1941 παραγενομένων
880 1849 961 1940 μετὰ
979 1851 1040 1942 τὴν

72 1959 110 2025 έν
134 1963 323 2049 Χαιρωνείᾳ
346 1956 470 2045 μάχην,
493 1951 514 2044 ἢ
537 1954 637 2045 πεζὴν
659 1951 873 2047 ἢναυτικηνς
893 1965 942 2040 τίς
965 1956 1040 2029 άνε-

71 2063 229 2150 νήνεκται
252 2063 375 2151 κόσμος
392 2065 432 2152 τη]
450 2065 520 2154 θεῷ
545 2067 593 2144 εἰς
610 2059 793 2153 ἀκρόπολιν
815 2060 881 2134 ὑπὸ
900 2065 1039 2150 τούτους

73 2176 108 2237 τί
123 2171 363 2240 κατεσκεύακεν
386 2169 594 2258 οἰκοδόμημα
613 2172 841 2260 Λημοσθένης
864 2173 965 2266 ἐντῷ
984 2175 1039 2262 έμ-

72 2284 179 2370 πορίςο
198 2280 243 2369 τῷ
267 2272 415 2369 ὑμετέρῳ
439 2271 459 2364 ἢ
480 2279 517 2344 ἐν
535 2279 581 2368 τῷ
604 2273 695 2345 άστει
713 2271 734 2364 ἢ
754 2275 879 2347 άλλοθί
898 2303 965 2348 που
983 2282 1041 2368 τῆς

42 2450 49 2458 ,
72 2383 195 2472 χώρας;
220 2380 332 2465 οὐδεὶς
351 2379 393 2452 άν
412 2380 565 2469 ούδαμοί
590 2385 735 2464 δείξειεν.
772 2389 882 2453 ἔπειτα
901 2383 960 2454 τὸν
979 2385 1040 2474 μὲν
1059 2412 1094 2463 οτ

73 2493 110 2557 ἐν
138 2504 210 2571 ταῖς
231 2499 423 2577 πολεμικαῖς
449 2489 609 2579 πράξεσιν
640 2487 780 2558 άπιστον
808 2492 1042 2579 γεγενημένον,

74 2597 111 2661 έν
140 2595 176 2663 δὲ
204 2610 276 2676 ταῖς
305 2594 388 2664 κατά
411 2593 473 2684 τὴν
500 2595 599 2666 πόλιν
629 2601 835 2681 οἰκονομίαις
863 2593 1041 2685 ἄχρηστον,

142 2781 183 2830 95.
218 2772 250 2831 έν
269 2774 306 2844 δη
325 2782 358 2831 N.
730 2788 741 2796 “

141 2848 182 2898 96.
216 2849 281 2898 Imit
270 2853 345 2898 tatur
373 2847 569 2898 Demosthenis
599 2847 662 2898 illa:
694 2848 739 2910 18,
763 2850 824 2905 3113
856 2850 902 2911 19,
926 2850 984 2900 282.
1008 2876 1041 2886 -

73 2907 190 2993 τριήρης
208 2916 292 2966 Ν.-
312 2909 363 2966 διὰ
382 2913 486 2967 τοῦτον
503 2915 575 2966 ΝΔΒ
594 2916 645 2966 Bk.
666 2914 715 2994 (cf.
733 2884 812 2966 bem.
833 2916 873 2978 18,
891 2915 966 2979 311).
990 2911 1042 2969 διά

73 2976 238 3035 τούτου-
269 2975 317 3034 ἐπὶ
341 2973 453 3034 Βούλον
471 2998 511 3049 pr.
530 2983 568 3043 N;
592 2976 748 3048 ἐπιβούλου
766 2983 824 3034 ΖΜ.
861 2952 931 3035 kaeu
950 2990 1043 3037 autem

72 3052 158 3101 verba
181 3040 289 3119 (οἵσπερ
313 3043 335 3102 ί.
354 3048 399 3115 Ε)
421 3056 488 3130 post
507 3045 655 3103 νεώσοικοι
681 3051 853 3117 transposita
878 3051 982 3102 malim.
1010 3081 1042 3092 -·

74 3109 267 3196 ἕπηνώρθωκε
291 3123 319 3168 et
347 3110 543 3170 κατεσκεύακε
567 3119 602 3169 ei.
620 3118 795 3170 Scheib0.—
761 3112 955 3170 -τοσούτων
974 3135 1041 3172 sen:

72 3176 262 3237 τοιούτων-
281 3178 472 3267 άνενηνεκται
489 3186 556 3237 Bk.·
574 3177 786 3266 άνήκεκται.-
799 3178 907 3251 κόσμος
923 3185 959 3254 τῇ
977 3185 1040 3259 θεῷ

72 3253 97 3302 N
114 3254 178 3307 Mr:
201 3251 238 3334 τῇ
254 3253 316 3324 θεῷ
334 3268 499 3319 κοσμος.-
522 3248 736 3306 κατεσκεύακεν
758 3249 813 3304 οἰκ.
787 3256 907 3320 κΔημ.
930 3255 955 3304 N
972 3239 1042 3305 Mr.‘=

72 3314 267 3440 ηαὶτεσκεύακε
290 3325 364 3388 Λημ.
387 3318 494 3373 ola.—
523 3310 662 3381 οὐδεὶς
643 3338 680 3372 αν
704 3336 765 3372 oum
788 3321 880 3387 Steph
905 3322 969 3373 Bk.
993 3313 1043 3374 ού-

94 3403 206 3447 εςονν

142 3459 183 3507 97.
208 3456 270 3512 mal
288 3451 339 3509 τὸν
357 3449 469 3522 ένμν.
492 3472 588 3510 -νν,
608 3447 730 3508 άπιστοκ
749 3460 777 3507 et
794 3446 937 3521 ἄχρηστον
954 3462 1043 3508 trans-

73 3526 141 3588 poni
157 3524 220 3575 mal.
240 3524 303 3589 Bk.,
323 3525 394 3590 quod
414 3541 466 3590 ego
484 3540 540 3577 non
557 3526 652 3590 probo,
670 3551 703 3560 -
