2340 3916
333 202 432 254 RATA
451 201 782 258 Aplz‘rormTONoz.
1000 201 1043 267 51
1121 176 1124 181 ’

76 372 277 447 σπανίζοντα
301 364 356 431 καὶ
375 361 617 449 τελευτήσαντα
636 358 678 429 ού
700 360 844 449 τυχόντα
862 365 930 431 τῶν
949 369 1045 451 νομί-

76 500 164 560 μων,
187 468 270 559 ἅπερ
295 466 401 537 αύτού
427 468 585 549 πολλάκις
612 482 902 557 κατεμαρτυρεῖτο·
940 465 1078 538 αύτδν9

77 578 114 646 δὲ
133 580 265 661 τοῦτον,
284 573 329 644 ὅτ’
351 580 399 656 είς
411 573 449 643 τὸ
465 574 693 663 δεσμωτήριον
707 571 744 642 τὸ
759 577 895 663 πρῶτον
909 571 1044 664 ἀπήχθη

82 725 125 733 —-
147 683 305 763 πολλάκις
323 679 387 771 γὰρ
406 691 475 749 ίστε
494 680 603 770 δήπου
621 683 720 749 τοῦτο
739 683 963 768 γεγενημένον
986 722 1045 769 -,

76 793 213 859 τοιαῦτα
228 789 438 876 τολμήσαντα
452 803 562 856 ποιεῖν
576 784 693 871 αὐτοῦ,
708 783 782 855 ὥστ’
800 790 949 868 ἐκείνους
963 785 1045 856 ἄπο-

76 903 293 984 γηφίσασθαι
311 894 391 983 μήτε
409 897 476 983 πῦρ
496 895 630 962 ἐναύειν
648 892 756 985 τούτῳ
775 893 855 982 μήτε
875 909 1046 963 συσσιτεῖν

77 1005 205 1090 μηδένα
223 1003 303 1090 μήτε
321 1003 455 1069 θυσιῶν
472 1003 541 1069 τῶν
560 1001 747 1088 γινομένων
765 1016 950 1069 κοινωνεῖν.
974 1007 1045 1069 καί-

77 1137 129 1177 τοι
148 1100 175 1176 οό
196 1106 370 1195 Ἀθηναῖοι
393 1113 469 1174 τίνα
492 1104 554 1195 χρή
578 1109 700 1176 τοῦτον
724 1114 870 1195 νομίζειν
889 1107 1046 1176 διάνοιαν

78 1222 179 1303 ἔχειν,
204 1211 240 1295 ὃς
263 1212 320 1282 διὰ
338 1213 399 1301 μέν
417 1220 584 1302 πονηρίαν
602 1211 704 1294 είς
671 1241 709 1282 το
729 1213 958 1303 δεσμωτήριον
977 1216 1046 1282 ἐνέ-

78 1341 189 1406 πεσεν,
209 1324 278 1389 ἐκεῖ
294 1316 366 1389 δ’”
340 1347 388 1387 ων
402 1318 492 1408 παρὰ
505 1335 576 1400 τοῖς
590 1322 684 1425 ἐκ
639 1346 708 1387 των
722 1318 833 1388 αλλων
852 1317 1046 1410 ἀνθρώπων
1064 1331 1096 1380 10

78 1426 278 1516 κακούργοις
297 1423 500 1549 ύπηγμένοις
520 1417 627 1507 οὕτως
650 1425 737 1495 εἶναι
754 1425 901 1516 πονηρὸς
920 1430 1045 1515 ἔδοξεν,

79 1532 163 1603 ωστε
181 1530 259 1622 μηδ’
282 1536 407 1602 ἐκεῖ
362 1560 430 1601 των
445 1543 528 1600 ίσων
543 1529 724 1614 ἀξιοῦσθαι
737 1547 807 1614 τοῖς
821 1531 942 1618 αλλοις,
962 1531 1046 1603 ἀλλὰ

78 1642 234 1727 κλέπτην,
259 1668 303 1720 ως
322 1660 420 1727 φασι,
435 1641 618 1768 ληρθέντα
640 1640 776 1709 τουτονί
794 1665 862 1729 παρ
866 1636 1045 1728 ’ἐκείνοις

78 1753 109 1814 εί
131 1738 173 1835 ήν
196 1746 306 1835 ἕτερός
333 1773 382 1826 τις
404 1731 506 1826 τόπος
528 1743 749 1836 ἀνοσιώτερος
776 1750 833 1814 ἵνα
862 1742 980 1833 έξήν’
962 1746 1045 1814 απά-

78 1880 151 1938 γειν
164 1851 243 1934 τοὺς
258 1855 294 1921 έκ
306 1880 368 1920 του
353 1855 612 1942 δεσμωτηρίου
631 1854 886 1936 κλέπτοντας,εί
855 1880 902 1933 ες
916 1854 1046 1921 ἐκεῖνον

79 1957 122 2027 ἂν
140 1963 239 2027 τοῦτο
257 1956 294 2026 τὸ
309 1965 434 2048 θηρίον
452 1955 654 2047 ἀπαχθῆναι.
681 1959 738 2033 καὶ
756 1955 867 2045 ταῦθ’,
886 1955 968 2047 ἅπερ
988 1955 1045 2048 όιρ-
1148 2042 1154 2055 .

80 2072 156 2147 τίως
175 2065 286 2151 εἶπον,
304 2072 354 2146 τίς
373 2061 436 2134 ούκ
454 2063 526 2133 οἰδε
544 2061 910 2155 καταμαρτυρηθέντα’
903 2077 1045 2155 Αριστο-
1134 2092 1142 2111 ·

79 2179 242 2258 γείτονος,
267 2169 304 2239 ὅτ
308 2169 505 2261 ’ἐμπορίου
533 2170 727 2261 ἐπιμελητής
751 2170 863 2259 λαχων
891 2168 1046 2275 ἀπεδοκι-

79 2278 194 2366 μόσθη
214 2274 279 2346 ὑπὸ
297 2281 366 2345 τῶν
389 2278 463 2347 τότε
482 2277 728 2361 δικαζόντων”
707 2306 821 2369 αρχειν
839 2279 966 2366 ταύτην
984 2276 1046 2367 τήν

79 2382 199 2474 ότρχήν;
228 2381 327 2452 ἔπειτ’
354 2384 576 2473 εἰρωνεύεσθε
603 2383 686 2473 πρὸς
709 2380 795 2472 υμᾶς
822 2382 962 2471 αύτούς,
990 2386 1044 2453 καὶ
1065 2413 1096 2461 11

79 2493 153 2578 περὶ
180 2488 459 2580 Ἀριστογείτονος
487 2493 661 2579 μέλλοντες
692 2493 808 2580 φέρειν
835 2489 897 2578 τήν
929 2493 1046 2579 ψήφου

80 2599 212 2681 ἐλεεῖτε,
240 2593 277 2677 ὃς
303 2595 365 2666 τόν
392 2593 498 2666 αύτού
525 2600 651 2687 πατέρα
678 2600 787 2677 κακῶς
811 2598 1046 2685 διατιθέμενον

79 2697 146 2770 ὑπὸ
170 2705 231 2771 τού
254 2707 354 2791 λιμοῦ
383 2700 446 2772 ούκ
468 2700 622 2792 ήλέησεν;
646 2710 757 2773 ἔπειτα
779 2699 858 2792 παρ’
884 2699 979 2791 ήμῶν
998 2709 1046 2772 έτι

79 2809 202 2895 λόγους
230 2806 365 2878 αἰκούειν
393 2809 559 2897 βούλεσθε
586 2812 661 2900 περὶ
689 2813 747 2898 τής
767 2806 1047 2900 Ἀριστογείτονος

147 3031 172 3078 9.
207 3022 311 3105 δήπου
330 3025 414 3080 τοῦτο
436 3028 461 3077 Ν
484 3029 547 3078 Mr.=
571 3023 657 3080 τοῦτο
680 3021 841 3092 δήπου-
871 3018 961 3079 αὐτοῦ
985 3044 1047 3079 cum

79 3097 149 3145 Wm
163 3046 256 3146 Τοτελε
275 3085 390 3156 αύτούς,
412 3095 484 3161 quod
503 3095 560 3148 def.
572 3096 671 3148 Mn-
690 3093 827 3147 διάνοιαν
844 3090 923 3162 ἔχειν
940 3096 964 3145 N
976 3096 1045 3146 Mr..

79 3157 158 3228 ἔχειν
176 3162 321 3215 διοίνοιαν.

149 3251 189 3298 10.
225 3239 402 3314 οἷπηγιιένοις
426 3263 486 3297 cum
505 3249 576 3302 Wm
594 3249 688 3300 Turn·
692 3239 947 3367 οἷνηγμένοιςμ-
973 3238 1044 3322 μηδ’
1111 3250 1116 3273 ’“

79 3309 143 3366 ἐκεῖ
163 3314 250 3366 Dobr.
274 3317 346 3376 (sive
368 3333 407 3394 μη
410 3311 442 3367 δὲ
467 3315 519 3366 del.
541 3308 607 3377 &uh
629 3305 738 3381 μηδ’έ
739 3319 911 3375 mime—
941 3306 973 3365 έκ
995 3331 1047 3366 τον

79 3384 103 3432 N
124 3383 187 3432 Mn:
211 3375 303 3434 έκ-
307 3376 442 3461 ταύτην
465 3375 518 3450 τήν
538 3383 616 3433 Turr
640 3384 685 3446 (οἱ.
704 3384 784 3449 Nmp.
809 3383 931 3444 Maior..)
954 3373 1047 3448 αύτήν

79 3442 186 3515 τήνΝ,
205 3444 259 3516 τήν
277 3441 371 3515 αὐτήν
388 3468 415 3505 v.

151 3537 190 3585 11.
226 3533 278 3588 τού
298 3533 382 3601 λιμοῦ
400 3536 424 3587 N
442 3537 507 3587 Mn:
527 3533 618 3601 λιμοῦ.
637 3563 670 3571 -

808 3617 846 3668 4*
