2340 3916
187 199 231 260 24
600 192 727 245 ιΣιιον
1047 193 1098 247 οι.
1117 197 1148 247 2.

190 369 302 455 ἐκείνη
325 367 474 444 πεισθεὶς
499 365 554 453 ἐμὲ
578 362 767 455 ἐποιήσατο,
791 368 901 458 πολλῷ
924 364 1084 455 πρότερον
1101 356 1151 454 ἦν

192 468 389 553 ἐκδεδομένη
412 467 492 553 πρὶν
514 463 577 552 τήν
598 474 730 553 ποίησιν
753 469 926 554 γενέσθαι,
951 463 1030 536 ὥστ’
1059 477 1090 534 εί
1109 463 1148 554 γ’

191 571 301 655 ἐκείνη
325 569 474 647 πεισθεὶς
491 561 548 635 τὸν
565 563 640 635 νίδν
658 571 824 653 ἐποιεῖτος
839 571 906 637 τῶν
925 571 1051 654 ἐκείνης
1070 576 1148 635 παί-

191 672 260 736 δων
282 662 340 736 τὸν
363 669 475 757 ἕτερον
499 663 664 753 ἐποιήσατ’
689 663 744 737 άν·
770 666 831 737 δάο
859 665 922 755 γάρ
946 674 1031 735 εἰσιν
1048 663 1144 756 αὐτῆ.

137 784 171 834 ‘20
190 763 281 855 ἄλλ’,
301 757 476 856 οἷάνδρες,
495 761 555 854 οὐχ
572 761 631 834 ὑπ’
652 769 778 854 ἐκείνης
795 770 943 847 πεισθεὶς
962 768 1018 854 ἐμὲ
1037 767 1149 854 ἐποιή-

191 891 270 937 σατο
287 865 380 953 οίόν,
399 862 482 934 άλλά
498 864 638 954 μάλιστα
655 866 716 954 μὲν
733 863 874 954 ὑπὸτῆς
894 871 1027 957 ἐρημίας
1046 867 1149 955 [ἐπεί-

191 967 288 1055 σδηή,
313 965 469 1055 δεύτερον
493 963 603 1035 δδδιά
620 963 677 1046 τάς
700 971 936 1056 προειρημένας
959 975 1066 1046 αίτίας
1090 970 1149 1036 καί

193 1064 247 1136 διά
269 1065 330 1154 τήν
355 1063 490 1136 εὔνοιαν
512 1063 573 1154 τήν
595 1061 810 1156 ὑπάρχουσαν
833 1064 913 1161 πρὸς
940 1064 998 1137 τδν
1022 1070 1153 1154 πατέρα·

192 1164 250 1236 τὸν
268 1164 362 1255 ἐμόν,
385 1174 496 1255 τρίτον
515 1168 552 1236 δέ
576 1164 630 1236 διά
647 1164 683 1235 τδ
701 1164 745 1256 μή
764 1168 848 1237 εἶναι
866 1171 1013 1256 συγγενῆ
1028 1164 1150 1254 μηδέν’

192 1266 291 1337 άλλον
315 1263 422 1359 αὐτῷ,
447 1260 574 1337 δπόδεν
597 1263 639 1337 άν
658 1266 830 1355 ἐποιήσατο
853 1266 936 1338 υίόν.
972 1272 1152 1356 ταῦτατη·

191 1371 330 1437 νικαύτα
353 1371 469 1454 ἐνῆγεν
493 1369 548 1456 ἐμὲ
572 1365 787 1460 ποιήσασθαι·
812 1365 894 1437 ὥστε
917 1365 956 1438 οὐ
975 1395 1147 1457 παραφρο-

191 1471 261 1537 νεῖν
283 1476 435 1556 φαίνεται
458 1464 538 1538 οάδέ
560 1472 602 1558 τῆ
622 1471 757 1556 γυναικὶ
779 1477 944 1556 πεισθείς,
970 1475 1000 1536 εί
1020 1465 1064 1556 μή
1083 1466 1152 1557 άρα

191 1565 252 1656 τήν
271 1571 407 1657 ἐρημίαν
424 1564 529 1637 αὐτοῦ
545 1571 600 1638 καὶ
619 1565 680 1656 τῆν
697 1565 856 1638 ἀπαιδίαν
873 1559 968 1648 οὗτος
993 1566 1150 1654 βούλεται

141 1666 227 1738 21τδ
255 1666 360 1757 ὄνομα
386 1673 481 1739 τοῦτο
510 1667 776 1758 προσαγορεύειν.
821 1664 942 1748 Ἡδέως
972 1664 1003 1736 δ’
1028 1663 1070 1737 άν
1093 1698 1152 1757 μοι

194 1773 281 1838 δοκεῖ
308 1767 428 1839 τούτου
451 1772 622 1839 πυθέσθαι
644 1773 705 1838 τοῦ
727 1767 910 1857 φάσκοντος
935 1759 973 1836 εὖ
996 1785 1150 1858 φρονεῖν,

192 1877 267 1939 τίνα
284 1868 486 1957 ποιήσασθαι
504 1873 603 1959 ἐχρῆν
618 1865 719 1940 αὐτὸν
735 1873 803 1939 των
820 1872 1008 1956 σνγγενων;
1026 1866 1154 1955 πότερα.

192 1968 250 2039 τόν
279 1967 355 2039 νίόν
382 1967 440 2039 τδν
473 1969 608 2055 τούτον;
637 1966 711 2040 ἄλλ’
738 1966 804 2039 οάιι
830 1964 873 2040 άν
899 1966 990 2061 αὐτῷ
1011 1975 1152 2055 ἔδωκεν,

192 2066 315 2138 άπαιδα
333 2065 435 2139 αὑτὸν
451 2068 623 2151 καθιστάς·
646 2066 707 2160 οὐχ
729 2067 835 2150 οὕτως
852 2059 948 2148 οὗτός
967 2073 1033 2138 ἐστι
1055 2078 1152 2157 φιλο·

192 2168 362 2260 χρήματος.
404 2166 487 2239 άλλά
508 2167 567 2240 τδν
583 2174 641 2258 τῆς
659 2167 805 2258 ἀδελφῆς
822 2165 842 2257 ή
860 2168 919 2239 τόν
936 2173 993 2256 τῆς
1010 2165 1152 2251 άνεφιᾶς

193 2265 288 2357 ήτδν
305 2273 366 2340 τοῦ
381 2266 537 2355 άνεφιοῦ;
560 2266 643 2339 άλλά
665 2268 727 2358 τήν
744 2267 848 2360 άρχῆν
864 2266 926 2339 οὐκ
945 2271 1073 2356 ἐγένετο
1091 2266 1152 2337 αὖ·

141 2395 175 2444 22
192 2373 240 2463 τῷ
256 2365 367 2450 οὐδεὶς
389 2369 517 2440 τούτων
539 2374 607 2441 τοῖν
624 2374 803 2459 συγγενῶν.
845 2366 969 2440 οὐκοῦν
994 2373 1025 2452 ἐξ
1048 2365 1152 2456 άνάγ·

162 2500 165 2507 ‘
193 2499 252 2558 κης
268 2461 311 2559 ῆν
324 2467 414 2564 αὐτῷ
424 2468 524 2541 ἄλλον
538 2469 613 2541 τινά
629 2469 829 2559 ποιήσασθαι
846 2474 970 2559 μάλλον
986 2464 1007 2557 ῆ
1024 2465 1153 2538 άπαιδα

194 2576 397 2663 καταγηρᾷν,
417 2567 527 2663 ὥσπερ
544 2561 640 2651 οὗτος
656 2568 743 2655 άξιοῖ
757 2574 835 2642 νυνὶ
853 2567 963 2640 αὐτόν.
1003 2567 1067 2657 ἐγὼ
1083 2578 1153 2639 τοί-

193 2697 258 2742 νυν
280 2671 404 2753 πάντας
432 2667 474 2742 άν
498 2673 587 2763 οἶμαι
614 2667 811 2762 ὁμολογῆσαι
840 2666 925 2760 ὑμᾶς
952 2666 995 2750 ὥς
1014 2666 1086 2739 οὐκ
1108 2664 1154 2739 ἂν

194 2770 411 2861 ποιησάμενος
440 2771 541 2842 ἄλλον
570 2771 769 2861 οἰκειότερον
797 2775 878 2861 ἐμοῦ
908 2766 1072 2858 ποιήσαιτ’
1097 2767 1150 2840 άν.

195 2870 332 2954 δειξάτω
349 2870 413 2962 γάρ
430 2862 527 2952 οὗτος
545 2867 633 2961 ὑμῖν.
669 2869 743 2942 ἀλλ’
761 2869 824 2942 οὐκ
840 2869 882 2941 άν
899 2897 978 2940 ποτε
997 2869 1152 2939 δύναιτο·

193 2963 236 3059 ῆν
252 2969 316 3061 γάρ
333 2969 447 3052 οὐδεὶς
464 2970 561 3052 άλλος
578 2970 741 3060 συγγενής
759 2969 850 3064 αὐτῷ
865 2967 953 3060 πλήν
970 2970 1107 3041 τούτων.

142 3081 176 3133 ‘23
266 3069 362 3143 Ἀλλά
391 3077 457 3142 νῦν
485 3062 581 3151 οὗτος
604 3076 760 3162 ἐπιτιμῶν
788 3069 880 3164 αὐτῷ
907 3079 1060 3159 φαίνεται
1089 3067 1155 3159 οὐχ

193 3167 243 3241 ὅτι
266 3169 324 3242 τὸν
346 3171 423 3243 νίδν
445 3169 507 3242 οὖα
529 3171 702 3261 ἐποιήσατο
725 3171 783 3243 τδν
806 3168 925 3257 αὑτοῦ,
949 3168 1021 3240 ἀλλ’
1046 3168 1156 3240 ὅτιτὸ

193 3271 350 3363 παράπαν
362 3271 534 3362 ἐποιήσατο
543 3277 599 3343 καὶ
617 3271 678 3344 οὐκ
690 3271 901 3359 ἐτελεύτησεν
917 3269 1023 3352 άπαις.
1058 3267 1153 3340 τοῦτ’

195 3380 283 3443 ἔστιν
306 3369 325 3443 δ
351 3378 496 3466 ἐπιτιμᾷ,
522 3378 708 3462 ἐπίφθονον
730 3375 861 3461 πράγμα
885 3375 939 3442 καὶ
961 3368 1002 3441 οὐ
1021 3377 1156 3441 δίκαιον

192 3477 312 3543 ποιῶν·
336 3472 442 3545 ὄντων
464 3473 528 3564 γάρ
543 3470 637 3566 αὐτῷ
653 3479 783 3544 παίδων
803 3477 917 3564 ἐκείνω
941 3469 1011 3542 ὄντι
1034 3469 1155 3542 άπαιδι
