<?xml version="1.0" encoding="UTF-8"?>
<!DOCTYPE html PUBLIC "-//W3C//DTD XHTML 1.0 Transitional//EN"
    "http://www.w3.org/TR/xhtml1/DTD/xhtml1-transitional.dtd">
<html xmlns="http://www.w3.org/1999/xhtml" xml:lang="en" lang="en">
 <head>
  <title>
</title>
<meta http-equiv="Content-Type" content="text/html;charset=utf-8" />
  <meta name='ocr-system' content='tesseract 3.04.00' />
  <meta name='ocr-capabilities' content='ocr_page ocr_carea ocr_par ocr_line ocrx_word'/>
</head>
<body>
  <div class='ocr_page' id='page_1' title='image "./orationescumali00isaegoog/orationescumali00isaegoog_0274.png"; bbox 0 0 2340 3916; ppageno 0'>
   <div class='ocr_carea' id='block_1_1' title="bbox 331 198 1036 264">
    <p class='ocr_par' dir='ltr' id='par_1_1' title="bbox 331 198 1036 264">
     <span class='ocr_line' id='line_1_1' title="bbox 331 198 1036 264; baseline 0.001 -13"><span class='ocrx_word' id='word_1_1' title='bbox 331 202 383 251; x_wconf 73' lang='grc' dir='ltr'><strong><em>ΙΝ</em></strong></span> <span class='ocrx_word' id='word_1_2' title='bbox 386 202 423 251; x_wconf 89' lang='grc' dir='ltr'><strong><em>ΡΙ</em></strong></span> <span class='ocrx_word' id='word_1_3' title='bbox 442 199 515 251; x_wconf 81' lang='grc' dir='ltr'><strong><em>ΤΩΝ</em></strong></span> <span class='ocrx_word' id='word_1_4' title='bbox 533 198 772 253; x_wconf 78' lang='grc' dir='ltr'><strong>ΜΤΣΤΗΡΙΩΝ.</strong></span> <span class='ocrx_word' id='word_1_5' title='bbox 995 199 1036 264; x_wconf 78' lang='grc'><strong><em>37</em></strong></span> 
     </span>
    </p>
   </div>
   <div class='ocr_carea' id='block_1_2' title="bbox 101 332 1085 1602">
    <p class='ocr_par' dir='ltr' id='par_1_2' title="bbox 101 332 1085 1602">
     <span class='ocr_line' id='line_1_2' title="bbox 101 332 1034 440; baseline 0 -43"><span class='ocrx_word' id='word_1_6' title='bbox 101 335 153 397; x_wconf 80' lang='grc' dir='ltr'><strong><em>καὶ</em></strong></span> <span class='ocrx_word' id='word_1_7' title='bbox 164 333 218 397; x_wconf 86' lang='grc' dir='ltr'><strong><em>ε’ἀν</em></strong></span> <span class='ocrx_word' id='word_1_8' title='bbox 233 358 276 408; x_wconf 89' lang='grc' dir='ltr'><strong><em>τις</em></strong></span> <span class='ocrx_word' id='word_1_9' title='bbox 289 342 448 416; x_wconf 85' lang='grc' dir='ltr'><strong><em>τυραννεῖν</em></strong></span> <span class='ocrx_word' id='word_1_10' title='bbox 450 332 648 440; x_wconf 79' lang='grc' dir='ltr'><strong><em>ἐπαναστῇ</em></strong></span> <span class='ocrx_word' id='word_1_11' title='bbox 626 360 646 414; x_wconf 87' lang='grc' dir='ltr'><strong><em>η</em></strong></span> <span class='ocrx_word' id='word_1_12' title='bbox 659 333 712 397; x_wconf 84' lang='grc' dir='ltr'><strong><em>τὸν</em></strong></span> <span class='ocrx_word' id='word_1_13' title='bbox 722 335 874 415; x_wconf 85' lang='grc' dir='ltr'><strong><em>τύραννον</em></strong></span> <span class='ocrx_word' id='word_1_14' title='bbox 886 352 1034 417; x_wconf 88' lang='grc' dir='ltr'><strong><em>συγκατα-</em></strong></span> 
     </span>
     <span class='ocr_line' id='line_1_3' title="bbox 104 416 1036 505; baseline 0.002 -25"><span class='ocrx_word' id='word_1_15' title='bbox 104 420 210 505; x_wconf 78' lang='grc' dir='ltr'><strong><em>στήσῃ.</em></strong></span> <span class='ocrx_word' id='word_1_16' title='bbox 241 443 292 481; x_wconf 86' lang='grc' dir='ltr'><strong><em>και</em></strong></span> <span class='ocrx_word' id='word_1_17' title='bbox 283 419 362 481; x_wconf 87' lang='grc' dir='ltr'><strong><em>ἐιίν</em></strong></span> <span class='ocrx_word' id='word_1_18' title='bbox 377 442 420 493; x_wconf 89' lang='grc' dir='ltr'><strong><em>τις</em></strong></span> <span class='ocrx_word' id='word_1_19' title='bbox 435 418 523 493; x_wconf 86' lang='grc' dir='ltr'><strong><em>ἀλλος</em></strong></span> <span class='ocrx_word' id='word_1_20' title='bbox 538 416 747 503; x_wconf 79' lang='grc' dir='ltr'><strong><em>ἀποκτείνη,”</em></strong></span> <span class='ocrx_word' id='word_1_21' title='bbox 726 437 814 480; x_wconf 90' lang='grc' dir='ltr'><strong><em>οσιον</em></strong></span> <span class='ocrx_word' id='word_1_22' title='bbox 834 417 928 483; x_wconf 81' lang='grc' dir='ltr'><strong><em>αὐτὸν</em></strong></span> <span class='ocrx_word' id='word_1_23' title='bbox 942 430 1036 500; x_wconf 71' lang='grc' dir='ltr'><strong><em>νομιολ</em></strong></span> 
     </span>
     <span class='ocr_line' id='line_1_4' title="bbox 104 484 1034 613; baseline 0 -46"><span class='ocrx_word' id='word_1_24' title='bbox 104 484 190 567; x_wconf 79' lang='grc' dir='ltr'><strong><em>εἶναι</em></strong></span> <span class='ocrx_word' id='word_1_25' title='bbox 203 504 254 566; x_wconf 85' lang='grc' dir='ltr'><strong><em>καί</em></strong></span> <span class='ocrx_word' id='word_1_26' title='bbox 275 505 349 586; x_wconf 87' lang='grc' dir='ltr'><strong><em>πρὸς</em></strong></span> <span class='ocrx_word' id='word_1_27' title='bbox 370 505 454 566; x_wconf 76' lang='grc' dir='ltr'><strong><em>θεῶν</em></strong></span> <span class='ocrx_word' id='word_1_28' title='bbox 474 527 525 565; x_wconf 85' lang='grc' dir='ltr'><strong><em>και</em></strong></span> <span class='ocrx_word' id='word_1_29' title='bbox 516 501 757 613; x_wconf 66' lang='grc' dir='ltr'><strong><em>’δαιμόνωγ,’</em></strong></span> <span class='ocrx_word' id='word_1_30' title='bbox 736 528 777 577; x_wconf 87' lang='grc' dir='ltr'><strong><em>ως</em></strong></span> <span class='ocrx_word' id='word_1_31' title='bbox 798 504 938 611; x_wconf 79' lang='grc' dir='ltr'><strong><em>πολέμιον</em></strong></span> <span class='ocrx_word' id='word_1_32' title='bbox 957 506 1034 567; x_wconf 88' lang='grc' dir='ltr'><strong><em>κτεί-</em></strong></span> 
     </span>
     <span class='ocr_line' id='line_1_5' title="bbox 104 560 1036 697; baseline 0 -45"><span class='ocrx_word' id='word_1_33' title='bbox 104 612 199 652; x_wconf 84' lang='grc' dir='ltr'><strong><em>νοντα</em></strong></span> <span class='ocrx_word' id='word_1_34' title='bbox 214 598 276 650; x_wconf 74' lang='grc' dir='ltr'><strong><em>τῶν</em></strong></span> <span class='ocrx_word' id='word_1_35' title='bbox 293 560 483 668; x_wconf 80' lang='grc' dir='ltr'><strong><em>Ἀθηναίων,</em></strong></span> <span class='ocrx_word' id='word_1_36' title='bbox 503 588 605 650; x_wconf 83' lang='grc' dir='ltr'><strong><em>καί</em></strong></span> <span class='ocrx_word' id='word_1_37' title='bbox 574 613 609 650; x_wconf 91' lang='grc' dir='ltr'><strong><em>τα</em></strong></span> <span class='ocrx_word' id='word_1_38' title='bbox 631 612 764 697; x_wconf 85' lang='grc' dir='ltr'><strong><em>κτηματα</em></strong></span> <span class='ocrx_word' id='word_1_39' title='bbox 785 597 840 651; x_wconf 82' lang='grc' dir='ltr'><strong><em>τοῦ</em></strong></span> <span class='ocrx_word' id='word_1_40' title='bbox 858 586 1036 651; x_wconf 89' lang='grc' dir='ltr'><strong><em>ἀποθανόν-</em></strong></span> 
     </span>
     <span class='ocr_line' id='line_1_6' title="bbox 104 670 1036 777; baseline 0 -42"><span class='ocrx_word' id='word_1_41' title='bbox 104 697 152 748; x_wconf 90' lang='grc' dir='ltr'><strong><em>τος</em></strong></span> <span class='ocrx_word' id='word_1_42' title='bbox 166 671 264 735; x_wconf 88' lang='grc' dir='ltr'><strong><em>πάντα</em></strong></span> <span class='ocrx_word' id='word_1_43' title='bbox 285 671 468 777; x_wconf 75' lang='grc' dir='ltr'><strong><em>ἀποδόμενος</em></strong></span> <span class='ocrx_word' id='word_1_44' title='bbox 482 670 685 736; x_wconf 72' lang='grc' dir='ltr'><strong><em>ἀποδώσω</em></strong></span> <span class='ocrx_word' id='word_1_45' title='bbox 654 698 689 735; x_wconf 86' lang='grc' dir='ltr'><strong><em>τα</em></strong></span> <span class='ocrx_word' id='word_1_46' title='bbox 709 671 867 774; x_wconf 75' lang='grc' dir='ltr'><strong><em>ἡμίσεα</em></strong></span> <span class='ocrx_word' id='word_1_47' title='bbox 839 683 880 734; x_wconf 75' lang='grc' dir='ltr'><strong><em>τῶ</em></strong></span> <span class='ocrx_word' id='word_1_48' title='bbox 894 670 1036 735; x_wconf 85' lang='grc' dir='ltr'><strong><em>ἀποκτεί-</em></strong></span> 
     </span>
     <span class='ocr_line' id='line_1_7' title="bbox 103 737 1085 864; baseline 0.005 -44"><span class='ocrx_word' id='word_1_49' title='bbox 103 783 200 836; x_wconf 86' lang='grc' dir='ltr'><strong><em>ναντι,</em></strong></span> <span class='ocrx_word' id='word_1_50' title='bbox 220 759 272 821; x_wconf 86' lang='grc' dir='ltr'><strong><em>καί</em></strong></span> <span class='ocrx_word' id='word_1_51' title='bbox 291 755 347 820; x_wconf 83' lang='grc' dir='ltr'><strong><em>οὐκ</em></strong></span> <span class='ocrx_word' id='word_1_52' title='bbox 366 756 559 864; x_wconf 78' lang='grc' dir='ltr'><strong><em>ἀποστερησω</em></strong></span> <span class='ocrx_word' id='word_1_53' title='bbox 579 754 679 821; x_wconf 86' lang='grc' dir='ltr'><strong><em>οάδέν.</em></strong></span> <span class='ocrx_word' id='word_1_54' title='bbox 712 754 767 821; x_wconf 86' lang='grc' dir='ltr'><strong><em>ἐάν</em></strong></span> <span class='ocrx_word' id='word_1_55' title='bbox 786 758 820 820; x_wconf 82' lang='grc' dir='ltr'><strong><em>δὲ</em></strong></span> <span class='ocrx_word' id='word_1_56' title='bbox 841 737 885 832; x_wconf 79' lang='grc' dir='ltr'><strong><em>τίς</em></strong></span> <span class='ocrx_word' id='word_1_57' title='bbox 905 759 1033 821; x_wconf 76' lang='grc' dir='ltr'><strong><em>κτείνων</em></strong></span> <span class='ocrx_word' id='word_1_58' title='bbox 1051 774 1085 825; x_wconf 87' lang='grc'><strong><em>98</em></strong></span> 
     </span>
     <span class='ocr_line' id='line_1_8' title="bbox 104 837 1033 950; baseline -0.001 -44"><span class='ocrx_word' id='word_1_59' title='bbox 104 839 170 906; x_wconf 85' lang='grc' dir='ltr'><strong><em>τινά</em></strong></span> <span class='ocrx_word' id='word_1_60' title='bbox 185 843 299 905; x_wconf 86' lang='grc' dir='ltr'><strong><em>τούτων</em></strong></span> <span class='ocrx_word' id='word_1_61' title='bbox 313 840 492 950; x_wconf 79' lang='grc' dir='ltr'><strong><em>ἀποθοίηη</em></strong></span> <span class='ocrx_word' id='word_1_62' title='bbox 477 868 496 947; x_wconf 84' lang='grc' dir='ltr'><strong><em>η</em></strong></span> <span class='ocrx_word' id='word_1_63' title='bbox 493 837 750 927; x_wconf 62' lang='grc' dir='ltr'><strong><em>ἐπιγειρων,ῗ</em></strong></span> <span class='ocrx_word' id='word_1_64' title='bbox 714 866 748 906; x_wconf 86' lang='grc' dir='ltr'><strong><em>ευ</em></strong></span> <span class='ocrx_word' id='word_1_65' title='bbox 757 843 879 947; x_wconf 83' lang='grc' dir='ltr'><strong><em>ποιήσω</em></strong></span> <span class='ocrx_word' id='word_1_66' title='bbox 893 840 988 905; x_wconf 82' lang='grc' dir='ltr'><strong><em>αὐτόν</em></strong></span> <span class='ocrx_word' id='word_1_67' title='bbox 1003 866 1033 905; x_wconf 88' lang='grc' dir='ltr'><strong><em>τε</em></strong></span> 
     </span>
     <span class='ocr_line' id='line_1_9' title="bbox 104 925 1035 1035; baseline 0.001 -46"><span class='ocrx_word' id='word_1_68' title='bbox 104 928 155 991; x_wconf 80' lang='grc' dir='ltr'><strong><em>καί</em></strong></span> <span class='ocrx_word' id='word_1_69' title='bbox 175 927 244 1002; x_wconf 82' lang='grc' dir='ltr'><strong><em>τοὺς</em></strong></span> <span class='ocrx_word' id='word_1_70' title='bbox 259 930 371 1003; x_wconf 84' lang='grc' dir='ltr'><strong><em>παῖδας</em></strong></span> <span class='ocrx_word' id='word_1_71' title='bbox 387 926 455 1002; x_wconf 77' lang='grc' dir='ltr'><strong><em>τοὺς</em></strong></span> <span class='ocrx_word' id='word_1_72' title='bbox 476 926 591 991; x_wconf 87' lang='grc' dir='ltr'><strong><em>ἐκείνου</em></strong></span> <span class='ocrx_word' id='word_1_73' title='bbox 605 929 749 1035; x_wconf 80' lang='grc' dir='ltr'><strong><em>μαθοίπερ</em></strong></span> <span class='ocrx_word' id='word_1_74' title='bbox 757 925 831 1010; x_wconf 91' lang='grc' dir='ltr'><strong><em>Αρμ</em></strong></span> <span class='ocrx_word' id='word_1_75' title='bbox 832 926 918 991; x_wconf 81' lang='grc' dir='ltr'><strong><em>όδιάν</em></strong></span> <span class='ocrx_word' id='word_1_76' title='bbox 938 928 1035 990; x_wconf 80' lang='grc' dir='ltr'><strong><em>τεκαὶ</em></strong></span> 
     </span>
     <span class='ocr_line' id='line_1_10' title="bbox 103 1010 1033 1119; baseline 0.001 -46.009"><span class='ocrx_word' id='word_1_77' title='bbox 103 1011 334 1119; x_wconf 77' lang='grc' dir='ltr'><strong><em>Ἀριστογείτονα</em></strong></span> <span class='ocrx_word' id='word_1_78' title='bbox 354 1013 405 1074; x_wconf 85' lang='grc' dir='ltr'><strong><em>καί</em></strong></span> <span class='ocrx_word' id='word_1_79' title='bbox 429 1010 538 1086; x_wconf 80' lang='grc' dir='ltr'><strong><em>τοδς’</em></strong></span> <span class='ocrx_word' id='word_1_80' title='bbox 519 1014 686 1095; x_wconf 88' lang='grc' dir='ltr'><strong><em>απογόνους</em></strong></span> <span class='ocrx_word' id='word_1_81' title='bbox 712 1010 824 1076; x_wconf 80' lang='grc' dir='ltr'><strong><em>αὐτων.</em></strong></span> <span class='ocrx_word' id='word_1_82' title='bbox 866 1010 974 1076; x_wconf 85' lang='grc' dir='ltr'><strong><em>ὁπόσοι</em></strong></span> <span class='ocrx_word' id='word_1_83' title='bbox 1000 1010 1033 1074; x_wconf 83' lang='grc' dir='ltr'><strong><em>δέ</em></strong></span> 
     </span>
     <span class='ocr_line' id='line_1_11' title="bbox 105 1094 1037 1207; baseline -0.002 -47"><span class='ocrx_word' id='word_1_84' title='bbox 105 1120 186 1179; x_wconf 88' lang='grc' dir='ltr'><strong><em>ορκοι</em></strong></span> <span class='ocrx_word' id='word_1_85' title='bbox 200 1095 368 1176; x_wconf 77' lang='grc' dir='ltr'><strong><em>ὀμώμονται</em></strong></span> <span class='ocrx_word' id='word_1_86' title='bbox 376 1094 580 1177; x_wconf 71' lang='grc' dir='ltr'><strong><em>Ἀθήνησιν”</em></strong></span> <span class='ocrx_word' id='word_1_87' title='bbox 559 1122 579 1177; x_wconf 90' lang='grc' dir='ltr'><strong><em>η</em></strong></span> <span class='ocrx_word' id='word_1_88' title='bbox 591 1098 625 1159; x_wconf 84' lang='grc' dir='ltr'><strong><em>ἕν</em></strong></span> <span class='ocrx_word' id='word_1_89' title='bbox 638 1108 680 1183; x_wconf 71' lang='grc' dir='ltr'><strong><em>τρλ</em></strong></span> <span class='ocrx_word' id='word_1_90' title='bbox 694 1096 914 1199; x_wconf 71' lang='grc' dir='ltr'><strong><em>στρατοπίδῳ”</em></strong></span> <span class='ocrx_word' id='word_1_91' title='bbox 869 1124 913 1207; x_wconf 93' lang='grc' dir='ltr'><strong><em>η</em></strong></span> <span class='ocrx_word' id='word_1_92' title='bbox 924 1098 1037 1159; x_wconf 83' lang='grc' dir='ltr'><strong><em>αλλοθί</em></strong></span> 
     </span>
     <span class='ocr_line' id='line_1_12' title="bbox 104 1162 1037 1288; baseline -0.003 -43"><span class='ocrx_word' id='word_1_93' title='bbox 104 1204 165 1245; x_wconf 86' lang='grc' dir='ltr'><strong><em>που</em></strong></span> <span class='ocrx_word' id='word_1_94' title='bbox 179 1183 309 1243; x_wconf 79' lang='grc' dir='ltr'><strong><em>ἐναντίοι</em></strong></span> <span class='ocrx_word' id='word_1_95' title='bbox 323 1192 364 1267; x_wconf 67' lang='grc' dir='ltr'><strong><em>τῷ</em></strong></span> <span class='ocrx_word' id='word_1_96' title='bbox 379 1183 465 1288; x_wconf 77' lang='grc' dir='ltr'><strong><em>δήμῳ</em></strong></span> <span class='ocrx_word' id='word_1_97' title='bbox 479 1193 541 1245; x_wconf 74' lang='grc' dir='ltr'><strong><em>ταῖν</em></strong></span> <span class='ocrx_word' id='word_1_98' title='bbox 552 1162 735 1282; x_wconf 78' lang='grc' dir='ltr'><strong><em>Ἀθηηάίων,</em></strong></span> <span class='ocrx_word' id='word_1_99' title='bbox 751 1180 814 1245; x_wconf 83' lang='grc' dir='ltr'><strong><em>λόω</em></strong></span> <span class='ocrx_word' id='word_1_100' title='bbox 828 1208 878 1246; x_wconf 87' lang='grc' dir='ltr'><strong><em>και</em></strong></span> <span class='ocrx_word' id='word_1_101' title='bbox 869 1184 1013 1263; x_wconf 86' lang='grc' dir='ltr'><strong><em>αφίημι.</em></strong></span> <span class='ocrx_word' id='word_1_102' title='bbox 1016 1184 1037 1221; x_wconf 83' lang='grc'><strong>“</strong></span> 
     </span>
     <span class='ocr_line' id='line_1_13' title="bbox 105 1246 1036 1374; baseline -0.001 -45"><span class='ocrx_word' id='word_1_103' title='bbox 105 1270 196 1330; x_wconf 77' lang='grc' dir='ltr'><strong><em>ταῦτα</em></strong></span> <span class='ocrx_word' id='word_1_104' title='bbox 206 1266 240 1328; x_wconf 84' lang='grc' dir='ltr'><strong><em>δέ</em></strong></span> <span class='ocrx_word' id='word_1_105' title='bbox 252 1246 441 1346; x_wconf 88' lang='grc' dir='ltr'><strong><em>όμοσάντων’</em></strong></span> <span class='ocrx_word' id='word_1_106' title='bbox 440 1272 594 1374; x_wconf 73' lang='grc' dir='ltr'><strong><em>Αθηναῖοι</em></strong></span> <span class='ocrx_word' id='word_1_107' title='bbox 603 1264 713 1342; x_wconf 89' lang='grc' dir='ltr'><strong><em>πάντες</em></strong></span> <span class='ocrx_word' id='word_1_108' title='bbox 723 1266 795 1331; x_wconf 83' lang='grc' dir='ltr'><strong><em>καθ’</em></strong></span> <span class='ocrx_word' id='word_1_109' title='bbox 808 1271 898 1350; x_wconf 78' lang='grc' dir='ltr'><strong><em>ιερῶν</em></strong></span> <span class='ocrx_word' id='word_1_110' title='bbox 904 1269 982 1331; x_wconf 83' lang='grc' dir='ltr'><strong><em>τελε</em></strong></span> <span class='ocrx_word' id='word_1_111' title='bbox 980 1292 1036 1347; x_wconf 84' lang='grc' dir='ltr'><strong><em>ων,</em></strong></span> 
     </span>
     <span class='ocr_line' id='line_1_14' title="bbox 106 1345 1038 1460; baseline -0.002 -46"><span class='ocrx_word' id='word_1_112' title='bbox 106 1345 158 1414; x_wconf 79' lang='grc' dir='ltr'><strong><em>τὸν</em></strong></span> <span class='ocrx_word' id='word_1_113' title='bbox 183 1352 309 1432; x_wconf 90' lang='grc' dir='ltr'><strong><em>νόμιμον</em></strong></span> <span class='ocrx_word' id='word_1_114' title='bbox 324 1351 441 1460; x_wconf 79' lang='grc' dir='ltr'><strong><em>ορκον,</em></strong></span> <span class='ocrx_word' id='word_1_115' title='bbox 467 1352 524 1434; x_wconf 90' lang='grc' dir='ltr'><strong><em>πρὸ</em></strong></span> <span class='ocrx_word' id='word_1_116' title='bbox 552 1355 736 1415; x_wconf 76' lang='grc' dir='ltr'><strong><em>Διονυσίων</em></strong></span> <span class='ocrx_word' id='word_1_117' title='bbox 776 1354 829 1415; x_wconf 84' lang='grc' dir='ltr'><strong><em>καί</em></strong></span> <span class='ocrx_word' id='word_1_118' title='bbox 854 1353 1038 1458; x_wconf 77' lang='grc' dir='ltr'><strong><em>ἐπεύχεσθαι</em></strong></span> 
     </span>
     <span class='ocr_line' id='line_1_15' title="bbox 106 1431 1034 1542; baseline -0.003 -42"><span class='ocrx_word' id='word_1_119' title='bbox 106 1436 279 1542; x_wconf 75' lang='grc' dir='ltr'><strong><em>εὐορκοῦντι</em></strong></span> <span class='ocrx_word' id='word_1_120' title='bbox 299 1434 355 1517; x_wconf 78' lang='grc' dir='ltr'><strong><em>μὲν</em></strong></span> <span class='ocrx_word' id='word_1_121' title='bbox 370 1431 446 1499; x_wconf 79' lang='grc' dir='ltr'><strong><em>εἶναι</em></strong></span> <span class='ocrx_word' id='word_1_122' title='bbox 467 1436 559 1499; x_wconf 79' lang='grc' dir='ltr'><strong><em>πολλὰ</em></strong></span> <span class='ocrx_word' id='word_1_123' title='bbox 581 1438 633 1500; x_wconf 86' lang='grc' dir='ltr'><strong><em>καί</em></strong></span> <span class='ocrx_word' id='word_1_124' title='bbox 651 1436 771 1521; x_wconf 81' lang='grc' dir='ltr'><strong><em>ἀγαθά,</em></strong></span> <span class='ocrx_word' id='word_1_125' title='bbox 794 1437 980 1520; x_wconf 78' lang='grc' dir='ltr'><strong><em>ἐπιορκοῦντι</em></strong></span> <span class='ocrx_word' id='word_1_126' title='bbox 1003 1434 1034 1498; x_wconf 90' lang='grc' dir='ltr'><strong><em>δ’</em></strong></span> 
     </span>
     <span class='ocr_line' id='line_1_16' title="bbox 107 1516 575 1602; baseline 0 -19"><span class='ocrx_word' id='word_1_127' title='bbox 107 1520 199 1601; x_wconf 74' lang='grc' dir='ltr'><strong><em>ἐξώλη</em></strong></span> <span class='ocrx_word' id='word_1_128' title='bbox 214 1519 309 1583; x_wconf 82' lang='grc' dir='ltr'><strong><em>αὐτὸν</em></strong></span> <span class='ocrx_word' id='word_1_129' title='bbox 323 1516 400 1584; x_wconf 80' lang='grc' dir='ltr'><strong><em>εἶναι</em></strong></span> <span class='ocrx_word' id='word_1_130' title='bbox 414 1523 466 1583; x_wconf 88' lang='grc' dir='ltr'><strong><em>και</em></strong></span> <span class='ocrx_word' id='word_1_131' title='bbox 479 1547 510 1602; x_wconf 97' lang='grc' dir='ltr'><strong><em>γ</em></strong></span> <span class='ocrx_word' id='word_1_132' title='bbox 499 1521 575 1596; x_wconf 87' lang='grc' dir='ltr'><strong><em>ε’νος.</em></strong></span> 
     </span>
    </p>
   </div>
   <div class='ocr_carea' id='block_1_3' title="bbox 62 1603 1099 3024">
    <p class='ocr_par' dir='ltr' id='par_1_3' title="bbox 62 1603 1099 3024">
     <span class='ocr_line' id='line_1_17' title="bbox 142 1603 1083 1736; baseline -0.002 -53"><span class='ocrx_word' id='word_1_133' title='bbox 142 1614 314 1736; x_wconf 77' lang='grc' dir='ltr'><strong><em>Πότερον,</em></strong></span> <span class='ocrx_word' id='word_1_134' title='bbox 335 1603 360 1680; x_wconf 82' lang='grc' dir='ltr'><strong><em>ἀ</em></strong></span> <span class='ocrx_word' id='word_1_135' title='bbox 380 1614 578 1701; x_wconf 85' lang='grc' dir='ltr'><strong><em>συκοφάντα</em></strong></span> <span class='ocrx_word' id='word_1_136' title='bbox 591 1641 648 1682; x_wconf 90' lang='grc' dir='ltr'><strong><em>και</em></strong></span> <span class='ocrx_word' id='word_1_137' title='bbox 638 1616 860 1703; x_wconf 79' lang='grc' dir='ltr'><strong><em>ἐπίτριπτον</em></strong></span> <span class='ocrx_word' id='word_1_138' title='bbox 879 1617 1083 1698; x_wconf 85' lang='grc' dir='ltr'><strong><em>κίναδος,00</em></strong></span> 
     </span>
     <span class='ocr_line' id='line_1_18' title="bbox 62 1710 1033 1804; baseline -0.003 -20"><span class='ocrx_word' id='word_1_139' title='bbox 62 1716 181 1804; x_wconf 85' lang='grc' dir='ltr'><strong><em>κάρως</em></strong></span> <span class='ocrx_word' id='word_1_140' title='bbox 208 1712 225 1782; x_wconf 87' lang='grc' dir='ltr'>ὁ</span> <span class='ocrx_word' id='word_1_141' title='bbox 249 1714 353 1802; x_wconf 90' lang='grc' dir='ltr'><strong><em>νόμος</em></strong></span> <span class='ocrx_word' id='word_1_142' title='bbox 377 1710 429 1784; x_wconf 87' lang='grc' dir='ltr'><strong><em>οδ’</em></strong></span> <span class='ocrx_word' id='word_1_143' title='bbox 460 1711 595 1785; x_wconf 75' lang='grc' dir='ltr'><strong><em>ἐστίν’“</em></strong></span> <span class='ocrx_word' id='word_1_144' title='bbox 576 1743 597 1800; x_wconf 91' lang='grc' dir='ltr'><strong><em>η</em></strong></span> <span class='ocrx_word' id='word_1_145' title='bbox 621 1742 661 1784; x_wconf 93' lang='grc' dir='ltr'><strong><em>ου</em></strong></span> <span class='ocrx_word' id='word_1_146' title='bbox 652 1713 822 1804; x_wconf 71' lang='grc' dir='ltr'><strong><em>’κύριοςς</em></strong></span> <span class='ocrx_word' id='word_1_147' title='bbox 850 1716 906 1784; x_wconf 82' lang='grc' dir='ltr'><strong><em>διὰ</em></strong></span> <span class='ocrx_word' id='word_1_148' title='bbox 927 1716 1033 1782; x_wconf 80' lang='grc' dir='ltr'><strong><em>τοῦτο</em></strong></span> 
     </span>
     <span class='ocr_line' id='line_1_19' title="bbox 63 1814 1036 1906; baseline -0.002 -20"><span class='ocrx_word' id='word_1_149' title='bbox 63 1816 97 1886; x_wconf 83' lang='grc' dir='ltr'><strong><em>δ’</em></strong></span> <span class='ocrx_word' id='word_1_150' title='bbox 118 1814 211 1904; x_wconf 80' lang='grc' dir='ltr'><strong><em>οἶμαι</em></strong></span> <span class='ocrx_word' id='word_1_151' title='bbox 228 1818 404 1905; x_wconf 76' lang='grc' dir='ltr'><strong><em>γεγένηται</em></strong></span> <span class='ocrx_word' id='word_1_152' title='bbox 422 1814 565 1906; x_wconf 85' lang='grc' dir='ltr'><strong><em>ἀκυρος,</em></strong></span> <span class='ocrx_word' id='word_1_153' title='bbox 584 1815 634 1885; x_wconf 85' lang='grc' dir='ltr'><strong><em>ὅτι</em></strong></span> <span class='ocrx_word' id='word_1_154' title='bbox 651 1843 689 1885; x_wconf 95' lang='grc' dir='ltr'><strong><em>το</em></strong></span> <span class='ocrx_word' id='word_1_155' title='bbox 698 1833 728 1896; x_wconf 83' lang='grc' dir='ltr'><strong><em>ῖς</em></strong></span> <span class='ocrx_word' id='word_1_156' title='bbox 746 1817 862 1904; x_wconf 89' lang='grc' dir='ltr'><strong><em>νόμοις</em></strong></span> <span class='ocrx_word' id='word_1_157' title='bbox 881 1820 936 1884; x_wconf 79' lang='grc' dir='ltr'><strong><em>δεῖ</em></strong></span> <span class='ocrx_word' id='word_1_158' title='bbox 951 1817 1036 1903; x_wconf 75' lang='grc' dir='ltr'><strong><em>χρῆ·</em></strong></span> 
     </span>
     <span class='ocr_line' id='line_1_20' title="bbox 63 1914 1031 2008; baseline -0.004 -21"><span class='ocrx_word' id='word_1_159' title='bbox 63 1928 146 1988; x_wconf 86' lang='grc' dir='ltr'><strong><em>σθαι</em></strong></span> <span class='ocrx_word' id='word_1_160' title='bbox 164 1914 222 1987; x_wconf 85' lang='grc' dir='ltr'><strong><em>ἀπ’</em></strong></span> <span class='ocrx_word' id='word_1_161' title='bbox 241 1916 431 1988; x_wconf 79' lang='grc' dir='ltr'><strong><em>Εὐκλείδου</em></strong></span> <span class='ocrx_word' id='word_1_162' title='bbox 451 1916 621 2008; x_wconf 76' lang='grc' dir='ltr'><strong><em>ἄρχοντος.</em></strong></span> <span class='ocrx_word' id='word_1_163' title='bbox 650 1920 708 1986; x_wconf 83' lang='grc' dir='ltr'><strong><em>καί</em></strong></span> <span class='ocrx_word' id='word_1_164' title='bbox 722 1918 764 1987; x_wconf 76' lang='grc' dir='ltr'><strong><em>σι)</em></strong></span> <span class='ocrx_word' id='word_1_165' title='bbox 783 1923 842 2007; x_wconf 76' lang='grc' dir='ltr'><strong><em>ζῇς</em></strong></span> <span class='ocrx_word' id='word_1_166' title='bbox 861 1919 918 1986; x_wconf 79' lang='grc' dir='ltr'><strong><em>καί</em></strong></span> <span class='ocrx_word' id='word_1_167' title='bbox 937 1941 1031 2005; x_wconf 91' lang='grc' dir='ltr'><strong><em>περι-</em></strong></span> 
     </span>
     <span class='ocr_line' id='line_1_21' title="bbox 64 2016 1032 2109; baseline -0.001 -21"><span class='ocrx_word' id='word_1_168' title='bbox 64 2023 147 2109; x_wconf 77' lang='grc' dir='ltr'><strong><em>έρχῃ</em></strong></span> <span class='ocrx_word' id='word_1_169' title='bbox 165 2021 228 2106; x_wconf 81' lang='grc' dir='ltr'><strong><em>τίγν</em></strong></span> <span class='ocrx_word' id='word_1_170' title='bbox 247 2020 345 2088; x_wconf 88' lang='grc' dir='ltr'><strong><em>πόλιν</em></strong></span> <span class='ocrx_word' id='word_1_171' title='bbox 362 2021 509 2108; x_wconf 77' lang='grc' dir='ltr'><strong><em>ταύτην,</em></strong></span> <span class='ocrx_word' id='word_1_172' title='bbox 534 2018 598 2089; x_wconf 82' lang='grc' dir='ltr'><strong><em>οὐκ</em></strong></span> <span class='ocrx_word' id='word_1_173' title='bbox 615 2018 704 2101; x_wconf 81' lang='grc' dir='ltr'><strong><em>ἀξιος</em></strong></span> <span class='ocrx_word' id='word_1_174' title='bbox 723 2017 787 2089; x_wconf 78' lang='grc' dir='ltr'><strong><em>ἀν·</em></strong></span> <span class='ocrx_word' id='word_1_175' title='bbox 813 2016 850 2100; x_wconf 77' lang='grc' dir='ltr'><strong><em>ὃς</em></strong></span> <span class='ocrx_word' id='word_1_176' title='bbox 870 2021 907 2088; x_wconf 93' lang='grc' dir='ltr'><strong><em>ἐν</em></strong></span> <span class='ocrx_word' id='word_1_177' title='bbox 926 2024 1032 2107; x_wconf 86' lang='grc' dir='ltr'><strong><em>δημο-</em></strong></span> 
     </span>
     <span class='ocr_line' id='line_1_22' title="bbox 63 2117 1035 2211; baseline -0.003 -21"><span class='ocrx_word' id='word_1_178' title='bbox 63 2128 186 2211; x_wconf 81' lang='grc' dir='ltr'><strong><em>κρατίᾳ</em></strong></span> <span class='ocrx_word' id='word_1_179' title='bbox 213 2120 275 2210; x_wconf 73' lang='grc' dir='ltr'><strong><em>μὲν</em></strong></span> <span class='ocrx_word' id='word_1_180' title='bbox 294 2125 521 2209; x_wconf 81' lang='grc' dir='ltr'><strong><em>συκοφαντῶν</em></strong></span> <span class='ocrx_word' id='word_1_181' title='bbox 541 2128 630 2211; x_wconf 80' lang='grc' dir='ltr'><strong><em>ἔζης,</em></strong></span> <span class='ocrx_word' id='word_1_182' title='bbox 655 2125 692 2192; x_wconf 89' lang='grc' dir='ltr'><strong><em>ἐν</em></strong></span> <span class='ocrx_word' id='word_1_183' title='bbox 710 2121 887 2211; x_wconf 79' lang='grc' dir='ltr'><strong><em>ὀλιγαρχίᾳ</em></strong></span> <span class='ocrx_word' id='word_1_184' title='bbox 905 2122 962 2208; x_wconf 81' lang='grc' dir='ltr'><strong><em>δέ,</em></strong></span> <span class='ocrx_word' id='word_1_185' title='bbox 988 2117 1035 2199; x_wconf 78' lang='grc' dir='ltr'><strong><em>είς</em></strong></span> 
     </span>
     <span class='ocr_line' id='line_1_23' title="bbox 64 2220 1038 2312; baseline -0.002 -20"><span class='ocrx_word' id='word_1_186' title='bbox 64 2224 111 2311; x_wconf 83' lang='grc' dir='ltr'><strong><em>μὴ</em></strong></span> <span class='ocrx_word' id='word_1_187' title='bbox 128 2222 379 2312; x_wconf 74' lang='grc' dir='ltr'><strong><em>ἀναγκασθείης</em></strong></span> <span class='ocrx_word' id='word_1_188' title='bbox 403 2223 443 2291; x_wconf 85' lang='grc' dir='ltr'><strong><em>τά</em></strong></span> <span class='ocrx_word' id='word_1_189' title='bbox 462 2224 614 2312; x_wconf 79' lang='grc' dir='ltr'><strong><em>χρήματα</em></strong></span> <span class='ocrx_word' id='word_1_190' title='bbox 632 2222 828 2293; x_wconf 78' lang='grc' dir='ltr'><strong><em>ἀποδοῦναι</em></strong></span> <span class='ocrx_word' id='word_1_191' title='bbox 851 2220 914 2292; x_wconf 80' lang='grc' dir='ltr'><strong><em>ὅσα</em></strong></span> <span class='ocrx_word' id='word_1_192' title='bbox 933 2242 1038 2292; x_wconf 90' lang='grc' dir='ltr'><strong><em>συκο-</em></strong></span> 
     </span>
     <span class='ocr_line' id='line_1_24' title="bbox 65 2322 1099 2414; baseline -0.003 -19"><span class='ocrx_word' id='word_1_193' title='bbox 65 2329 207 2408; x_wconf 84' lang='grc' dir='ltr'><strong><em>φαντῶν</em></strong></span> <span class='ocrx_word' id='word_1_194' title='bbox 228 2330 362 2413; x_wconf 77' lang='grc' dir='ltr'><strong><em>ἔλαβες,</em></strong></span> <span class='ocrx_word' id='word_1_195' title='bbox 388 2325 565 2404; x_wconf 74' lang='grc' dir='ltr'><strong><em>ἐδούλευες</em></strong></span> <span class='ocrx_word' id='word_1_196' title='bbox 583 2342 655 2405; x_wconf 79' lang='grc' dir='ltr'><strong><em>τοῖς</em></strong></span> <span class='ocrx_word' id='word_1_197' title='bbox 676 2326 865 2414; x_wconf 85' lang='grc' dir='ltr'><strong><em>τριοίκοντα.</em></strong></span> <span class='ocrx_word' id='word_1_198' title='bbox 902 2322 975 2393; x_wconf 85' lang='grc' dir='ltr'><strong><em>είτα</em></strong></span> <span class='ocrx_word' id='word_1_199' title='bbox 993 2323 1036 2393; x_wconf 80' lang='grc' dir='ltr'>σύ</span> <span class='ocrx_word' id='word_1_200' title='bbox 1049 2342 1099 2392; x_wconf 92' lang='grc'><strong><em>100</em></strong></span> 
     </span>
     <span class='ocr_line' id='line_1_25' title="bbox 66 2428 1039 2517; baseline -0.002 -21"><span class='ocrx_word' id='word_1_201' title='bbox 66 2429 144 2517; x_wconf 82' lang='grc' dir='ltr'><strong><em>περὶ</em></strong></span> <span class='ocrx_word' id='word_1_202' title='bbox 169 2428 332 2516; x_wconf 81' lang='grc' dir='ltr'><strong><em>ἑταιρείας</em></strong></span> <span class='ocrx_word' id='word_1_203' title='bbox 365 2428 437 2513; x_wconf 79' lang='grc' dir='ltr'><strong><em>ἐμοὶ</em></strong></span> <span class='ocrx_word' id='word_1_204' title='bbox 469 2434 590 2514; x_wconf 84' lang='grc' dir='ltr'><strong><em>μνείαν</em></strong></span> <span class='ocrx_word' id='word_1_205' title='bbox 617 2430 697 2516; x_wconf 82' lang='grc' dir='ltr'><strong><em>ποιῇ</em></strong></span> <span class='ocrx_word' id='word_1_206' title='bbox 721 2429 779 2495; x_wconf 89' lang='grc' dir='ltr'><strong><em>καὶ</em></strong></span> <span class='ocrx_word' id='word_1_207' title='bbox 806 2431 917 2505; x_wconf 78' lang='grc' dir='ltr'><strong><em>κακῶς</em></strong></span> <span class='ocrx_word' id='word_1_208' title='bbox 945 2452 1039 2505; x_wconf 90' lang='grc' dir='ltr'><strong><em>τινας</em></strong></span> 
     </span>
     <span class='ocr_line' id='line_1_26' title="bbox 66 2524 1038 2616; baseline -0.002 -20"><span class='ocrx_word' id='word_1_209' title='bbox 66 2529 191 2616; x_wconf 84' lang='grc' dir='ltr'><strong><em>λέγεις;</em></strong></span> <span class='ocrx_word' id='word_1_210' title='bbox 216 2524 254 2608; x_wconf 81' lang='grc' dir='ltr'><strong><em>ὃς</em></strong></span> <span class='ocrx_word' id='word_1_211' title='bbox 274 2530 324 2597; x_wconf 82' lang='grc' dir='ltr'><strong><em>ἑνί</em></strong></span> <span class='ocrx_word' id='word_1_212' title='bbox 343 2528 406 2616; x_wconf 81' lang='grc' dir='ltr'><strong><em>μέν</em></strong></span> <span class='ocrx_word' id='word_1_213' title='bbox 424 2527 488 2615; x_wconf 80' lang='grc' dir='ltr'><strong><em>οὐχ</em></strong></span> <span class='ocrx_word' id='word_1_214' title='bbox 506 2527 689 2616; x_wconf 79' lang='grc' dir='ltr'><strong><em>ἡταίρησας</em></strong></span> <span class='ocrx_word' id='word_1_215' title='bbox 709 2566 753 2574; x_wconf 93' lang='grc'>-</span> <span class='ocrx_word' id='word_1_216' title='bbox 778 2530 891 2606; x_wconf 73' lang='grc' dir='ltr'><strong><em>καλῶς</em></strong></span> <span class='ocrx_word' id='word_1_217' title='bbox 909 2527 976 2616; x_wconf 88' lang='grc' dir='ltr'><strong><em>γάρ</em></strong></span> <span class='ocrx_word' id='word_1_218' title='bbox 995 2524 1038 2594; x_wconf 86' lang='grc' dir='ltr'><strong><em>ἀν</em></strong></span> 
     </span>
     <span class='ocr_line' id='line_1_27' title="bbox 66 2627 1040 2719; baseline -0.005 -20"><span class='ocrx_word' id='word_1_219' title='bbox 66 2652 119 2699; x_wconf 91' lang='grc' dir='ltr'><strong><em>σοι</em></strong></span> <span class='ocrx_word' id='word_1_220' title='bbox 137 2629 204 2716; x_wconf 84' lang='grc' dir='ltr'><strong><em>εἶχε</em></strong></span> <span class='ocrx_word' id='word_1_221' title='bbox 225 2670 291 2718; x_wconf 82' lang='lat'><strong><em>-,</em></strong></span> <span class='ocrx_word' id='word_1_222' title='bbox 316 2630 547 2719; x_wconf 81' lang='grc' dir='ltr'><strong><em>πραττόμενος</em></strong></span> <span class='ocrx_word' id='word_1_223' title='bbox 573 2628 606 2698; x_wconf 90' lang='grc' dir='ltr'><strong><em>δ’</em></strong></span> <span class='ocrx_word' id='word_1_224' title='bbox 627 2627 668 2698; x_wconf 85' lang='grc' dir='ltr'><strong><em>οά</em></strong></span> <span class='ocrx_word' id='word_1_225' title='bbox 689 2629 777 2698; x_wconf 84' lang='grc' dir='ltr'><strong><em>πολδ</em></strong></span> <span class='ocrx_word' id='word_1_226' title='bbox 796 2627 961 2718; x_wconf 71' lang='grc' dir='ltr'><strong><em>ἀργύριον</em></strong></span> <span class='ocrx_word' id='word_1_227' title='bbox 979 2628 1040 2695; x_wconf 86' lang='grc' dir='ltr'><strong><em>τόν</em></strong></span> 
     </span>
     <span class='ocr_line' id='line_1_28' title="bbox 66 2722 1040 2821; baseline -0.004 -20"><span class='ocrx_word' id='word_1_228' title='bbox 66 2732 278 2819; x_wconf 83' lang='grc' dir='ltr'><strong><em>βουλόμενον</em></strong></span> <span class='ocrx_word' id='word_1_229' title='bbox 301 2730 520 2821; x_wconf 78' lang='grc' dir='ltr'><strong><em>ἀνθρώπων,</em></strong></span> <span class='ocrx_word' id='word_1_230' title='bbox 547 2729 593 2811; x_wconf 77' lang='grc' dir='ltr'><strong><em>ὥς</em></strong></span> <span class='ocrx_word' id='word_1_231' title='bbox 617 2722 712 2801; x_wconf 81' lang='grc' dir='ltr'><strong><em>οὗτοι</em></strong></span> <span class='ocrx_word' id='word_1_232' title='bbox 731 2740 860 2819; x_wconf 76' lang='grc' dir='ltr'><strong><em>ἴσασιν,</em></strong></span> <span class='ocrx_word' id='word_1_233' title='bbox 889 2730 944 2798; x_wconf 80' lang='grc' dir='ltr'><strong><em>ἐπὶ</em></strong></span> <span class='ocrx_word' id='word_1_234' title='bbox 968 2744 1040 2810; x_wconf 75' lang='grc' dir='ltr'><strong><em>τοῖς</em></strong></span> 
     </span>
     <span class='ocr_line' id='line_1_29' title="bbox 67 2830 1040 2922; baseline -0.002 -21"><span class='ocrx_word' id='word_1_235' title='bbox 67 2840 253 2919; x_wconf 83' lang='grc' dir='ltr'><strong><em>αἰσχίστοις</em></strong></span> <span class='ocrx_word' id='word_1_236' title='bbox 279 2840 388 2921; x_wconf 79' lang='grc' dir='ltr'><strong><em>ἔργοις</em></strong></span> <span class='ocrx_word' id='word_1_237' title='bbox 416 2840 508 2922; x_wconf 76' lang='grc' dir='ltr'><strong><em>ἔζης,</em></strong></span> <span class='ocrx_word' id='word_1_238' title='bbox 535 2835 724 2902; x_wconf 82' lang='grc' dir='ltr'><strong><em>καὶταῦτα</em></strong></span> <span class='ocrx_word' id='word_1_239' title='bbox 751 2830 841 2902; x_wconf 77' lang='grc' dir='ltr'><strong><em>οὕτω</em></strong></span> <span class='ocrx_word' id='word_1_240' title='bbox 867 2832 1040 2921; x_wconf 82' lang='grc' dir='ltr'><strong><em>μοχθηρὸς</em></strong></span> 
     </span>
     <span class='ocr_line' id='line_1_30' title="bbox 68 2925 1040 3024; baseline -0.002 -21"><span class='ocrx_word' id='word_1_241' title='bbox 68 2931 117 3003; x_wconf 77' lang='grc' dir='ltr'><strong><em>ὧν</em></strong></span> <span class='ocrx_word' id='word_1_242' title='bbox 147 2936 209 3021; x_wconf 80' lang='grc' dir='ltr'><strong><em>τὴν</em></strong></span> <span class='ocrx_word' id='word_1_243' title='bbox 243 2937 348 3006; x_wconf 82' lang='grc' dir='ltr'><strong><em>ἰδίαν.</em></strong></span> <span class='ocrx_word' id='word_1_244' title='bbox 396 2935 471 3003; x_wconf 90' lang='grc' dir='ltr'><strong><em>ἀλλ’</em></strong></span> <span class='ocrx_word' id='word_1_245' title='bbox 506 2932 596 3023; x_wconf 81' lang='grc' dir='ltr'><strong><em>ὅμως</em></strong></span> <span class='ocrx_word' id='word_1_246' title='bbox 627 2925 726 3015; x_wconf 85' lang='grc' dir='ltr'><strong><em>οὗτος</em></strong></span> <span class='ocrx_word' id='word_1_247' title='bbox 759 2936 884 3024; x_wconf 80' lang='grc' dir='ltr'><strong><em>ἐτέρων</em></strong></span> <span class='ocrx_word' id='word_1_248' title='bbox 916 2932 1040 3022; x_wconf 89' lang='grc' dir='ltr'><strong><em>ἐτόλμα</em></strong></span> 
     </span>
    </p>
   </div>
   <div class='ocr_carea' id='block_1_4' title="bbox 135 3062 931 3187">
    <p class='ocr_par' dir='ltr' id='par_1_4' title="bbox 135 3062 931 3184">
     <span class='ocr_line' id='line_1_31' title="bbox 135 3062 931 3145; baseline -0.001 -29"><span class='ocrx_word' id='word_1_249' title='bbox 135 3056 412 3145; x_wconf 77' lang='grc' dir='ltr'><strong><em>συγκαταστήσειλ.</em></strong></span> <span class='ocrx_word' id='word_1_250' title='bbox 434 3090 467 3099; x_wconf 97' lang='grc'><strong>-</strong></span> <span class='ocrx_word' id='word_1_251' title='bbox 491 3062 658 3129; x_wconf 84' lang='grc' dir='ltr'><strong><em>κτείναντα]</em></strong></span> <span class='ocrx_word' id='word_1_252' title='bbox 679 3064 831 3116; x_wconf 85' lang='grc' dir='ltr'><strong><em>κτείνοντα</em></strong></span> <span class='ocrx_word' id='word_1_253' title='bbox 851 3065 931 3119; x_wconf 83' lang='lat' dir='ltr'><strong>BLZ.</strong></span> 
     </span>
     <span class='ocr_line' id='line_1_32' title="bbox 136 3126 468 3187; baseline -0.006 -3"><span class='ocrx_word' id='word_1_254' title='bbox 136 3134 178 3187; x_wconf 84' lang='grc'><strong><em>98.</em></strong></span> <span class='ocrx_word' id='word_1_255' title='bbox 196 3126 346 3184; x_wconf 79' lang='grc' dir='ltr'><strong><em>ἀποθάνοι</em></strong></span> <span class='ocrx_word' id='word_1_256' title='bbox 363 3133 468 3183; x_wconf 82' lang='lat' dir='ltr'><strong>ABLZ.</strong></span> 
     </span>
    </p>
   </div>
   <div class='ocr_carea' id='block_1_5' title="bbox 67 3193 1042 3606">
    <p class='ocr_par' dir='ltr' id='par_1_5' title="bbox 67 3193 1042 3606">
     <span class='ocr_line' id='line_1_33' title="bbox 137 3193 1041 3267; baseline -0.002 -16"><span class='ocrx_word' id='word_1_257' title='bbox 137 3203 178 3252; x_wconf 83' lang='grc'><strong><em>99.</em></strong></span> <span class='ocrx_word' id='word_1_258' title='bbox 190 3193 357 3267; x_wconf 83' lang='grc' dir='ltr'><strong><em>επίτριπτον</em></strong></span> <span class='ocrx_word' id='word_1_259' title='bbox 365 3198 485 3260; x_wconf 89' lang='grc' dir='ltr'><strong><em>κίναδος</em></strong></span> <span class='ocrx_word' id='word_1_260' title='bbox 500 3205 544 3250; x_wconf 79' lang='lat' dir='ltr'><strong><em>est</em></strong></span> <span class='ocrx_word' id='word_1_261' title='bbox 557 3215 602 3266; x_wconf 79' lang='lat' dir='ltr'><strong><em>ap.</em></strong></span> <span class='ocrx_word' id='word_1_262' title='bbox 613 3199 695 3264; x_wconf 83' lang='lat' dir='ltr'>Soph</span> <span class='ocrx_word' id='word_1_263' title='bbox 706 3200 860 3253; x_wconf 74' lang='lat' dir='ltr'><strong>Ai.103.-</strong></span> <span class='ocrx_word' id='word_1_264' title='bbox 875 3193 973 3264; x_wconf 77' lang='grc' dir='ltr'><strong><em>(κατὰ)</em></strong></span> <span class='ocrx_word' id='word_1_265' title='bbox 987 3193 1041 3263; x_wconf 82' lang='grc' dir='ltr'><strong><em>τὴν</em></strong></span> 
     </span>
     <span class='ocr_line' id='line_1_34' title="bbox 67 3269 1041 3455; baseline 0.001 -70"><span class='ocrx_word' id='word_1_266' title='bbox 67 3286 98 3319; x_wconf 64' lang='grc' dir='ltr'><strong><em>π</em></strong></span> <span class='ocrx_word' id='word_1_267' title='bbox 117 3269 196 3416; x_wconf 62' lang='lat' dir='ltr'>WNJQ.</span> <span class='ocrx_word' id='word_1_268' title='bbox 216 3327 429 3455; x_wconf 62' lang='grc' dir='ltr'><strong><em>ἑταιρείας)</em></strong></span> <span class='ocrx_word' id='word_1_269' title='bbox 384 3335 423 3387; x_wconf 82' lang='lat' dir='ltr'><strong><em>ef</em></strong></span> <span class='ocrx_word' id='word_1_270' title='bbox 442 3336 546 3401; x_wconf 55' lang='lat' dir='ltr'><strong>Harpa</strong></span> <span class='ocrx_word' id='word_1_271' title='bbox 565 3330 649 3394; x_wconf 84' lang='grc' dir='ltr'><strong><em>ἰδίως</em></strong></span> <span class='ocrx_word' id='word_1_272' title='bbox 660 3326 762 3386; x_wconf 85' lang='grc' dir='ltr'><strong><em>ἐπίτ</em></strong></span> <span class='ocrx_word' id='word_1_273' title='bbox 745 3327 964 3400; x_wconf 84' lang='grc' dir='ltr'><strong><em>ςεταιρησεως</em></strong></span> <span class='ocrx_word' id='word_1_274' title='bbox 976 3350 1041 3386; x_wconf 91' lang='grc' dir='ltr'><strong><em>τον</em></strong></span> 
     </span>
     <span class='ocr_line' id='line_1_35' title="bbox 67 3394 1042 3470; baseline -0.004 -15"><span class='ocrx_word' id='word_1_275' title='bbox 67 3397 343 3470; x_wconf 81' lang='grc' dir='ltr'><strong><em>νοματέταχενἈνδ</em></strong></span> <span class='ocrx_word' id='word_1_276' title='bbox 369 3398 637 3470; x_wconf 72' lang='grc' dir='ltr'><strong><em>ντηπερλτμνστ.</em></strong></span> <span class='ocrx_word' id='word_1_277' title='bbox 656 3394 807 3469; x_wconf 79' lang='grc' dir='ltr'><strong><em>ἀπολογίᾳ.</em></strong></span> <span class='ocrx_word' id='word_1_278' title='bbox 826 3405 912 3455; x_wconf 89' lang='lat' dir='ltr'><strong>Immo</strong></span> <span class='ocrx_word' id='word_1_279' title='bbox 922 3402 1042 3453; x_wconf 77' lang='lat' dir='ltr'><strong>adhunc</strong></span> 
     </span>
     <span class='ocr_line' id='line_1_36' title="bbox 68 3469 1041 3536; baseline -0.001 -15"><span class='ocrx_word' id='word_1_280' title='bbox 68 3487 180 3523; x_wconf 77' lang='lat' dir='ltr'>sensum</span> <span class='ocrx_word' id='word_1_281' title='bbox 190 3471 294 3522; x_wconf 80' lang='lat' dir='ltr'><strong>Andoe.</strong></span> <span class='ocrx_word' id='word_1_282' title='bbox 310 3472 424 3523; x_wconf 78' lang='lat' dir='ltr'><strong>verbum</strong></span> <span class='ocrx_word' id='word_1_283' title='bbox 435 3469 595 3534; x_wconf 74' lang='lat' dir='ltr'>detorquet</span> <span class='ocrx_word' id='word_1_284' title='bbox 609 3469 719 3535; x_wconf 79' lang='lat' dir='ltr'>vulgari</span> <span class='ocrx_word' id='word_1_285' title='bbox 735 3486 787 3521; x_wconf 85' lang='grc' dir='ltr'><strong><em>ιιειι</em></strong></span> <span class='ocrx_word' id='word_1_286' title='bbox 800 3470 836 3521; x_wconf 81' lang='lat' dir='ltr'><strong><em>ab</em></strong></span> <span class='ocrx_word' id='word_1_287' title='bbox 850 3470 949 3536; x_wconf 78' lang='lat' dir='ltr'><strong>Epieh.</strong></span> <span class='ocrx_word' id='word_1_288' title='bbox 960 3484 1041 3520; x_wconf 83' lang='grc' dir='ltr'><strong><em>ιιειιι-</em></strong></span> 
     </span>
     <span class='ocr_line' id='line_1_37' title="bbox 69 3528 1042 3606; baseline -0.001 -15"><span class='ocrx_word' id='word_1_289' title='bbox 69 3545 171 3606; x_wconf 85' lang='lat' dir='ltr'><strong>patum.</strong></span> <span class='ocrx_word' id='word_1_290' title='bbox 178 3531 424 3604; x_wconf 76' lang='grc' dir='ltr'><strong><em>-ἐτὲρωνοαιοΒ,</em></strong></span> <span class='ocrx_word' id='word_1_291' title='bbox 430 3538 563 3591; x_wconf 77' lang='lat' dir='ltr'><strong>etValek.</strong></span> <span class='ocrx_word' id='word_1_292' title='bbox 570 3538 634 3591; x_wconf 67' lang='lat' dir='ltr'><strong><em>Bk:</em></strong></span> <span class='ocrx_word' id='word_1_293' title='bbox 642 3528 770 3606; x_wconf 80' lang='grc' dir='ltr'><strong><em>ἐταιρῶν,</em></strong></span> <span class='ocrx_word' id='word_1_294' title='bbox 774 3536 1042 3605; x_wconf 49' lang='grc' dir='ltr'><strong><em>-ιιιαλὶιιιτολμᾷπ</em></strong></span> 
     </span>
    </p>
   </div>
   <div class='ocr_carea' id='block_1_6' title="bbox 0 0 1189 3916">
    <p class='ocr_par' dir='ltr' id='par_1_6' title="bbox 0 0 1189 3916">
     <span class='ocr_line' id='line_1_38' title="bbox 0 0 1189 3916; baseline 0 0"><span class='ocrx_word' id='word_1_295' title='bbox 0 0 1189 3916; x_wconf 95' lang='lat' dir='ltr'><strong><em> </em></strong></span> 
     </span>
    </p>
   </div>
  </div>
 </body>
</html>
