2340 3916
272 193 391 250 ΠΕΡΙ
409 192 843 251 ΠΑΡΑΠΡΕΣΒΕΙΑΣ.
980 190 1041 253 113

79 355 145 420 ἐῶν
156 350 345 436 προγόνους
357 359 545 436 μιμεῖσθαι,
563 346 605 417 οὐ
616 347 680 435 γὰρ
692 353 791 438 εἰσὶν,
804 350 888 421 ἀλλὰ
900 361 968 421 των
979 380 1041 420 κα-

81 458 150 518 λῶν
161 460 201 538 τῇ
214 453 309 519 πόλει
320 450 560 539 βουλευμάτων
571 447 714 535 ζηλωτὰς
730 448 814 519 είναι
824 461 1037 535 παρακαλεῖν.

78 558 144 618 νῦν
156 549 190 617 δ’
202 548 287 618 αὐτοὶ
306 549 486 635 πόρρωθεν
504 546 687 634 ἀρξάμενος
704 555 810 634 μικρῷ
822 553 921 636 δίειμι
931 554 1043 636 σαφέ-

10 669 62 726 172
79 669 205 733 στερον.
242 650 406 733 πρότερον
422 646 443 734 ή
456 649 551 725 πόλις
561 645 657 734 ήμῶν
669 645 825 733 εὐδόξησε
837 645 919 734 μετὰ
930 646 992 734 τήν
1002 652 1039 715 έν

78 756 244 831 Σαλαμῖνι
255 754 441 833 ναυμαχίαν
453 745 535 831 πρὸς
545 745 607 815 τὸν
615 749 761 832 Πέρσην,
779 749 911 815 καὶτῶν
922 755 1038 833 τειχῶν

78 844 144 913 ὑπὸ
155 847 415 933 τῶνβαρβάρων
425 845 664 929 πεπτωκότων,
675 846 807 931 εἰρήνης
819 842 850 912 δ’
865 842 1038 930 ὑπαρχού-

78 941 1038 1031 σηςπρὸςΛακεδαιμουίουςδιέμεινενήμῖντότήςδημοκρα-

77 1051 146 1122 τίας
157 1050 346 1129 πολίτευμα.
378 1047 659 1128 συνταραχθέντες
672 1043 707 1110 δὲ
722 1040 789 1109 ὑπό
800 1068 902 1109 τινων
912 1045 967 1110 καὶ
979 1071 1042 1111 κα-

78 1140 252 1219 ταστάντες
259 1139 341 1224 πρὸς
347 1146 628 1227 Λακεδαιμονίους
640 1146 685 1219 είς
696 1142 859 1228 πόλεμον,
870 1141 975 1209 πολλὰ
986 1153 1041 1217 καὶ

78 1239 244 1318 παθόντες
250 1238 334 1306 κακοὶ
347 1241 401 1306 καὶ
408 1239 612 1325 ποιήσαντες,
621 1240 810 1307 Μιλτιάδου
821 1249 882 1308 τοῦ
888 1247 1042 1327 Κίμωνος
1057 1257 1108 1312 333

82 1343 442 1422 προκηρυκευσαμένου
454 1336 537 1420 πρὸς
548 1342 840 1424 Λακεδαιμονίους,
849 1337 945 1419 ὄντος
957 1363 1041 1424 προ-

82 1439 188 1520 ξένου,
202 1436 348 1513 σπονδοὶς
359 1445 420 1502 τοῦ
431 1439 577 1522 πολέμου
584 1453 870 1525 πεντηκονταετεῖς
882 1441 1041 1525 ἐποιησά-

10 1561 64 1621 173
80 1546 177 1621 μεθα,
186 1535 394 1622 ἐχρησάμεθα
402 1534 558 1616 δὲαύταῖς
565 1542 619 1623 ἔτη
627 1543 845 1622 τριακαίδεκα.
867 1541 946 1608 ένδδ
958 1541 1039 1608 τού-

81 1643 181 1724 τῳτῷ
188 1634 813 1723 χρόνῳέτειχίσαμεντὸνΠειραιᾶκαὶτδ
827 1637 961 1723 βόρειον
972 1654 1039 1707 τεῖ-

80 1760 135 1818 χος
146 1732 415 1822 ᾠκοδομήσαμεν,
428 1732 547 1801 έκατὸν
560 1736 595 1803 δὲ
604 1736 746 1821 τριήρεις
758 1734 841 1818 πρὸς
854 1732 1039 1821 ταλςὺπαρ-

80 1832 1040 1919 χούσαιςἐναυπηγησάμεθα,τριακοσίουςδίππέαςπροσ-

80 1931 411 2016 κατεσκευασάμεθα,
434 1932 488 1997 καὶ
498 1939 706 2017 τριακοσίους
724 1933 866 2010 Σκύθας
884 1932 1037 2018 ἐπριάμε-

80 2039 137 2109 θα,
146 2028 267 2114 καὶτήν
279 2034 503 2116 δημοκρατίαν
508 2036 651 2117 βεβαίως
660 2040 796 2116 είχομεν.
810 2033 1042 2118 παρεμπεσόν-

79 2154 147 2195 των
159 2126 188 2195 δ’
205 2136 250 2206 εἰς
261 2126 323 2214 τήν
335 2136 504 2197 πολιτείαν
520 2128 617 2215 ἡμῶν
628 2127 690 2196 οὐκ
703 2133 892 2215 ἐλευθέρων
903 2128 1041 2214 ἀνθρω-

16 2246 20 2251 ·
83 2252 156 2296 πων
167 2230 221 2296 καὶ
233 2242 299 2307 τοῖς
310 2228 444 2311 τρόποις
457 2226 499 2295 οὐ
510 2235 652 2314 μετρίων
667 2229 767 2296 πάλιν
775 2227 1042 2316 πρδςΑίγινήτας

10 2352 68 2412 174
85 2333 130 2405 είς
137 2328 283 2413 πόλεμον
292 2329 503 2414 κατέστημεν,
511 2327 687 2396 κάνταῦθα
695 2327 1042 2417 οὐκόλίγαβλαβέντες

84 2434 142 2511 τῆς
154 2428 215 2512 μὲν
227 2427 359 2512 εἰρήνης
370 2427 644 2511 ἐπεθυμήσαμεν,
665 2425 858 2512 Ἀνδοκίδην
875 2423 908 2493 δ’
920 2432 1041 2513 ἐκπέμ-

84 2536 205 2604 ψαντες
222 2522 304 2606 πρός
320 2523 400 2603 τούς
416 2529 699 2610 Λακεδαιμονίους
716 2525 770 2591 καί
793 2526 871 2603 τούς
892 2527 1042 2612 συμπρέ-
1057 2535 1106 2591 336

83 2629 172 2707 σβεις
190 2623 326 2708 εἰρήνην
345 2628 399 2708 ἔτη
418 2623 596 2706 τριάκοντα
612 2619 796 2708 ήγάγομεν,
819 2619 916 2707 ήτόν
934 2628 1040 2708 δῆμον

81 2719 212 2806 ὑψηλὸν
222 2715 320 2807 ήρεν·
344 2729 429 2806 χίλια
441 2720 576 2806 μὲνγὰρ
588 2722 732 2788 τάλαντα
743 2718 971 2807 ἀνηνέγκαμεν
982 2749 1039 2789 νο-

81 2825 239 2905 μίσματος
252 2825 297 2897 είς
308 2817 370 2906 τήν
385 2818 586 2907 ἀκρόπολιν,
599 2821 716 2888 έκατόν
728 2821 763 2888 δέ
774 2825 918 2908 τριήρεις
930 2824 1041 2905 ἑτέρας

81 2919 385 3006 ἐναυπηγησάμεθα
403 2922 459 2987 καὶ
477 2927 677 2998 νεωσοίκους
692 2917 969 3010 ᾠκοδομήσαμεν,
991 2947 1043 3004 χι-

83 3026 174 3096 λίους
187 3020 222 3087 δὲ
233 3020 287 3086 καλ
300 3023 489 3099 διακοσίους
500 3021 617 3098 ίππέας
627 3021 871 3106 κατεστήσαμεν
880 3022 935 3087 καὶ
946 3024 1038 3098 τοξο·

82 3145 140 3196 τας
153 3120 283 3203 ἑτέρους
293 3119 490 3206 τοσούτους,
503 3119 605 3187 καὶτὸ
618 3117 749 3205 μακρὰν
760 3133 865 3205 τεῖχος
874 3115 912 3185 τὸ
925 3119 1040 3185 νότιον

82 3221 262 3304 ἐτειχίσθη,
284 3220 339 3286 καὶ
357 3215 418 3285 τὸν
435 3222 542 3303 δήμου
560 3215 669 3295 οὐδεὶς
691 3221 875 3302 ἐνεχείρησε
895 3222 1041 3282 καταλυ·

10 3334 63 3393 175
83 3336 145 3381 σαι.
179 3317 280 3384 πάλιν
300 3317 335 3384 δὲ
357 3322 403 3395 εἰς
424 3314 570 3400 πόλεμον
587 3313 641 3380 διδ
658 3321 833 3398 Μεγαρέας
850 3313 1041 3390 πεισθέντες

84 3421 302 3501 καταστῆναι,
325 3417 380 3483 καὶ
390 3412 453 3501 τήν
469 3415 583 3499 χώραν
600 3421 769 3499 τμηθήναι
788 3416 966 3563 προέχενοι
986 3413 1041 3477 καὶ

127 3511 288 3565 Αῑεοιιιαεε.
