2340 3916
397 151 493 204 ΚΑΤΑ
511 151 753 210 mmmm.
1020 155 1062 220 93

88 296 215 385 τράκις,
234 301 307 384 ίδίμ
322 319 357 363 τε
375 292 502 364 ούδένα
521 293 709 364 διεκώλυσα
727 294 918 379 δικάζεσθαι
930 298 1061 385 βουλό·
1161 350 1165 361 .

89 416 208 486 μενον·
241 395 449 486 Ἀλκιβιάδής
475 395 513 465 δέ
537 398 677 466 τοιαῦτα
703 396 930 487 ἐργασάμενος
957 399 1059 471 ούδε-

88 508 172 587 μίαν
190 498 324 568 πύποτε
342 503 442 588 δίκην
458 496 624 587 ύποσχεῑν
650 499 841 588 ἐτόλμησεν.
879 498 969 570 οὕτω
992 503 1059 591 γάρ
1078 514 1112 565 σο

88 601 232 687 χαλεπός
258 605 365 689 ἐστιν,
390 597 473 669 ὥστε
498 599 539 669 ού
565 602 738 691 περὶτῶν
769 602 1060 691 παρεληλυθότων

87 701 303 792 ἀδικημάτων
321 700 429 772 αύτὸν
443 707 669 793 τιμωροῦνται
686 702 762 772 ἀλλ’
783 702 872 792 ύπέρ
885 708 956 773 τῶν
975 713 1053 793 μελ-

89 805 220 873 λόντων
248 809 456 895 φοβοῦνται,
479 805 536 873 καὶ
560 820 632 886 τοῖς
655 803 719 893 μὲν
741 804 929 875 πεπονθόσι
946 808 1058 888 κακῶς

88 906 269 994 ἀνέχεσθαι
292 914 475 993 λυσιτελεῖ,
498 905 610 999 τούτφ
634 906 673 976 δὲ
696 906 761 975 οὐκ
787 908 936 996 ἐξαρκεῖ,
959 915 992 978 εί
1005 908 1059 996 μή

90 1009 146 1076 καὶ
163 1007 202 1076 τὸ
221 1007 341 1077 λοιπὸν
359 1007 379 1076 ό
396 1034 427 1077 τι
447 1003 491 1077 ἀν
508 1008 672 1097 βούληται
694 1007 699 1096 Ι
724 1009 946 1099 διαπράξεται.
979 1017 1058 1080 καί-
1072 1034 1099 1073 ει

89 1137 140 1177 τοι
166 1108 208 1179 ού
232 1110 343 1197 δήπου
369 1100 395 1178 ἀ
416 1109 592 1197 Ἀθηναῖοι
615 1108 880 1200 ὀστρακισθῆναι
903 1111 966 1199 μὲν
986 1113 1060 1180 ἐπι-

92 1211 222 1298 τήδειός
247 1219 332 1300 είμι,
357 1211 520 1281 τεθνάναι
545 1211 583 1281 δδ
608 1211 671 1281 ούκ
695 1211 804 1301 ἀξιος,
836 1211 919 1282 ούδὲ
944 1214 1060 1304 κρινό-

91 1340 191 1401 μενος
221 1312 284 1401 μὲν
308 1312 523 1402 ἀποφυγεῖν,
554 1312 687 1404 ἀκριτος
718 1314 756 1383 δὲ
787 1314 947 1402 φεύγειν,
978 1313 1061 1385 ούδὲ

90 1415 291 1495 τοσαυτάκις
308 1415 552 1504 ἀγωνιζόμενος
576 1416 714 1504 νικήσας
741 1419 879 1496 δικαίως
897 1412 940 1485 ἀν
959 1418 1061 1486 πάλιν

90 1517 220 1605 δόξαιμι
244 1515 292 1586 δι’
322 1520 435 1587 ἐκεῖνα
448 1520 623 1587 ἐκπεσεῖν.
668 1516 754 1586 ἀλλά
778 1518 845 1606 γάρ
874 1528 953 1598 ἴσως
977 1519 1060 1606 μετὰ
1077 1534 1110 1585 37

91 1624 211 1708 μικράς
238 1621 395 1708 διαβολῆς
420 1615 441 1705 ή
466 1618 610 1701 φαύλων
634 1619 833 1708 κατηγόρων
863 1614 963 1708 ήδιά
990 1625 1060 1688 τῶν

90 1720 318 1808 ἐπιτυχόντων
338 1723 473 1810 ἐχθρῶν
492 1721 730 1808 ἐκινδύνευον,
757 1718 833 1789 ἀλλ’
854 1718 896 1789 ού
915 1720 971 1789 διά
989 1723 1060 1791 τῶν

90 1822 390 1913 ἐρρωμενεστάτων
413 1823 471 1891 καὶ
495 1823 605 1909 λέγειν
627 1824 685 1891 καὶ
709 1820 887 1912 πράττειν,
911 1826 947 1890 οἳ
973 1848 1059 1904 τινες

93 1925 158 1993 δύο
176 1927 245 1992 τῶν
262 1926 325 2013 τήν
340 1923 449 2012 αύτήν
463 1929 578 1992 αἰτίαν
597 1924 744 2011 ἐχόντων
759 1925 833 2013 ἐμοὶ
847 1922 1058 1993 ἀπέκτειναν.

92 2023 221 2095 ούκουν
239 2026 321 2107 τούς
339 2026 515 2106 τοιούτους
533 2030 665 2095 δίκαιον
684 2026 877 2116 ἐκβάλλειν,
895 2021 956 2106 ούς
974 2034 1060 2095 πολ-

92 2128 186 2208 λάκις
205 2130 396 2215 ἐλέγχοντες
414 2126 587 2217 εύρίσκετε
604 2127 711 2217 μηδὲν
728 2126 950 2216 ἀδικοῦντας,
973 2128 1059 2197 ἀλλά

93 2230 175 2310 τούς
193 2231 238 2318 μή
257 2232 422 2310 θέλοντας
439 2228 604 2317 ἀποσχεῖν
620 2233 663 2319 τῇ
683 2230 778 2298 πόλει
795 2232 872 2319 περὶ
896 2231 960 2298 τού
979 2237 1059 2318 βίου

94 2331 207 2419 λόγον.
245 2331 359 2401 δεινόν
378 2333 420 2400 δέ
433 2359 489 2420 μοι
504 2336 599 2401 δοκεῖ
614 2329 719 2418 εἶναι,
737 2337 769 2400 εί
784 2333 847 2419 μέν
864 2357 913 2410 τις
931 2330 1060 2400 ἀπολο-
1078 2351 1111 2401 38

92 2445 229 2518 γεῑσθαι
242 2433 413 2515 ἀξιώσειεν
426 2432 517 2522 ὑπὲρ
529 2436 599 2502 τῶν
612 2431 862 2501 ἀποθανόντων
876 2429 921 2513 ὥς
934 2430 1061 2513 ἀδίκως

94 2534 328 2624 ἀπολώλασιν,
353 2533 416 2604 οὐκ
441 2529 516 2624 (ἀν)
534 2533 744 2622 ἀνασχέσθαι
761 2535 830 2602 τῶν
850 2533 1060 2624 ἐπιχειρούν-

89 2657 174 2707 των·
200 2643 232 2707 εί
256 2639 296 2707 δέ
317 2663 366 2717 τις
391 2639 460 2705 τῶν
484 2634 737 2725 ἀποφυγόντων
768 2635 871 2704 πάλιν
897 2636 974 2725 περὶ
1000 2640 1060 2722 τής

89 2737 195 2827 αύτής
222 2744 331 2820 αίτίας
349 2755 530 2828 κατηγορεῖ
536 2792 546 2827 ,
570 2740 641 2818 πῶς
660 2736 700 2806 ού
727 2743 859 2808 δίκαιον
883 2737 960 2827 περὶ
978 2738 1059 2817 τούς

158 2938 202 2988 35.
221 2931 303 2987 ἰδίαν
321 2952 362 3002 pr.
380 2927 519 3001 Α,-ἐγώ
538 2930 617 3002 (μὲν)
635 2935 698 2986 mal.
715 2935 770 2987 Bk.
783 2935 820 2990 cf.
838 2936 907 2998 540.
920 2963 952 2971 -
965 2936 1059 2985 malim

91 3004 161 3070 περί
177 3020 207 3055 τε
227 3003 285 3055 τῶν
302 3003 416 3055 κοινῶν.

159 3074 201 3126 36.
221 3064 320 3136 αὐτόν]
339 3065 436 3125 αὐτῶν
452 3071 503 3122 ΖΜ
522 3075 552 3121 et
569 3087 609 3138 pr.
628 3072 661 3124 Δ.
673 3096 708 3107 ·-
720 3063 914 3138 διαπράξεται
933 3086 995 3123 cum
1007 3069 1059 3122 Bk.

89 3139 182 3192 Turn:
201 3131 406 3206 διαπράξηται.
427 3166 461 3175 -
484 3130 619 3203 φεύγειν,
643 3129 713 3190 ούδδ
730 3138 762 3190 R.
789 3143 853 3205 post
870 3138 963 3205 ’λαχθε
988 3133 1059 3203 φεύ-

90 3222 165 3272 γειν,
184 3199 198 3258 ό
220 3203 267 3272 δὲ,
286 3207 359 3273 φοοδ
377 3223 448 3260 serv.
468 3205 553 3266 Sehi,
571 3207 803 3273 interrogationis
821 3208 901 3274 signo
920 3209 983 3271 post
995 3196 1058 3258 ἐκπ,

90 3276 190 3339 posito.
208 3303 240 3312 -
258 3266 380 3342 νικήσας
398 3273 518 3334 δικαίως
536 3265 585 3340 ἀν]
610 3270 661 3326 καὶ
678 3289 735 3328 νικ.
760 3272 818 3328 δικ.
838 3290 899 3325 eum
916 3274 949 3329 R.
968 3274 1058 3335 Turn,

90 3343 139 3407 qui
158 3342 319 3394 desiderant
338 3332 389 3394 ἀν·
409 3341 529 3402 δικαίως
547 3339 597 3394 καλ
616 3333 737 3409 νικήσας
755 3357 779 3396 τ.

159 3411 201 3462 38.
221 3401 273 3463 ούκ
292 3400 351 3477 (ἀν)
370 3379 471 3490 ἀνασχ,
490 3426 551 3462 eum
567 3408 600 3463 R.
612 3409 682 3475 Bk.;
707 3409 756 3462 sed
782 3411 868 3462 etiam
889 3400 966 3476 ύμάς
985 3407 1060 3458 desi·

90 3477 213 3530 ἀστεῖοι.
233 3505 266 3518 -
285 3472 507 3546 ἔπιχειρουντων
520 3493 589 3530 corr.
602 3476 635 3532 A.
