2340 3916
85 190 132 239 02.
150 191 176 237 2.
246 188 335 240 ΠΕΡΙ
352 187 428 238 ΤΟΤ
446 188 700 240 ΜΕΝΕΚΛΕΟΤΣ
719 190 881 242 ΚΛΗΡΟΤ.
995 197 1036 260 23

87 366 147 442 ζειν
175 361 232 429 καὶ
263 362 441 481 ἑξερημοῆν
469 355 574 429 αότοῆ
602 357 660 431 τόν
681 361 782 432 οἷκον.
831 367 952 451 ἐπεβίω
975 361 1037 454 γὰρ

90 463 206 540 ἐκεῖνος
229 457 309 548 μετὰ
333 457 395 547 τῆν
417 466 551 548 ποίησιν
573 457 636 530 οὐκ
659 460 855 532 ἐνιαυτδυ”
835 491 895 534 ενα
917 492 937 551 η
964 461 1036 552 δυό,

89 555 165 629 όλλόι
188 568 265 651 τρία
293 563 348 630 καί
377 570 502 629 είκοσιν
531 567 600 648 ἐτη
629 564 684 630 παλ
709 565 745 632 ἐν
772 560 878 656 τούτῳ
900 567 948 682 τρὶ
964 563 1037 654 χρό-

89 689 147 752 νῳ,
169 659 315 752 τοσούτῳ
343 657 432 749 όντι,
461 656 562 731 οὐδὲν
586 665 709 743 ἐκεινος
728 634 937 785 μετέγνω
891 692 958 733 των
981 691 1037 734 πε-

48 800 51 811 ·
93 763 309 883 πραγμένων
293 764 416 853 sami,
437 757 534 830 διὰ
501 789 537 831 το
554 759 643 852 παρόι
654 760 789 832 πάντων
805 758 1037 885 ὁμολογεῖσθαι

48 942 50 947 ¹
93 856 133 928 ὅτι
154 851 196 948 ῆν
218 857 328 950 ὀρθῶς
355 864 624 950 βεβουλευμένος.
669 858 771 932 ταδ’
747 891 791 944 ως
821 859 933 951 ἀληθῆ
954 866 1038 951 λέγω
1057 885 1088 937 16

92 965 200 1047 ταῦτα,
228 966 286 1049 τῆς
315 962 376 1051 μὲν
405 959 565 1081 ποιῆσεως
589 958 671 1051 ὑμίν
692 991 770 1043 τους
792 961 959 1084 φράτορας
982 967 1038 1034 καὶ

48 1144 50 1153 Ι
93 1059 157 1142 τούς
173 1057 339 1152 όρμεοὶνας
351 1064 406 1132 καὶ
422 1090 499 1141 τους
518 1061 659 1151 δημότας
670 1066 848 1152 παρέξομαι
859 1092 1036 1154 μαρτυρας,

93 1155 129 1242 ός
147 1158 177 1231 δ’
198 1165 273 1249 ἐξῆν
290 1160 508 1250 ποιῆσασθαι,
532 1159 589 1233 τόν
606 1161 709 1252 νόμον
733 1161 834 1235 αὐτόν
857 1159 938 1253 ὑμῖν
958 1160 1037 1235 ἄνα-

48 1270 51 1291 “
92 1261 259 1349 γνώσεται,
283 1258 364 1332 καθ’
393 1259 433 1332 δν
456 1258 622 1351 ῆποίησις
642 1266 778 1352 ἐγένετο.
819 1273 888 1335 Καί
902 1295 958 1355 μοι
980 1264 1037 1346 τός

92 1371 261 1451 μαρτυρίας
279 1359 451 1450 ἀνάγνωθι
468 1361 588 1445 ταύτας
606 1367 660 1434 καὶ
677 1362 736 1434 τόν
753 1363 864 1455 νόμον.

371 1529 581 1580 ΜΑΡΤΤΡΙΑΙ.
610 1527 747 1579 ΝΟΜΟΣ.

151 1663 205 1748 Ὡς
223 1668 284 1757 μὲν
301 1675 416 1739 τοίνυν
429 1672 505 1756 ἐξῆν
516 1672 563 1760 τῷ
575 1678 743 1739 ,Μενεκλεῖ
758 1667 946 1756 ποῆσασθαι
963 1667 1039 1739 υίδν
1059 1695 1089 1745 17

88 1762 172 1861 αὐτῷ
187 1764 227 1838 ὅν
244 1797 319 1838 τινα
338 1768 508 1858 ἐβούλετο,
532 1764 549 1838 δ
567 1767 666 1858 νόμος
684 1765 781 1849 αὐτός
806 1774 903 1855 δηλοῖ
909 1788 915 1800 ·
939 1763 983 1848 ὦς
1002 1770 1038 1839 δέ

88 1866 272 1957 ἐποιήσατο,
296 1874 380 1938 οἵτε
402 1868 563 1988 φράτορες
581 1872 636 1939 καί
654 1874 689 1939 οί
703 1866 841 1964 δημόται
859 1871 965 1939 καλοί
984 1864 1037 1958 ὀρ

85 1995 202 2054 μεωνες
218 1964 301 2057 ὑμῖν
317 1967 621 2091 μεμαρτυρήκασιν·
646 1965 729 2039 ωστε
752 1995 941 2090 περιφανως
959 1964 1038 2039 ἆπο

84 2064 287 2139 δέδεικται
268 2086 363 2190 ημιν,
388 2098 414 2140 ω
403 2059 611 2193 ἅνδρες,’
595 2098 754 2159 ομαρτυς
776 2065 906 2158 τάληθῆ
928 2075 1037 2159 διαμε-

80 2169 314 2260 μαρτνρηκοίς,
338 2159 460 2240 καὶ
417 2199 509 2240 ουτοι
532 2169 614 2260 πρός
637 2168 754 2259 μετῆν
777 2178 910 2258 ποίησιν
935 2166 1039 2257 αότῆν

78 2269 180 2358 λόγον
203 2265 320 2340 οὐδΗ
304 2299 459 2341 οντινουν
489 2266 684 2341 δόναιντ’”
664 2300 706 2340 αν
729 2267 906 2341 ἀντειπεῖν.
948 2281 1090 2360 Ilpa-13

79 2374 232 2459 χθέντων
250 2371 287 2440 δε
303 2370 431 2441 τούτων
443 2370 572 2440 ἐσκόπει
589 2366 794 2458 όΜενειιλῆς
811 2370 954 2459 γυναῖκά
970 2399 1037 2459 μοι,

77 2473 136 2540 καὶ
156 2478 219 2560 ἔφη
236 2498 277 2560 με
301 2475 419 2561 χρῆναι
435 2475 550 2559 γῆμαι·
574 2474 629 2540 καὶ
647 2470 710 2559 ε’γοδ
728 2470 884 2560 λαμβάνω
902 2468 963 2557 τῆν
980 2475 1040 2540 τοῦ

80 2577 273 2641 Φιλωνίδου
306 2575 483 2661 θυγατέρα.
541 2567 691 2652 ιιᾶιιεῖνός
725 2599 761 2640 τε
788 2569 850 2658 τῆν
880 2568 1039 2659 πρόνοιαν

78 2671 172 2761 εἶχεν
190 2668 300 2760 ὥσπερ
319 2670 409 2762 είπόςΙ
422 2676 488 2742 ἐστι
506 2674 629 2763 πατέρα
652 2673 727 2760 περὶ
744 2673 833 2751 οίέος
856 2677 958 2759 ἐχειν,
982 2673 1038 2739 καί

76 2769 148 2859 ἐγώ
176 2768 234 2841 τόν
264 2768 368 2842 αὐτόν
396 2772 518 2861 τρόπον
547 2769 657 2861 ὥσπερ
685 2769 773 2864 μόνῳ
803 2767 883 2840 όντα
916 2774 1040 2860 πατέρα

77 2875 228 2961 ἐμαυτοῦ
245 2870 449 2960 ἐθερίπευόν
471 2875 578 2943 τεκαὶ
596 2868 803 2963 ᾐσχυνόμην,
828 2874 883 2941 καὶ
903 2869 966 2959 ἐγώ
983 2875 1039 2941 καὶ

76 2968 205 3060 ῆγυνή
222 2967 244 3059 ῆ
262 2970 337 3062 ἐμῆ,
356 2970 441 3043 ὥστε
460 2977 587 3043 ἐκεῖνον
598 2969 680 3063 πρός
692 2970 769 3053 τούς
789 2970 930 3062 δημότας
949 2976 1038 3042 ἐπαι-

79 3088 157 3143 νεῖν
174 3069 328 3153 ἅπαντας.

150 3169 219 3242 Ὅτι
238 3173 276 3243 δὲ
291 3170 332 3244 οό
350 3177 527 3296 παρανορῖν
545 3171 625 3244 οὐδὲ
642 3175 775 3262 γυναικὶ
799 3171 997 3262 πειθόμενος
1020 3169 1037 3243 ὁ
1057 3190 1089 3242 19

79 3273 460 3363 Μενεκλῆςέποιῆσατο,
478 3270 552 3344 ἀλλ’
572 3265 610 3344 εὖ
627 3276 773 3366 φρονεῖν,
793 3275 967 3395 ἐμθιμδεέ
966 3275 1039 3342 στὶν

77 3369 163 3463 ὑμῖν
185 3372 302 3496 βαδιον
325 3377 514 3463 ἐπιγνωναι.
555 3380 685 3494 πρῶτον
702 3369 818 3463 μὲν
780 3402 842 3463 γαρ
859 3402 880 3461 η
869 3368 1038 3460 ἆδελφῆ,

78 3477 156 3564 περι
174 3464 213 3561 ῆς
230 3464 325 3556 οὗτος
341 3473 401 3546 τόν
424 3483 577 3546 πλειστον
593 3505 652 3547 του
675 3475 774 3562 λόγου
792 3480 976 3560 πεποίηται,
995 3499 1038 3551 ως
