2340 3916
34 266 40 275 ,
148 203 190 266 ιο
253 207 258 216 ·
499 201 806 259 Αιειιεαου.

150 363 208 432 ἐὰν
220 363 249 431 δ’
270 361 334 447 ἄρα
346 359 522 447 ὑπακούσῃ
534 361 610 446 μὲν,
633 358 796 451 τράπηται
808 358 843 426 δέ
857 360 908 426 ἐπὶ
919 363 955 425 τό
968 353 1104 424 ιἰναιδέ-
1118 377 1146 432 λι

41 486 44 491 ·
150 480 286 542 στατον,
305 461 357 526 ἐπὶ
367 458 403 528 τό
416 458 618 544 ἐξόμνυσθαι
630 456 687 550 τὰς
697 453 870 542 ἀληθείας,
890 453 935 536 ὡς
949 453 1104 543 Τιμάρχῳ

150 557 212 642 μέν
223 554 354 641 χύριτας
371 553 565 639 ἀποδιδούς,
588 555 710 636 ἑτέροις
727 551 759 621 δ’
779 557 935 634 ἐπίδειξιν
945 552 1107 638 ποιούμε-

152 681 219 737 νος,
233 651 277 731 σός
286 646 324 720 εὖ
336 658 503 721 ἐπίσταται
514 653 554 720 τό
566 661 701 720 τοιαῦτα
712 653 954 741 συγκρύπτειν,
970 658 1107 736 πρῶτον
1166 718 1168 723 .

113 792 115 797 ·
152 748 213 836 μὲν
223 755 269 828 είς
279 747 400 817 ἑαυτόν
410 750 673 835 ἐξαμαρτήσεται,
688 745 1006 837 ἐπειπαούδέναύτηῖ
1017 752 1107 816 ἔσται

153 852 263 916 πλέον.
277 849 392 929 ἑτέραν
402 844 467 931 γὰρ
484 845 546 931 ἐγώ
566 850 714 932 γέγραφα
726 851 912 933 μαρτυρίαν
922 859 991 923 τοῖς
1003 845 1108 913 εἰδόσι

104 964 106 969 ”
155 956 322 1034 Τίμαρχον
339 948 471 1015 τουτονὶ
489 946 664 1014 ἐκλιπόντα
680 944 742 1032 τὴν
758 946 915 1036 πατρῴαν
932 949 1043 1014 οἰκίαν
1054 948 1109 1016 καὶ

154 1044 370 1131 διαιτώμενον
392 1044 481 1131 παρὰ
504 1044 677 1134 Μισγόλα,
707 1052 857 1131 πρᾶγμα,
881 1042 988 1130 οἶμαι,
1011 1054 1109 1131 χαλε·

154 1145 220 1211 πὰν
241 1143 471 1227 ἐξεργάζεσθαι
491 1148 677 1230 ἐπιχειρῶν·
701 1144 777 1210 οὔτε
794 1143 859 1229 γαρ
880 1144 936 1230 ἐμὲ
958 1147 1010 1212 δελ
1029 1144 1109 1224 τούς

155 1245 299 1327 ἐμαυτοῦ
311 1247 429 1325 φίλους
439 1241 609 1327 μα’ρτυρας
619 1243 848 1326 παρασχέσθαι
857 1239 934 1308 οὔτε
942 1239 1110 1321 τούςτού-

155 1365 223 1406 των
234 1335 375 1422 ἐχθρούς
388 1337 466 1407 οὐδέ
484 1337 562 1417 τούς
578 1342 776 1425 μηδετέρους
794 1337 889 1425 ἡμῶν
901 1340 1112 1426 γιγνώσκον-

156 1463 228 1520 τας,
246 1433 329 1504 ἄλλα
348 1436 565 1514 τούςτούταν
577 1440 704 1521 φίλους.
728 1431 814 1504 ύνδ
828 1436 958 1521 ἄρα-καλ
969 1438 1114 1518 τούτους
1130 1450 1159 1504 ιλ

102 1548 136 1604 73
156 1541 292 1602 πείσωσι
303 1533 347 1620 μη
359 1548 555 1621 μαρτυρεῖν,
569 1532 613 1613 ὡς
624 1531 686 1602 ούκ
709 1537 801 1625 οἶμαί
818 1561 871 1621 γε·
885 1542 915 1604 εί
925 1536 961 1605 δὲ
971 1535 1029 1624 μὴ,
1040 1536 1110 1607 ἀλλ’

158 1631 218 1718 οὐχ
239 1630 412 1715 ἅπαντας,
427 1631 535 1699 ἐκεῖνό
553 1658 590 1717 γε
608 1630 764 1700 ούδέποτε
786 1632 1004 1721 δυνήσονται,
1028 1633 1114 1720 ἄφε-

158 1735 276 1800 λέσθαι
292 1730 354 1818 τὴν
367 1729 552 1824 ἀλήθειαν,
574 1729 653 1800 ούδέ
669 1728 731 1817 τὴν
750 1733 785 1799 έν
802 1740 842 1820 τῇ
859 1731 953 1799 πόλει
964 1733 1040 1818 περὶ
1055 1740 1114 1799 Τι-

158 1832 287 1918 μάρχου
304 1831 435 1918 φήμην,
451 1829 495 1918 ἣν
507 1830 568 1898 οὐκ
581 1829 644 1916 ἐγώ
656 1831 762 1918 τούτῳ
773 1828 1022 1915 παρεσκεύασα,
1037 1829 1113 1899 ἀλλ’

50 1954 54 1960 ·
159 1929 259 2009 αύτός
276 1923 373 2007 οὗτος
391 1932 507 2018 ἑαυτῷ.
529 1927 617 1996 οὕτω
635 1926 699 2014 γὰρ
717 1926 872 2013 καθαρόν
888 1926 949 2014 χρὴ
967 1925 1028 1996 τόν
1037 1933 1115 2015 βίον
1132 2006 1136 2011 ι

45 2071 47 2075 ·
160 2034 243 2102 εἶναι
262 2039 322 2098 τοῦ
335 2029 509 2114 σώφρονος
521 2027 659 2116 ἀνδρὸς,
683 2027 767 2096 ὥστε
777 2026 822 2116 μη
835 2030 1044 2114 ἐπιδέχεσθαι
1057 2027 1116 2097 δό-

161 2140 220 2211 ξαν
233 2134 337 2206 αίιίας
350 2136 506 2214 πονηροῖς.

63 2220 68 2230 ’
243 2226 412 2312 Βούλομαι
421 2226 505 2293 δι’
464 2242 598 2294 κακεινο
606 2232 784 2312 προειπειν,
796 2223 886 2294 έαν”
863 2252 928 2344 αρα
936 2222 1114 2316 ὑπακούσῃ
1129 2244 1158 2297 εν

162 2356 179 2395 ο
169 2323 367 2409 Μισγόλας
379 2339 446 2404 τοῖς
457 2325 573 2410 νόμοις
589 2323 680 2393 καὶ“
661 2339 751 2411 υμῖν.
776 2351 791 2392 ε
793 2327 837 2393 σι
849 2322 966 2410 φύσεις
976 2322 1118 2446 ἀνθρύ-

163 2449 235 2492 πων
247 2420 333 2491 πολύ
352 2427 570 2509 διαφέρουσαι
588 2421 741 2509 ύφθηναι
752 2422 904 2517 ἀλλήλοιν
914 2451 954 2492 τα
943 2422 1092 2509 1’περὶ
1056 2452 1118 2512 την

111 2543 146 2597 74
160 2521 308 2610 ἡλιαίαν·
331 2526 412 2590 ἔνιοι
426 2523 488 2607 μὲν
505 2521 569 2608 γὰρ
587 2521 767 2600 νέοιόντες
782 2538 960 2617 προφερεῖς
970 2526 1026 2593 καλ
1037 2550 1117 2609 πρε-

162 2621 317 2708 σβύτεροι
335 2626 528 2705 φαίνονται,
549 2623 655 2706 ἕτεροι
666 2622 702 2690 δὲ
713 2619 821 2689 πολύν
832 2619 980 2708 α’ρνθμόν
991 2624 1132 2709 χρόνου

165 2720 338 2804 γεγονότες
349 2718 538 2787 παντάπασι
549 2724 627 2788 νέοι.
641 2719 769 2788 τούτων
781 2717 814 2787 δ’
826 2723 892 2793 ἐστὶ
902 2728 971 2788 τόν
982 2719 1129 2809 ἀνδρῶν,

165 2818 182 2888 ὁ
196 2818 376 2905 Μισγόλας.
398 2819 554 2904 τυγχάνει
570 2819 630 2905 μὲν
646 2819 710 2904 γὰρ
729 2817 903 2905 ἡλικιώτης
915 2814 964 2887 ύν
975 2817 1054 2906 ἐμός
1064 2824 1120 2889 καὶ

167 2923 365 3005 συνέφηβος,
378 2919 432 2985 καὶ
444 2923 534 2984 ἐστιν
543 2915 623 3004 ἡμῖν
633 2918 725 2985 τουτί
735 2921 885 3004 πέμπτον
895 2920 950 2985 καὶ
960 2926 1120 3001 τετταρα-

91 3066 98 3075 .
166 3015 289 3084 κοστόν
311 3021 395 3093 ἔτος·
419 3017 474 3082 καὶ
491 3015 554 3101 ἐγώ
574 3016 636 3102 μὲν
649 3016 828 3083 τοσαυτασὶ
846 3013 963 3094 πολιὰς
979 3019 1070 3101 ἔχω,
1084 3013 1121 3095 ἃς

168 3112 259 3199 ὑμεῖς
276 3110 401 3237 ὁρᾶτε,
412 3110 485 3180 ἀλλ’
505 3111 568 3182 ούκ
585 3115 716 3192 ἐκεῖνος.
740 3110 795 3181 διὰ
806 3121 839 3182 τί
847 3105 911 3181 ούν
921 3121 1025 3180 ταῦτα
1037 3139 1122 3199 προ-

168 3214 270 3295 λέγω,
292 3216 347 3278 ἵνα
361 3238 405 3298 μη
394 3209 575 3299 ἐξαίφνης
591 3208 697 3279 αύτὸν
713 3212 840 3291 ἰδόντες
856 3212 1054 3300 θαυμασητε
1067 3213 1121 3281 και

167 3310 411 3429 τοιοῦτόντιτη
398 3314 553 3400 διανοίᾳ
564 3290 767 3398 ὑπολάβητε
785 3337 835 3397 „m
823 3302 1035 3397 Ἥριὶκλεις,
1045 3306 1121 3379 ἄλλ’

168 3398 268 3486 οὗτός
284 3434 321 3493 γε
343 3410 464 3477 τούτου
482 3408 523 3478 ού
541 3408 627 3476 πολύ
651 3413 806 3495 διαφέρει
810 3407 876 3453 “
853 3436 922 3494 αμα
942 3408 1005 3493 μὲν
1025 3404 1122 3495 γάρη
