2340 3916
318 226 422 277 ΤΠΕΡ
441 227 518 279 ΤΗΣ
536 227 807 280 ΔΩΔΕΚΑΕΤΙΔΣ.
1000 228 1043 293 69

74 387 112 454 δὲ
132 383 173 454 ού
191 413 251 453 τον
269 391 405 471 ἔλεγχον
422 388 484 453 τοῦ
502 385 693 475 πράγματος
713 388 861 474 δέδοικα,
879 386 963 458 ἀλλά
980 388 1043 479 τὴν

73 498 142 563 τῶν
165 489 346 560 ἀντιδίκων
370 487 533 580 διαβολὴν
561 491 632 580 (καὶ
658 491 733 582 τὸν)
759 493 910 582 φθόνον,
939 492 977 577 ὃς
1000 494 1042 566 ού

74 608 180 691 κρίνει
202 595 281 678 τούς
304 594 521 684 ἀδικοῦντας,
549 595 633 666 ἀλλὰ
656 598 776 685 φύεται
804 613 875 681 τοῖς
903 605 1045 671 θοκούσί

76 709 120 797 (τι
144 703 330 792 δύνασθαι)
354 704 463 789 λέγειν
485 699 506 791 ἢ
530 703 695 793 πράττειν.
731 700 751 794 ἡ
781 704 860 795 παρ’
886 702 968 794 ὑμῖν
991 711 1042 776 ἐλ-
1061 720 1077 768 6

74 816 129 894 τὶς
148 811 184 881 δέ
204 816 329 879 δικαία·
357 808 417 877 ἐὰν
435 809 557 898 ταύτης
579 811 767 899 κατατύχω,
789 811 898 893 πάσας
917 810 1041 882 ἀπολύ-

75 942 175 1007 σομαι
197 915 255 996 τὰς
279 915 451 1003 διαβολάς·
480 914 561 984 ἀνευ
586 916 624 984 δέ
650 917 773 1005 ταύτης
802 915 879 987 ούτε
897 908 920 988 Ιὁ
944 918 1044 1006 λόγος

76 1022 150 1095 οὔθ’
173 1028 208 1092 οί
224 1022 323 1110 νόμοι
339 1019 413 1090 οὔθ’
434 1017 455 1110 η
474 1024 542 1091 των
555 1023 759 1111 πραγμάτων
778 1020 917 1113 ἀλήθεια
936 1027 1043 1094 σῶσαι

76 1132 239 1201 δύνανται
262 1127 322 1197 τὸν
346 1124 470 1210 ἀδίκως
498 1128 707 1218 κρινόμενον.
746 1127 808 1198 ούκ
831 1128 982 1217 ἀγνοεῖτε
1005 1131 1043 1200 δὲ

76 1237 128 1308 ὅτι
145 1236 262 1305 πολλοὶ
285 1234 442 1315 πολλάκις
464 1232 529 1322 ἤδη
552 1237 621 1302 τάν
640 1235 873 1322 ἐγκαλούντων
896 1234 961 1306 ἀπὸ
981 1237 1044 1325 μὲν

75 1348 133 1432 της
155 1347 356 1430 κατηγορίας
379 1343 500 1422 ἔδοξαν
519 1345 631 1410 δίκαια
654 1344 778 1430 λέγειν,
801 1350 1044 1433 παρατεθείσης

77 1451 113 1519 δέ
132 1453 189 1537 τῆς
207 1445 388 1533 ἀπολογίας
411 1442 601 1536 εὑρέθησαν
624 1444 721 1516 αὐτοὶ
740 1452 1043 1537 συκοφαντοῦντες·

76 1553 94 1625 ὃ
119 1554 160 1643 δὴ
189 1555 244 1624 καὶ
273 1556 339 1620 νύν
367 1554 543 1640 πέπεισμαι
569 1553 701 1635 τούτοις
728 1556 1044 1644 παρακολουθήσειν

76 1658 171 1749 ύμῶν
190 1658 327 1729 ἀκούειν
345 1660 624 1749 προαιρουμένων
642 1656 711 1746 μετ’
732 1657 875 1741 εύνοίας.

146 1782 233 1852 Ἐπεὶ
253 1782 290 1851 δὲ
308 1784 364 1850 καὶ
382 1785 440 1869 τῆς
458 1780 560 1869 ἀλλης
578 1808 643 1869 μου
662 1788 828 1864 πολιτείας
845 1797 1043 1872 κατηγορεῖν
1062 1795 1078 1844 ⁷
1138 1848 1141 1855 .

76 1893 307 1978 ἐπεχείρησαν,
340 1888 465 1978 βραχέα
498 1887 663 1975 βούλομαι
696 1890 770 1977 περὶ
798 1885 901 1976 αύτῆς
928 1893 1044 1975 εἰπεῖν,

76 1993 184 2065 ἔπειθ’
206 1993 313 2074 ούτως
332 1996 384 2063 ἐπὶ
403 1991 465 2082 τὴν
483 1991 604 2081 λοιπὴν
624 1999 854 2082 δικαιολογίαν
873 1991 1043 2082 ἀπελθεῖν,

76 2108 133 2170 ἵνα
166 2100 209 2189 μὴ
238 2100 390 2169 λάθωσιν
418 2096 505 2188 ὑμᾶς
531 2099 855 2190 παρακρουσάμενοι.
896 2099 1044 2188 γεγονὼς

76 2208 140 2296 γὰρ
169 2199 195 2274 ὦ
229 2205 350 2296 ἀνδρες
374 2203 548 2294 Ἀθηναῖοι
576 2209 715 2295 Δημέου
743 2207 883 2298 πατρός,
916 2204 961 2289 ὡς
987 2208 1043 2278 καὶ

76 2310 172 2401 ύμων
187 2317 222 2382 οί
237 2312 456 2402 πρεσβύτεροι
469 2311 685 2400 γινώσκουσι,
695 2312 755 2381 τὸν
769 2313 831 2400 μέν
845 2311 948 2382 ἀλλον
966 2313 1043 2403 γρό-

76 2448 140 2489 νον
159 2417 266 2499 ούτως
284 2425 366 2501 έζων
382 2413 427 2499 ὡς
445 2414 634 2508 ἠδυνάμην,
651 2417 728 2487 ούτε
740 2422 843 2507 κοινῇ
857 2417 917 2488 τὸν
936 2423 1044 2506 δῆμον

147 2672 169 2723 5.
194 2664 314 2720 δέδοικα
334 2669 399 2718 add.
419 2667 472 2719 Bk.
493 2685 554 2719 cum
573 2666 595 2719 0
614 2664 828 2750 (δέδιαθΗ)-
846 2685 899 2746 την
918 2666 975 2720 τῶν
993 2661 1045 2719 ἀν-

77 2735 197 2787 τιδίκων
215 2729 356 2802 διαβολὴν
374 2736 395 2786 C
414 2736 485 2790 ΒΚ·
509 2735 544 2803 τῇ
563 2734 619 2787 τῶν
641 2728 782 2814 ἀδίκων(
772 2728 834 2801 (τὸν
857 2753 914 2788 των
931 2729 1044 2789 ἀντιδί-

77 2822 136 2856 κων
154 2804 254 2868 S..)-
283 2801 334 2854 καὶ
353 2795 406 2854 τάν
425 2803 580 2855 addidin-
610 2795 739 2881 φθάνον,
760 2793 849 2862 &Sa
891 2797 960 2856 ύνον
977 2795 1044 2869 ἥτις

78 2871 185 2935 CBk.;
203 2864 293 2935 μόνον
311 2887 343 2930 ος
362 2876 481 2922 cett-
505 2858 567 2936 (εὖ)
554 2869 706 2936 )δοκούσι
726 2872 759 2950 qi.
778 2871 834 2950 Bk;
878 2871 981 2924 οκοῦσί
977 2823 1044 2954 Ὅτι

77 2941 113 2990 ci.
134 2939 159 2992 S.
195 2940 237 2988 An
256 2941 316 2998 τοῖς
339 2938 400 2989 Son.
404 2930 603 3058 (ὃύνασθαη)
614 2928 746 3005 λέγεινη
766 2931 903 3002 πράττειν
925 2958 953 2991 τι
972 2871 1044 3006 παρὶ

76 2999 154 3073 ύμῖν.
174 2998 255 3064 ἐλπὶς
274 3001 307 3058 δὲ
327 3005 429 3057 δικαία
448 3040 553 3061 ......
587 3022 624 3057 αν
642 2997 720 3063 κτέῖ

144 3094 169 3142 6
208 3081 286 3156 δημ
289 3095 332 3141 ost
355 3084 407 3142 ἐὰν
432 3088 493 3140 add.
516 3090 677 3142 OBkm·
644 3084 873 3172 -πατατύγοο
881 3091 902 3141 C
925 3090 976 3142 Bk
997 3090 1044 3170 (οἱ.

76 3156 237 3237 Hauptm):
257 3151 486 3224 καταπύγων·
506 3147 782 3225 άπαλύοωμαιθ.-
798 3151 893 3239 ἡτῶν
910 3151 1044 3236 πραγμά-

76 3244 131 3277 των
151 3216 293 3309 ἀληθεια]
310 3227 352 3276 ita
370 3224 685 3291 loqu1turAnt1phon5
704 3228 788 3277 3.-
818 3220 971 3290 ὃύνανται]
993 3217 1043 3277 θύ-

77 3310 161 3345 ναιντ
193 3312 230 3345 αν
250 3294 270 3344 0
290 3294 357 3355 Bk.;
378 3295 414 3345 ef.
432 3295 541 3354 51.—
558 3293 791 3359 παραθείσηςθ.

146 3398 169 3445 7.
194 3394 258 3449 mal.
276 3410 330 3460 περ
331 3393 342 3446 l
315 3387 478 3477 ρταύτης,
497 3393 531 3449 ef
550 3395 628 3445 Dem.
649 3396 690 3460 18,
710 3396 786 3449 9,-
808 3383 965 3458 ἀπελθεῖν]
986 3409 1044 3444 ma·

75 3462 124 3512 lim
143 3455 297 3517 §wstw-
264 3457 433 3540 -Δημέου
451 3460 611 3528 (Δημαίου)
630 3461 1043 3527 LhardyetKiessling..Av1·

76 3524 233 3595 μάδου-
200 3522 400 3595 -ἔδυνάμην
419 3531 450 3580 E
1132 3538 1137 3545 '
