2340 3916
83 199 108 249 p.
124 183 165 234 62.
211 184 301 236 ΠΕΡΙ
319 182 395 266 Toss
413 181 711 236 ΦΙΛΟΚΤΗΜΟΝΟΣ
728 184 892 237 ΚΛΗΡΟΤ.
990 191 1032 254 87

49 366 55 373 ’
81 353 223 442 γνήσιοι,
241 351 300 424 τόν
317 357 493 446 ἐπίτροπον
510 357 620 448 ἑαυτῷ
635 352 811 444 λαγχάνειν
828 358 889 426 τοῦ
904 354 1033 446 Εὐκτή-

79 484 175 543 μονος
194 453 319 546 κλήρου
336 457 392 524 καὶ
408 459 466 542 τῆς
477 453 644 545 θυγατρός
662 452 767 525 αὐτοῦ
784 451 828 537 ὥς
844 455 945 546 οὔσης
964 461 1032 528 έπε-

80 561 190 644 δίκου,
210 563 241 625 εἰ
257 557 294 625 δὲ
311 554 356 645 μή
368 563 432 625 εἰσι
443 554 590 644 γνήσιοι,
608 559 674 625 νῦν
692 562 1031 648 διαμεμαρτυρηκέναι

79 651 119 736 ός
146 658 212 725 εἰσί
238 655 383 745 γνήσιοι;
414 660 518 726 ταῦτα
543 654 606 747 γάρ
632 653 716 726 αότά
743 659 872 738 ἑαυτοῖς
899 661 1032 728 ἐναντία

80 760 173 826 ἐστίν.
211 752 288 826 ὥστ’
312 753 352 826 οὗ
374 755 477 846 μόνον
493 752 556 845 ὑφ’
574 752 668 846 ήμῶν
686 759 848 846 ἐλέγχεται
865 755 905 827 τά
922 764 1033 848 ιγευδή

80 856 405 948 διαμεμαρτυρηκάς,
438 854 522 927 άλλά
546 860 601 927 καί
628 862 659 941 ἐξ
687 848 736 928 ὦν
762 855 860 939 αὐτός
886 858 1028 947 πράττει.

78 961 128 1026 καί
146 956 254 1050 τούτῳ
271 959 333 1047 μέν
357 955 469 1039 οὐδεὶς
488 965 705 1128 διαχιαρτυρεῑ
719 956 764 1048 μή
782 962 930 1028 ἐπίδικον
948 959 1032 1029 εἰναι
1049 981 1085 1035 ω

78 1056 131 1128 τόν
149 1061 289 1148 κλήρου,
308 1055 382 1129 ἄλλ’
401 1056 545 1130 εόδυδικ
560 1089 581 1150 ᾳ
594 1061 744 1129 εἰσιέναι·
762 1049 858 1139 οὗτος
877 1056 910 1128 δ’
929 1056 1032 1130 ἅπαν·

77 1186 130 1239 τας
158 1155 335 1250 άποστερεῑ
357 1163 415 1247 τῆς
441 1156 723 1249 ἀμφισβητήσεως.
763 1161 819 1229 καί
847 1159 1032 1251 διαρρήδην

78 1257 287 1349 μαρτυρήσας
303 1268 460 1348 γνησίους
477 1257 555 1341 τούς
567 1267 688 1341 παῖδας
701 1259 801 1349 εἰναι,
820 1271 922 1329 οἰεται
941 1264 1032 1351 ἐξαρ·

78 1361 185 1429 κε’σειν
202 1355 284 1448 ὑμῖν
301 1359 535 1451 παρεκβάσεις,
560 1358 618 1430 έάν
636 1361 674 1430 δέ
689 1364 787 1430 τοῦτο
803 1360 865 1448 μέν
881 1357 961 1449 μηδ’
981 1365 1032 1449 ἐγ·

78 1458 213 1549 χειρήση
226 1459 451 1530 ἐπιδεικνύναι
463 1455 484 1548 ἢ
496 1463 551 1530 καί
564 1457 646 1530 κατά
655 1459 773 1552 μικρόν
782 1490 815 1531 τι
833 1464 1032 1551 έπιμυησθῄ,

78 1555 154 1649 ήμῐν
180 1560 217 1628 δὲ
240 1558 469 1651 λοιδορήσηται
491 1559 616 1649 μεγάλη
639 1565 681 1650 τῇ
702 1565 800 1650 φωνή
821 1564 877 1630 καὶ
894 1564 973 1650 λέγη
989 1557 1032 1641 ὦς

81 1663 163 1730 εἰσὶν
181 1661 325 1750 οἴδαμέν
341 1660 494 1731 πλούσιοι
506 1658 604 1741 αὐτός
619 1663 656 1730 δὲ
667 1664 783 1750 πένης,
804 1657 858 1729 διά
877 1661 914 1729 δὲ
930 1664 1033 1730 ταῦτα

80 1759 185 1844 δόξειν
210 1759 287 1841 τους
314 1767 434 1842 παῖδας
462 1761 547 1832 εἶναι
572 1769 738 1849 γνησίους.
774 1764 832 1848 τῆς
851 1761 888 1829 δὲ
904 1759 1032 1831 τούτων
1048 1779 1087 1836 ω

78 1857 209 1950 οὐσίας,
234 1851 261 1930 εὖ
277 1859 415 1952 ἄνδρες,
441 1869 487 1942 εἰς
503 1859 565 1949 τήν
588 1860 685 1930 πόλιν
702 1867 804 1929 πλείω
821 1857 1031 1930 ἀναλίσκεται

78 1955 99 2048 ή
116 1967 162 2040 εἰς
181 1957 302 2041 αότοδς
319 1960 465 2042 τούτους.
510 1963 565 2030 καί
584 1958 813 2052 Φανόστρατος
829 1961 891 2049 μέν
906 1989 1033 2052 τετριη-

79 2059 240 2150 ράρχηκεν
267 2060 399 2142 ἑπτάκις
423 2060 506 2149 ήδη,
533 2058 589 2141 τάς
617 2061 654 2130 δὲ
679 2069 882 2151 λειτουργίας
905 2057 1034 2142 άπάσας

80 2160 327 2252 λελειτούργηκε
358 2164 414 2232 καί
444 2158 500 2241 τάς
531 2169 684 2241 πλείστας
714 2169 810 2242 νίκας
841 2170 1032 2251 νενίκηκεν·

80 2257 191 2331 οὑτοσὶ
203 2263 241 2331 δὲ
253 2263 493 2351 Χαιρέστρατος
505 2265 694 2350 τηλικοῦτος
706 2257 753 2332 δν
769 2261 1034 2353 τετριηράρχηκε,

79 2360 278 2453 κεχορήγηκε
303 2364 341 2432 δὲ
356 2368 554 2455 τραγῳδοῖς,
578 2360 883 2452 γεγυμνασιάρχηκε
900 2363 938 2432 δὲ
954 2372 1035 2451 λαμ-

79 2461 174 2531 πάδι·
193 2466 249 2532 καί
265 2461 324 2543 τάς
343 2460 500 2551 εἰσφοράς
519 2461 765 2551 εἰσενηνόχασιν
778 2457 957 2552 ἀμφότεροι
974 2461 1035 2532 πά-

80 2583 137 2642 σας
156 2566 191 2632 έν
208 2579 276 2643 τοῖς
292 2571 498 2652 τριακοσίοις.
526 2565 582 2632 καὶ
599 2565 679 2641 τέως
695 2563 757 2650 μέν
776 2558 829 2629 δύ’
848 2558 952 2648 ὄντες,
970 2565 1036 2632 νῦν

80 2664 118 2731 δὲ
135 2665 190 2731 καὶ
207 2659 225 2733 ὁ
242 2663 401 2755 νειότερος
418 2658 531 2733 οὑτοσὶ
549 2678 683 2751 χορηγεῖ
697 2663 758 2751 μὲν
774 2666 969 2753 τραγῳδοῖς,
988 2669 1036 2741 εἰς

79 2763 118 2832 δὲ
143 2760 221 2843 τοδς
247 2771 456 2855 τριακοσίους
483 2766 699 2852 ἐγγέγραπται
724 2765 780 2832 καί
809 2762 954 2852 εἰσφέρει
979 2758 1037 2842 τάς

79 2862 245 2954 εἰσφοράς.
294 2860 373 2933 ὥστ’
406 2861 447 2934 οό
473 2870 682 2952 φθονεῖσθαί
711 2870 795 2933 εἰσιν
820 2859 920 2951 άξιοι,
954 2859 1037 2932 άλλά
1053 2878 1086 2932 61

79 2961 165 3034 πολδ
190 2966 315 3052 μάλλον
340 2961 468 3053 νήΛία
486 2967 541 3034 καί
562 2962 621 3036 τόν
635 2960 781 3035 Ἀπόλλω
798 2953 906 3051 οὗτοι,
935 2971 966 3033 εἰ
982 2961 1037 3051 λή-

79 3079 198 3147 ψονται
224 3060 246 3132 δ
270 3062 315 3154 μή
337 3062 494 3155 προσήκει
518 3061 638 3145 αὐτοῖς.
673 3068 735 3134 τοῦ
755 3061 817 3155 γάρ
837 3062 1036 3152 Φιλοκτήμο-

78 3193 136 3244 νος
154 3163 280 3255 κλήρου
297 3160 339 3234 άν
356 3166 417 3254 μὲν
436 3164 661 3253 ἐπιδικάσηται
677 3162 747 3254 ὅδε,
764 3160 845 3253 ὑμῖν
862 3160 965 3233 αὐτόν
981 3192 1037 3233 τα·

78 3262 222 3354 μιεόσει,
234 3262 274 3334 τά
285 3263 551 3355 προσταττόμενα
562 3268 762 3356 λειτουργῶν
772 3261 882 3353 ὥσπερ
900 3265 955 3333 καί
972 3266 1037 3332 νυν

78 3367 135 3434 καὶ
154 3371 202 3434 ἔτι
219 3369 357 3454 μάλλον·
377 3364 435 3436 έάν
453 3363 486 3435 δ’
505 3355 597 3436 ου’τοι
614 3364 755 3453 λάβωσι,
776 3361 1038 3454 διαφορήσαντες

77 3467 205 3556 ἑτέροις
224 3465 508 3553 ἰπιβουλεόσουσι.
