2316 3900
273 138 404 194 ΚΑΤΑ
425 137 807 197 ΚΤΗΣΙΦΩΝΤΟΣ.
947 135 1008 199 135

61 306 157 379 λους,
176 293 235 375 οὓς
246 302 364 380 ἔλαβεν
377 297 413 362 έν
425 302 465 382 τῇ
478 292 644 382 ὀρχήστρᾳ
658 297 797 382 χορηγὸς
810 295 875 384 ἀν,
897 301 951 366 καὶ
965 295 1009 377 ὡς

61 392 202 461 ἀπέδοτο
213 393 391 476 τριάκοντα
397 400 492 476 μνων
499 390 566 477 άμα
573 393 636 477 τήν
641 419 676 459 τε
684 399 730 470 είς
736 393 947 483 αύτόνύβριν
953 398 1008 463 καὶ

59 495 120 580 τήν
128 501 189 561 τοῦ
201 494 307 579 δήμου
317 497 614 576 καταχειροτονίαν,
628 487 672 576 ήν
682 493 718 558 ἐν
727 493 901 559 Διονύσου
911 518 1008 560 κατε-

11 610 46 664 53
60 591 269 678 χειροτόνησε
278 593 427 656 Μειδίου,
441 595 544 655 ταῦτα
551 581 682 672 μὲνοῦν
688 613 743 674 μοι
751 593 838 656 δοκῶ
846 591 899 656 καῖ
906 581 1009 656 τάλλα

62 689 99 755 τά
117 690 246 766 τούτοις
262 686 360 772 ὅμοια
377 683 643 773 ὑπερβήσεσθαι,
666 713 708 754 ον
698 685 939 770 ’προδιδούς
922 696 1009 773 υμᾶς

63 787 183 858 οὐδὲ
149 815 209 855 τον
219 788 333 873 ἀγωνα
345 788 655 873 καταχαριζόμενος,
673 786 746 856 ἀλλ’
760 793 865 857 έκεῖνο
880 789 1006 875 φοβού-

62 875 167 971 μὲνος,
180 887 224 972 μή
235 912 291 972 μοι
302 883 381 968 παρ’
395 884 490 972 ύμων
500 884 673 975 ἀπαντήση
684 914 720 954 το
711 887 889 956 δοκεῖν
855 917 916 975 μεν
927 889 1009 975 ἀλη-

61 994 108 1069 θῆ
121 983 268 1071 λέγειν,’
250 1000 367 1069 αρχαῖα
379 985 414 1052 δὲ
424 986 478 1052 καὶ
492 992 567 1051 λίαν
578 983 837 1074 ὁμολογούμενα.
852 981 1008 1070 καίτοι,ύ

62 1083 303 1170 Κτησιφῶν,”
282 1109 347 1173 οτφ
365 1082 404 1151 τά
423 1087 558 1168 μέγιστα
576 1092 645 1151 τῶν
661 1085 860 1170 αἰσχράν’
824 1086 930 1166 ούτως
941 1090 1008 1154 ἐστὶ

63 1181 160 1248 πιστά
177 1188 230 1250 καὶ
241 1183 390 1268 γνώριμα
400 1194 467 1259 τοῖς
478 1178 676 1265 ἀκούουσιν,
701 1181 1008 1269 άστετόνκατήγο-

63 1306 124 1362 ρον
145 1278 188 1366 μή
212 1285 321 1348 δοκεῖν
342 1284 449 1365 ψευὸή
471 1283 594 1364 λέγειν,
618 1279 701 1349 ἀλλά
722 1282 844 1349 παλαιά
861 1286 916 1350 καὶ
933 1290 1009 1350 λίαν

62 1380 377 1463 προωμολογημένα,
401 1378 524 1459 πότερα
541 1375 646 1444 αύτὸν
663 1384 715 1446 δεῖ
725 1389 838 1469 χρυσῷ
854 1384 1007 1470 στεφάνῳ

63 1482 320 1561 στεφανωθῆναι
337 1471 359 1561 ή
376 1479 552 1560 ψίγεσθαις
575 1479 629 1543 καὶ
639 1477 676 1543 σὲ
686 1476 746 1545 τὸν
759 1483 866 1563 ψευδῆ
877 1483 932 1547 καὶ
944 1506 1008 1546 πα-

62 1576 191 1661 ράνομα
208 1582 378 1660 τολμῶντα
394 1575 539 1660 γράφειν
556 1575 679 1658 πότερα
700 1574 761 1661 χρή
786 1591 1008 1661 καταφρονεῖν

61 1683 129 1741 τῶν
141 1671 392 1760 ὃικαστηρίωνή
405 1679 501 1758 δίκην
511 1682 552 1761 τῇ
563 1673 657 1740 πόλει
668 1674 813 1753 ἀιδόναις

10 1785 45 1839 54
104 1851 108 1855 ,
144 1775 226 1855 Περὶ
251 1772 286 1838 δὲ
309 1781 376 1838 τοῖν
393 1777 561 1856 δημοσίων
579 1770 790 1856 ἀδικημάτων
811 1772 1008 1857 πειράσομαι

62 1875 266 1958 σαφέστερον
283 1875 395 1936 εἰπεῖν.
418 1871 472 1935 καὶ
489 1867 553 1953 γάρ
566 1869 781 1955 πυνθάνομαι
792 1875 923 1956 μέλλειν
938 1880 1009 1956 Δη-
1024 1887 1076 1941 44λ

61 1973 248 2054 μοσθένην,
261 1965 395 2034 ἐπειδάν
406 1965 517 2044 αὐτοῖς
528 1966 545 2034 ὁ
557 1967 655 2053 λόγος
667 1966 832 2057 ἀποδοθῇ,
845 1980 1007 2054 καταριθ-

61 2078 195 2152 μεῖσθαι
214 2067 295 2149 πρός
313 2064 415 2152 ὑμᾶς,
436 2064 479 2144 ὡς
491 2065 556 2151 ἀρα
566 2076 607 2155 τῇ
617 2067 709 2134 πόλει
720 2073 868 2154 τέτταρες
877 2068 939 2157 ήδη
952 2097 1009 2155 γε·

61 2167 214 2248 γένηνται
237 2167 362 2250 καιροί,
386 2167 422 2230 ἐν
439 2158 487 2242 οἷς
504 2162 603 2243 αύτὸς
622 2174 858 2234 πεπολίτευται.
882 2160 930 2234 ὦν
950 2170 1008 2234 ἕνα

63 2266 124 2348 μὲν
137 2265 191 2329 καὶ
204 2271 351 2346 πρῶτον,
366 2260 408 2341 ὡς
420 2269 522 2348 ἔγωγε
534 2262 661 2348 ἀκούω,
674 2271 915 2349 καταλογίζεται
925 2269 1008 2333 ἐκεῖ·

62 2388 124 2428 νον
141 2360 353 2446 τὸνχρύνον,
377 2363 413 2426 ἐν
433 2353 459 2451 ᾦ
477 2360 559 2446 πρὸς
576 2369 741 2427 Φίλιππον
756 2357 1008 2446 ὑπὲρἏμφιπύ-

63 2470 144 2534 λεως
156 2464 394 2544 ἐπολεμοῦμεν·
417 2469 537 2526 τοῦτον
549 2459 582 2524 θ’
600 2458 787 2543 ἀφορίζεται
798 2469 837 2547 τῇ
848 2463 1009 2548 γενομένῃ

64 2558 177 2644 εἰρήνη
199 2560 254 2622 καὶ
277 2563 458 2644 συμμαχίᾳ,
484 2555 528 2643 ἣν
550 2557 755 2643 Φιλοκράτης
777 2556 794 2624 ὁ
816 2555 1010 2642 Ἁγνούσιος

64 2664 186 2741 ἔγραψε
205 2657 258 2722 καὶ
275 2654 375 2734 αύτός
393 2650 490 2735 οὗτος
507 2655 577 2742 μετ’
596 2661 742 2744 ἐκείνου,
766 2656 810 2736 ὡς
825 2657 890 2743 έγά
904 2663 1007 2738 δείξω.

12 2778 46 2828 55
63 2756 220 2839 δεύτερον
232 2759 268 2821 δέ
274 2776 355 2840 φησι
364 2758 520 2839 γενέσθαι
531 2753 572 2821 ἀν
580 2753 705 2842 ήγομεν
714 2755 837 2842 χρόνον
849 2754 909 2841 τήν
920 2757 1010 2842 είρή-

63 2883 141 2940 νην,
158 2853 311 2939 δηλονότι
322 2859 414 2938 μέχρι
424 2860 481 2938 τής
491 2850 614 2940 ἡμέρας
624 2857 763 2940 ἐκείνης,
783 2844 853 2943 ένή
866 2852 1011 2921 καταλύ-

65 2974 123 3029 σας
141 2950 201 3035 τήν
219 2948 435 3037 ὑπάρχουσαν
452 2952 587 3037 εἰρήνην
605 2959 645 3040 τῇ
663 2953 755 3020 πόλει
773 2950 902 3030 ὁαύτὸς
914 2944 1012 3029 οὗτος

64 3050 172 3134 ῥήτωρ
185 3055 306 3134 ἔγραφε
317 3049 377 3117 τὸν
388 3050 547 3136 πόλεμον·
568 3059 679 3133 τρίτον
690 3054 725 3117 δὲ
735 3048 775 3118 ὃν
785 3055 1012 3135 ἐπολεμοῦμεν

64 3148 186 3232 χρόνον
202 3149 296 3234 μέχρι
312 3157 369 3235 τῆς
382 3148 514 3235 ἀτυχίας
525 3158 582 3236 τής
595 3155 630 3216 έν
641 3158 844 3239 Χαιρωνείᾳ,
856 3155 1011 3233 τέταρτον

65 3245 100 3310 δὲ
119 3243 178 3312 τὸν
197 3253 261 3312 νῦν
279 3248 426 3329 παρόντα
443 3247 571 3328 καιρόν.
595 3257 699 3315 ταῦτα
715 3248 750 3315 δὲ
761 3246 1013 3331 καταριθμησά-
1028 3264 1081 3321 443

64 3368 172 3426 μενος,
187 3341 231 3420 ἀς
243 3341 372 3424 ἀκούω,
385 3349 494 3429 μέλλει
505 3371 545 3430 με
556 3355 758 3431 παρακαλεῖν
769 3348 823 3412 καὶ
834 3348 1011 3429 ἐπερωτᾶν,
