2340 3916
129 187 171 252 52
509 185 727 238 ιιιιοιιιιου

130 328 311 422 ἀπορρήτῳ
331 339 461 418 ἰσασιν,
480 326 502 418 ή
519 314 644 417 βουλή·
664 323 724 408 οὓς
742 331 857 420 πολλῷ
876 325 986 415 δήπου
1004 331 1097 411 εἰκὸς

132 421 230 519 ἧττον
249 429 340 500 ἀντι
360 431 576 522 ἐξαμαρτεῖν,
599 424 670 517 ήεί
684 427 774 518 ἀμάς
793 431 864 498 δέοι
881 426 1097 512 ἀκούσαντάς

130 559 161 601 τι
180 536 217 602 έν
240 536 287 625 τῷ
307 538 511 623 παραχρῆμα
528 534 595 601 νῦν
619 531 939 620 διαβουλεύσασθαι.
976 537 1013 601 οέ
1034 537 1096 620 μέν

129 662 168 722 γε
198 636 302 724 σχολή
336 635 413 724 περὶ
439 639 509 704 τῶν
535 634 847 721 εἰσαγγελλομένων
878 638 1099 724 σκοποῦνται,

130 735 273 826 ὑπάρχει
295 763 332 806 τε
356 734 493 824 αὐτοῖς,
520 736 581 805 ἐάν
606 761 638 803 τι
664 735 955 826 ἐξαμαρτάνωσιν,
983 744 1099 807 αἰτίαν

131 840 297 924 ἔχεινκαὶ
328 838 433 925 λόγου
458 837 601 927 αἰσχρὸν
625 839 662 907 ἐκ
686 841 757 907 τῶν
787 836 902 907 ἀλλων
931 841 1097 908 πολιτῶν·

129 938 213 1028 ὑμῖν
231 940 270 1010 δὲ
289 937 352 1008 οάκ
369 941 459 1010 εἰσίν
477 942 582 1029 ἕτεροι
595 936 660 1028 ἀφ’
682 930 730 1008 ὧν
748 946 863 1010 αἰτίαν
883 935 957 1030 (ἀν)
976 946 1097 1027 ἔχοιτε·

128 1043 170 1111 τά
195 1043 262 1130 γάρ
285 1039 431 1131 ὑμέτερα
449 1039 566 1111 αὐτῶν
592 1040 649 1129 ἐφ’
675 1039 762 1129 ὑμῖν
785 1047 923 1122 δικαίως
951 1043 1022 1111 ἐστὶ
1039 1045 1097 1111 καὶ

79 1156 111 1205 20
129 1135 169 1211 εὖ
183 1144 241 1211 καί
254 1145 379 1231 κακῶς,
398 1143 457 1212 ἐάυ
471 1142 663 1232 βούλησθε,
677 1145 868 1214 διαθέσθαι.
896 1141 918 1212 ἀ
931 1172 969 1230 γε
983 1146 1099 1232 μέντοι

131 1245 194 1325 ἔξω
217 1248 287 1314 τάν
311 1242 513 1335 ἀπορρήτων
537 1241 613 1315 οἷόν
638 1245 678 1315 τέ
705 1253 767 1333 μοί
796 1248 886 1316 ἐστιν
912 1253 1021 1317 εἰπεῖν
1049 1253 1099 1327 εἰς

130 1344 219 1432 ὑμᾶς
243 1343 307 1435 ήδη
326 1348 563 1437 πεπραγμένα,
587 1346 787 1417 ἀκούσεσθε.
826 1349 1010 1418 ἐπίστασθε
1031 1348 1098 1437 γάρ

129 1472 196 1516 που
212 1446 257 1529 ως
271 1447 422 1538 ήγγέλθη
436 1448 522 1537 ὑμῖν
536 1446 586 1517 ὅτι
600 1447 640 1517 οὐ
659 1450 772 1537 μέλλει
786 1451 824 1518 ἐκ
839 1449 985 1540 Κάπρου
1004 1465 1099 1530 σῖτος

111 1547 218 1636 ιήξειν
238 1552 406 1621 ένταῦθα·
428 1550 493 1638 ἐγω
507 1557 629 1620 τοίνυν
642 1550 796 1631 τοιοῦτός
814 1553 921 1620 τεκαὶ
934 1555 1099 1631 τοσοῦτος

130 1652 312 1741 ἐγενόμην,
338 1649 422 1722 ὥστε
447 1652 529 1733 τούς
553 1650 681 1742 ἀνδρας
707 1653 790 1733 τούς
814 1658 923 1723 ταῦτα
947 1653 1096 1741 βουλεύ-

130 1774 253 1833 σαντας
265 1752 320 1842 ἐφ’
331 1754 417 1842 ὑμίν
425 1757 484 1824 καὶ
494 1755 686 1844 πράξαντας
701 1757 894 1842 ψευσθῆναι
906 1759 966 1842 τής
980 1753 1097 1824 αὐτῶν

77 1887 108 1934 21
128 1855 273 1944 γνώμης.
326 1858 384 1925 καὶ
420 1855 466 1937 ως
501 1856 565 1945 μὲν
599 1857 707 1925 ταυτα
744 1857 950 1945 διεπράχθη,
991 1855 1095 1926 οὐδὲν

128 1954 305 2045 προῦργου
324 1956 468 2026 ἀκοῦσαι
484 1957 585 2047 άμῑν·
604 1957 645 2027 τά
664 1957 702 2026 δὲ
718 1959 801 2028 νυνλ
819 1959 988 2046 βούλομαι
1004 1957 1096 2045 ἀμάς

128 2060 274 2145 εἰδέναι,
298 2056 348 2127 ὅτι
366 2065 405 2129 αι’
420 2053 513 2155 (μὲν)
531 2060 714 2148 μέλλουσαι
731 2065 811 2147 νήες
833 2058 896 2148 ήδη
914 2062 1097 2146 σιταγωγοὶ

129 2166 314 2229 καταπλεῖν
339 2167 387 2242 εἰς
411 2162 472 2230 τὸν
491 2165 632 2251 Πειραιά
650 2166 736 2230 εἰσιν
763 2159 849 2249 άμίν
866 2162 1021 2251 τέτταρες
1039 2164 1097 2229 καί

128 2261 229 2348 δέκα,
260 2266 299 2331 αἰ
326 2261 365 2331 δὲ
395 2265 509 2333 λοιπαὶ
540 2266 610 2332 τάν
643 2266 680 2333 έιι
706 2262 853 2353 Κάπρου
881 2261 1096 2350 ἀναχθεισῶν

126 2358 264 2449 ἥξουσιν
282 2362 406 2453 ἀθρόαι
425 2364 466 2434 οά
485 2365 573 2434 πολι)
594 2361 745 2454 ὕστερον.
783 2365 946 2453 ἐδεξάμην
965 2364 999 2433 δ’
1021 2361 1096 2453 (ἀν)

126 2463 203 2533 ἀντὶ
230 2466 369 2535 πάντων
399 2466 578 2555 χρημάτων
605 2463 692 2535 εἰναι
709 2460 757 2558 ἶέν
789 2466 938 2555 ἀσφαλεί
967 2467 1096 2557 φράσαι

126 2566 211 2655 πρὸς
229 2566 320 2656 ἀμάς
339 2564 360 2636 ἀ
378 2569 436 2636 καί
453 2572 497 2657 τῇ
514 2572 627 2657 βουλή
642 2571 679 2638 ἐν
693 2566 875 2660 ἀπορρήτῳ
889 2567 1094 2656 εἰσήγγειλα,

75 2699 107 2746 22
127 2664 218 2749 ὅπως
241 2667 391 2738 αὐτόθεν
415 2670 600 2758 προήδειτε.
636 2674 704 2738 νῦν
729 2669 768 2738 δὲ
792 2674 904 2741 ἐκεῖνα
928 2668 992 2757 μὲν
1017 2671 1094 2739 τότε

125 2767 207 2839 ὅταν
226 2768 440 2858 ἀποτελεσθῇ
458 2771 635 2858 γνώσεσθε
648 2768 717 2859 ἀμα
734 2773 792 2841 καὶ
811 2770 1093 2860 ὠφεληθήσεσθε·

125 2876 193 2939 νάυ
217 2871 273 2957 δέ,
306 2861 547 2961 ἀἈθηναίοι,
577 2883 611 2943 εἰ
631 2900 687 2962 μοι
717 2880 941 2963 βουληθείητε
971 2874 1095 2942 δοῦναι

126 2972 224 3061 χάριν
247 2972 371 3062 μικράν
387 3000 423 3042 τε
441 2975 498 3043 καλ
517 2972 647 3044 ἀπονον
671 2972 755 3062 ὑμῖν
773 2977 831 3045 καί
855 2973 924 3063 ἅμα
942 2978 1093 3062 δικαίαν,

197 3163 285 3236 εἰκὸς]
316 3166 357 3230 εἰς
375 3171 454 3222 ΑΒΖ.
476 3198 510 3209 -
533 3166 563 3224 ολ
578 3167 632 3238 μέν
650 3171 692 3239 γε]
716 3173 742 3223 si
765 3173 827 3237 52,
851 3172 897 3223 hic
916 3187 1023 3238 quoque
1042 3168 1098 3238 μὲν

126 3230 181 3302 γάρ
200 3238 374 3290 scribendum
393 3241 456 3295 erit.
468 3273 503 3282 -
515 3228 553 3292 ἀν
567 3246 632 3307 post
650 3235 749 3293 αἰτίαν
763 3255 824 3291 oum
837 3241 921 3295 Dobr.
941 3239 1003 3291 add.
1016 3240 1097 3294 Turr.

193 3308 234 3357 ⁶20.
253 3301 315 3358 οἷόν
339 3323 370 3359 τε
390 3322 451 3385 cun}
470 3307 562 3388 Stegb.
581 3308 646 3361 Bk.:
671 3299 734 3360 οἷόν
751 3323 793 3375 γε.
812 3336 846 3345 -
867 3300 1000 3388 ἠγγέλθη
1025 3301 1097 3371 ὑμῖν

127 3390 187 3424 cum
204 3374 303 3427 Valek.
324 3376 415 3427 Tum:
434 3392 498 3441 ηγγ.
518 3378 599 3443 ημῖν.
617 3403 650 3413 -
669 3369 765 3430 αὐτῶν
784 3377 876 3428 Turn:
895 3373 1001 3427 αυτάν.

191 3445 232 3495 21.
254 3430 314 3506 (ἀν)
339 3433 405 3494 ἀντὶ
429 3458 490 3493 cum
508 3443 592 3499 Dobr.
611 3446 704 3495 Turn:
727 3435 792 3496 ἀντί
815 3461 840 3495 v.
861 3444 948 3507 Schi.;
972 3434 1011 3496 ἀν
1036 3459 1096 3496 eum

107 3508 142 3556 R.
161 3509 216 3558 Bls.
237 3537 272 3546 -
290 3506 451 3580 πραήδειτε
468 3511 537 3567 Βίας
556 3510 721 3580 προειδῆτε.
