2340 3916
293 211 425 267 ΚΑΤΑ
445 209 828 268 ΚΤΗΣΙΦΩΝΤΟΣ.
968 204 1029 268 135

83 380 178 452 λονς,
197 367 255 447 οδς
267 375 385 452 ἔλαβεν
398 369 434 434 ἐν
446 374 486 453 τῇ
499 364 665 454 ὀρχήστρᾳ
679 367 818 453 χορηγός
831 365 896 453 dv,
918 370 972 436 καὶ
986 365 1030 447 ὡς

82 465 223 534 ἀπέδοτο
234 461 720 549 τριάκονταμνωνάματήντεε
723 463 1030 553 ίςαύτδνύβρινκαὶ

80 568 141 653 τήν
150 593 209 634 τον
198 567 329 652 δήμου
338 568 635 648 καταχειροτονίαν,
649 558 693 647 ήν
704 563 740 629 ἐν
749 562 922 630 Διονύσου
933 587 1029 629 κατε-

33 683 68 737 53
81 664 289 750 χειροτύνησε
300 665 448 728 Μειδίου.
462 685 565 726 ταντα
572 686 633 744 μεν
640 685 703 725 ονν
709 684 764 744 μοι
772 651 1030 726 δοκωκαιταλλα

83 761 120 828 τά
138 763 267 838 τούτοις
283 759 381 844 ὅμοια
399 755 665 844 ὑπερβήσεσθαι,
688 784 730 825 ον
720 755 961 841 ’προδιδούς
944 766 1031 842 υμᾶς

85 859 676 946 οὐδὲτόνάγωνακαταχαριξύμενος,
695 857 886 928 ἀλλ’ἐκεῖνο
901 860 1028 986 φοβού-

84 948 189 1044 μὲνος,
201 960 245 1046 μή
257 987 313 1044 μοι
323 955 402 1042 παρ’
416 956 512 1085 ύμωγ
522 956 695 1046 ἀπαντήση
707 985 742 1025 το
733 958 912 1027 δοκεῖν
877 988 938 1046 μεν
949 959 1031 1045 ἀλη-

83 1068 129 1142 θῆ
143 1056 289 1144 λέγειν,’
271 1073 389 1178 αργαῖοι
400 1057 436 1124 δὲ
447 1083 500 1124 και
489 1059 589 1123 λίαν
600 1055 859 1144 ὁμολογούμενα
874 1052 1031 1141 καίτοι,
1004 1086 1029 1125 ω

84 1156 324 1243 Κτησιφῶν,”
304 1182 369 1245 οτφ
387 1154 426 1224 τά
445 1159 580 1240 μέγιστα
598 1164 666 1222 τῶν
683 1156 882 1241 αίσχρῶν’
846 1156 952 1237 ούτως
963 1160 1031 1224 ἐστὶ

84 1254 181 1320 πιστά
199 1260 252 1323 καὶ
263 1255 412 1340 γνώριμα
422 1267 489 1331 τοῖς
501 1251 699 1336 ἀκούουσιν,
724 1253 806 1321 ὥστε
816 1255 876 1322 τδν
888 1255 1031 1340 κατήγο-

85 1379 146 1437 ρον
167 1351 210 1438 μή
234 1357 344 1420 δοκεῖν
364 1356 471 1438 ψευδῆ
494 1355 616 1436 λέγειν,
640 1350 723 1420 ἀλλά
745 1353 867 1420 παλαιά
883 1356 938 1420 καὶ
955 1360 1031 1421 λίαν

84 1452 400 1535 προωμολογημένα,
424 1450 546 1531 πότερα
564 1446 668 1516 αύτόν
686 1456 737 1518 δεῖ
747 1460 860 1540 χρυσῷ
876 1454 1030 1540 στεφάνῳ

84 1555 342 1633 στεφανωθῆναι
359 1543 382 1633 ή
398 1551 575 1630 ψέγεσθαι;
597 1550 651 1614 καὶ
662 1548 699 1614 σὲ
709 1547 769 1616 τὸν
782 1554 888 1634 ψενδή
900 1552 955 1616 καὶ
966 1576 1031 1616 πα-

84 1649 213 1733 ράνομα
230 1654 401 1733 τολμῶντα
417 1647 561 1731 γράφειν
578 1646 702 1729 πότερα
723 1645 784 1733 χρὴ
808 1662 1031 1732 καταφρονεῖν

83 1756 151 1814 τῶν
163 1743 414 1831 δικαστηρίωνή
428 1750 523 1830 δίκην
534 1754 575 1833 τῇ
585 1745 679 1812 πόλει
691 1745 836 1824 διδύναι;

32 1857 68 1912 54
127 1923 130 1928 ¹
166 1848 250 1927 Περὶ
273 1845 308 1911 δὲ
332 1853 399 1910 των
416 1849 584 1928 δημοσίων
601 1843 813 1928 ἀδικημάτων
834 1843 1031 1929 πειράσομαι

85 1948 288 2030 σαφέστερον
306 1948 418 2010 εἰπεῖν.
441 1943 495 2008 καὶ
512 1940 576 2025 γάρ
588 1941 804 2027 πυνθάνομαι
815 1947 946 2027 μέλλειν
960 1952 1032 2028 Λη-
1047 1958 1099 2012 442

84 2046 270 2127 μοσθένην,
284 2039 418 2108 ἐπειδάν
429 2037 540 2116 αὐτοῖς
551 2038 568 2106 ὁ
580 2039 678 2125 λόγος
689 2038 855 2128 ἀποδοθῇ,
868 2052 1029 2125 καταριθ-

84 2151 218 2225 μεῖσθαι
237 2140 318 2222 πρός
335 2138 438 2224 ὑμᾶς,
459 2136 502 2216 ὡς
514 2137 579 2223 ἀρα
589 2148 630 2226 τῇ
640 2139 731 2206 πόλει
742 2144 891 2225 τέτταρες
900 2140 963 2228 ήδη
975 2168 1031 2226 γε·

84 2240 237 2321 γένηνται
260 2240 385 2322 καιροί,
409 2239 445 2302 ἐν
462 2230 510 2314 οἷς
527 2233 626 2315 αύτδς
644 2245 881 2305 πεπολίτευται.
905 2231 953 2305 ὦν
973 2241 1031 2305 ἕνα

86 2338 147 2420 μὲν
160 2337 214 2403 καὶ
227 2343 374 2419 πρῶτον,
389 2332 431 2413 ὡς
443 2341 545 2419 ἔγωγε
557 2333 684 2420 ἀκούω,
697 2342 938 2421 καταλογίζεται
949 2341 1032 2405 έκεῖ-

85 2461 147 2500 νον
163 2433 222 2500 τὸν
238 2435 376 2519 χρόνον,
400 2435 436 2498 ἐν
456 2424 482 2522 ᾦ
500 2431 582 2517 πρὸς
599 2440 764 2498 Φίλιππον
779 2429 1031 2518 ύπὲρἈμφιπύ-

86 2542 167 2607 λεως
179 2537 417 2615 ἐπολεμοῦμεν
440 2540 560 2597 τοῦτον
572 2530 606 2596 δ’
623 2530 811 2616 ἀφορίζεται
821 2542 860 2619 τῇ
871 2537 1032 2621 γενομένῃ

87 2631 200 2716 εἰρήνη
222 2633 277 2696 καὶ
301 2636 481 2716 συμμαχία,
508 2627 551 2715 ἣν
574 2630 779 2714 Φιλοκράτης
800 2628 818 2696 ὁ
840 2628 1033 2714 Ἀγνούσιος

87 2737 209 2814 ἔγραψε
228 2731 282 2795 καὶ
299 2726 398 2807 αὐτὸς
416 2723 514 2808 οὗτος
530 2727 601 2814 μετ’
620 2733 765 2816 ἐκείνου,
790 2728 833 2808 ως
849 2729 914 2815 ἐγω
928 2735 1030 2810 δείξω.

36 2851 70 2901 55
86 2829 243 2911 δεύτερον
255 2832 292 2893 δέ
298 2849 378 2912 φησι
387 2831 544 2913 γενέσθαι
554 2825 595 2894 δν
604 2825 729 2914 ήγομεν
738 2827 861 2914 χρόνον
872 2826 932 2912 τήν
944 2828 1033 2912 είρή-

87 2955 164 3012 νην,
182 2926 335 3012 δηλονότι
346 2932 437 3010 μέχρι
448 2933 504 3011 τῆς
515 2923 637 3012 ἡμέρας
647 2929 788 3012 ἐκείνης,
807 2917 876 3014 ένή
890 2925 1035 2991 καταλύ-

88 3046 147 3102 σας
164 3023 224 3109 τήν
242 3022 459 3109 ὑπάρχουσαν
475 3024 611 3109 εἰρήνην
628 3032 668 3112 τῇ
686 3024 779 3092 πόλει
796 3022 926 3102 ὁαύτὸς
937 3014 1035 3101 οὗτος

88 3123 195 3206 ῥήτωρ
209 3129 330 3207 ἔγραψε
341 3121 400 3189 τὸν
412 3122 571 3207 πόλεμον·
592 3131 703 3205 τρίτον
714 3126 749 3189 δὲ
759 3120 798 3190 δν
809 3127 1035 3207 ἐπολεμοῦμεν

88 3221 210 3305 χρόνον
227 3223 319 3307 μέχρι
335 3230 392 3307 τής
406 3219 538 3307 ἀτυχίας
549 3230 606 3308 τής
619 3227 654 3289 ἐν
665 3230 868 3311 Χαιρωνεία,
880 3226 1035 3305 τέταρτον

89 3317 124 3383 δὲ
142 3315 201 3384 τὸν
221 3327 285 3386 νῦν
302 3321 449 3401 παρόντα
467 3319 595 3403 καιρόν.
619 3328 722 3386 ταῦτα
739 3320 774 3386 δὲ
786 3319 1037 3404 καταριθμησά-
1053 3337 1105 3394 443

88 3441 196 3499 μενος,
211 3415 255 3495 ἀς
267 3415 395 3498 ἀκούω,
409 3423 518 3502 μέλλει
529 3444 569 3504 με
579 3427 782 3502 παρακαλεῖν
793 3421 847 3484 καί
858 3420 1042 3497 ἐπερωτᾶν,
