2340 3916
83 221 124 282 66
497 213 624 264 ΙΣΑΙΟΤ
943 211 998 263 On.
1018 209 1048 264 5.
1069 244 1072 250 -

83 385 184 456 ω’σειν
201 381 302 456 οὐδὲν
320 374 368 454 οδν
385 379 464 473 ήμῖν
482 379 605 472 άτιέστη
625 387 660 454 έν
676 387 724 476 τῷ
750 389 967 477 δικαστηρίω,
996 388 1047 453 δι·
1086 364 1092 435 ¹¹

83 484 317 577 ισχυριζόμεθα
334 480 416 575 πρδς
433 492 590 555 Μικίωνα
609 487 761 556 έναντίον
778 487 847 554 τοῖν
867 485 1046 574 δικαστῶν,

85 590 256 667 ἐθέλοντες
273 581 386 656 ὁτιοῦν
403 582 558 674 πάσχειν,
586 592 617 654 εί
634 583 850 673 βεβαιωσειεν
874 580 968 677 αὐτῷ
985 594 1047 655 Δι-

82 690 254 775 καιογένης
271 683 308 757 τδ
326 693 519 774 βαλανεῖον,
543 681 606 754 οὐκ
623 683 665 756 άν
682 712 761 755 ποτε
779 683 924 774 οἰόμενοι
941 681 1048 755 αάτδν

83 791 216 858 ἐναντία
233 783 282 867 οἷς
309 782 497 874 οδμολόγησε
523 789 659 876 πρᾶξαι,
686 782 727 855 οά
748 782 794 854 δι’
813 781 887 855 ἄλλ’
906 778 1048 874 οάδδνή

47 887 138 958 4διά
163 886 241 968 τοδς
268 883 443 974 ἐγγυητάς,
470 881 520 955 ὅτι
548 885 813 975 καθειστήκεσαν
839 882 928 975 ἡμῖν.
966 882 1048 956 άπο-
1085 890 1092 898 ”

81 987 159 1069 στάς
179 989 216 1057 δέ
234 988 451 1073 Δικαιογένης
470 976 518 1056 οἶν
535 989 591 1057 καὶ
609 991 674 1059 νῦν
691 982 847 1076 ὁμολογεῖ
861 982 1049 1075 ἀφεστάναι

81 1084 173 1178 ἡμῖν,
194 1091 372 1174 ἐβεβαίωσε
390 1093 538 1156 Μικίωνι
555 1085 593 1158 τδ
612 1095 800 1175 βαλανεῖον.
828 1089 884 1158 καὶ
903 1083 968 1174 ἐγω
987 1086 1049 1174 μὲν

80 1184 99 1258 δ
117 1186 236 1268 άθλιος
253 1184 314 1275 οὐχ
332 1184 421 1267 ὅπως
438 1215 469 1256 τι
489 1190 524 1258 έκ
540 1190 602 1259 τοῦ
618 1186 743 1279 κλήρου
771 1185 934 1276 εἰληφώς,
961 1181 1049 1255 α’λλά

82 1284 385 1379 προσαιτολωλεκοδς
407 1287 646 1379 τετταράκοντα
664 1291 764 1377 μνάς,
792 1283 915 1377 άτιήειν
931 1281 1049 1377 δβρισ·

81 1393 178 1479 μένος
194 1384 260 1458 δκδ
278 1390 339 1458 τοῦ
354 1391 603 1478 Δικαιογένονς.
648 1392 704 1459 καὶ
722 1387 850 1458 τούτων
867 1383 950 1477 ὑμῖν
967 1383 1050 1476 μάρ·

82 1518 185 1582 τυρας
203 1491 389 1580 παρέξομαι.

460 1652 669 1703 ΜΑΡΤΤΡΕΣ.

46 1803 61 1854 b
160 1798 271 1864 Ταῦτα
289 1794 349 1882 μὲν
367 1790 583 1882 πεπόνθαμεν
594 1787 661 1861 ὑπὸ
675 1796 926 1881 Δικαιογένους,
947 1783 975 1862 οἷ
992 1790 1051 1862 ἄν·

82 1900 170 1985 δρες·
199 1890 216 1964 δ
245 1891 276 1963 δ’
307 1889 549 1983 ἐγγυησάμενος
575 1889 678 1962 αὐτὸν
703 1892 882 1984 Λεωχάρης
907 1896 963 1963 καὶ
981 1895 1052 1962 τοῖν

80 1993 216 2065 πάντων
233 1990 313 2083 ήμῖν
331 1997 442 2062 κακῶν
468 2003 570 2073 αἴτιος
588 1990 630 2062 οὔ
647 2012 751 2082 φησιν
778 1988 1051 2083 έγγυήσασθαιά

80 2110 375 2184 καταμαρτυρεῖται
402 2090 525 2182 αὐτοῦ,
553 2089 602 2162 ὅτι
630 2096 666 2164 ἐν
692 2096 739 2185 τῷ
763 2101 976 2186 γραμματείῳ
1005 2095 1054 2187 τῷ

81 2198 133 2264 έκλ
168 2198 228 2264 τοῦ
264 2200 478 2282 δικαστηρίου
511 2196 672 2283 γραφέντι
708 2190 770 2263 οὐκ
797 2200 906 2264 ἔνεστι
931 2195 1050 2264 ταῦτα.

79 2290 173 2384 ἡμεῖς
193 2297 245 2382 δέ,
265 2285 292 2362 ιδ
310 2292 447 2382 ἄνδρες,
474 2290 543 2363 τότ’
564 2296 617 2362 ἐπὶ
635 2297 697 2363 τοῦ
714 2291 858 2383 βήματος
881 2292 1052 2364 σκεύδον·

79 2423 132 2476 τες
159 2392 198 2465 τά
225 2395 286 2484 μὲν
314 2391 519 2484 ἐγράψαμεν,
546 2396 614 2465 τοῖν
642 2395 679 2464 δὲ
705 2392 873 2485 μάρτυρας
894 2391 1053 2482 έκοιησά·

79 2509 182 2586 μεθα·
209 2486 301 2566 οὗτοι
328 2498 381 2585 δέ,
400 2490 422 2563 ά
447 2496 508 2584 μὲν
534 2491 647 2576 αὐτοῖς
665 2498 828 2586 συμφέρει
845 2498 914 2565 των
931 2491 1052 2584 δμολο·

77 2600 254 2686 γηθέντων
279 2594 370 2683 τότε,
398 2594 498 2686 κάριά
524 2616 627 2686 φασιν
655 2595 755 2685 εἶναι,
784 2602 815 2665 εἰ
840 2597 896 2665 καὶ
923 2592 969 2684 μή
995 2598 1052 2684 γέ-

77 2724 235 2788 γραιιται,
254 2694 276 2765 δὶ
294 2693 326 2765 δ’
346 2685 386 2766 οά
404 2698 581 2788 συμφέρει,
601 2690 641 2765 οὗ
660 2693 774 2787 κύρια,
802 2704 832 2766 εί
857 2693 901 2785 μή
928 2698 1053 2787 γέγρα-

46 2806 164 2868 θττται.
202 2795 265 2884 έγιδ
285 2793 329 2884 δ’,
349 2787 377 2864 ά
393 2794 524 2884 άνδρες,
542 2792 583 2865 οὗ
595 2795 754 2886 θαυμάζω
772 2793 823 2866 δτι
837 2800 973 2886 ἔξαρνοί
986 2803 1054 2866 εἰσι

79 2895 119 2967 τά
146 2893 395 2986 ὡμολογημένα·
428 2892 598 2987 οὐδὲγάρ
625 2894 667 2966 τά
691 2900 863 2987 γραφέντα
890 2899 1053 2969 ἐθέλουσι

80 3014 196 3067 ποιεῖν.
225 2992 319 3086 ἡμεῖς
338 2992 371 3063 δ’
391 2990 435 3076 οδς
453 2999 591 3085 λέγομεν
608 2992 730 3087 άληθή,
756 3000 811 3067 καὶ
835 2994 915 3068 ἄλλο
942 3025 975 3067 τι
1000 3024 1053 3068 τε·

81 3097 220 3187 κμήριον
238 3094 454 3188 παρεξόμεθα.
490 3103 711 3188 Πρωταρχίδη
736 3097 801 3190 γάρ
818 3101 868 3191 τῷ
885 3105 1052 3191 Ποταμίφ

80 3205 185 3269 ἔδωκε
210 3198 428 3285 Δικαιογένης
454 3194 515 3285 τήν
541 3193 727 3287 άδελφιδήν
753 3197 815 3287 τήν
843 3201 969 3268 ἑαυτοῦ
995 3200 1052 3268 ἐπὶ

78 3298 318 3392 τετταράκοντα
334 3313 449 3386 μναῖς,
476 3294 550 3368 άντλ
570 3299 607 3368 δὲ
623 3303 683 3387 τῆς
702 3297 836 3389 κροικδς
854 3297 917 3388 τήν
937 3307 1052 3369 οίκίαν

80 3398 171 3494 αὐτῷ
190 3397 252 3490 τήν
271 3403 306 3470 έν
322 3403 517 3492 Κεραμεικῷ
533 3402 712 3492 παρέδωκε.
748 3399 852 3490 ταάτη
872 3400 910 3474 δὲ
929 3405 974 3491 τῇ
989 3429 1049 3488 γν-

78 3510 185 3592 ναικί,
203 3499 248 3592 ἣν
265 3497 282 3572 ὁ
300 3507 539 3593 Πρωταρχίδης
559 3507 641 3591 ἔχει,
661 3499 819 3594 προσήκει
837 3503 901 3571 τον”
919 3498 1052 3595 κλήρου
