2340 3916
130 190 171 250 70
538 178 670 273 ΙΙΣΑΙΟῬ
986 179 1039 232 Οτι.
1054 187 1083 241 5,

129 374 220 444 νοχε
248 349 379 441 πλήν“
360 380 415 422 οτε
432 355 574 442 Λέχαιον
601 349 703 439 ἑάλω,
731 346 903 440 κληθεί(
884 347 949 421 υπό
969 353 1087 444 ἑτέρου

131 456 332 549 ἐπὲδωκεν’
316 484 352 525 εν
368 482 415 546 τω
403 452 527 577 δήμω
544 459 732 544 τριακοσίας
759 450 922 543 δραχμάς,
950 457 1088 524 ἔλαττον

78 549 151 608 3⁸
129 543 362 645 ηΚλεοίννμος
378 549 397 625 ὁ
414 553 520 646 Κρής·
539 556 594 623 καί
610 552 707 624 τοῦτο
725 547 957 640 ἐπίδωκεν,’
917 579 980 623 ουκ
998 553 1087 677 εἰσή-

129 683 265 777 νεγκεν,
291 651 363 726 ἀλλ’
384 651 435 725 ἐπ’
454 660 609 746 αἰσχίστῳ
636 651 852 744 ἐπιγραμματι
876 650 1070 742 ἐξετίθη’
1028 682 1087 724 αυ-

130 784 190 829 του
205 753 351 846 τοῦνομα
368 762 576 877 ἔμπροσθεν
572 781 640 825 των
658 749 901 843 ἐπωνύμαν,”
882 781 932 824 οτι
948 758 1021 824 οἵδε
1039 762 1088 837 εἰς

130 865 297 948 σωτηρίαν
322 861 379 945 τής
405 854 531 935 πόλεως
556 849 776 944 ὑποσχόμενοι
802 858 850 949 τῷ
876 853 969 948 δήμῳ
988 861 1086 926 εἰσοί-

86 978 203 1029 σειν
219 955 368 1048 χρήματα
385 952 613 1027 ἰθελονταί’
574 984 636 1026 ουκ
653 954 856 1043 εἰσήνεγκαν
892 962 998 1026 καίτοι
1016 959 1087 1038 πῶς

130 1054 222 1140 ἄξιον
247 1055 449 1180 θαυμάζειν,
473 1085 499 1125 οι
488 1047 697 1147 ανδρες,ε
681 1056 785 1145 εἰέμὲ
811 1054 1048 1144 ἐξηπάτησεν“
1027 1085 1088 1127 ενα

129 1185 226 1246 οντα,
253 1153 289 1238 ὃς
314 1153 401 1246 υμᾶς
428 1185 574 1237 απαντας
599 1186 666 1246 αμα
692 1159 963 1246 συνειλεγμένους
990 1159 1088 1226 ὲν
1044 1185 1086 1246 τη

131 1259 286 1349 ἐκκλησία
319 1261 454 1328 τοιαῦτα
488 1261 562 1328 ἐποί
561 1278 637 1346 ησες
672 1260 726 1327 καί
744 1255 880 1336 τουτων
900 1252 981 1346 νμίν
1007 1285 1088 1339 τους

128 1355 298 1450 μάρτυρας
315 1361 501 1450 παρέξομαι.

36 1469 39 1474 ¹
505 1523 712 1576 ΜΑΡΤΤΡΕΣ.

78 1668 112 1722 39
204 1670 265 1744 Εἰς
275 1664 336 1753 μὲν
353 1661 415 1753 τήν
426 1662 523 1734 πόλιν
534 1659 620 1733 οὕτω
639 1664 694 1732 καί
710 1664 852 1733 τοσαῦτα
874 1664 878 1752 Ι
902 1664 1086 1756 λελειτούρ-

128 1791 211 1852 γηκε
227 1768 446 1853 Δικαιογίνης
471 1760 535 1834 ἀπὸ
552 1762 720 1834 τοσούτων
737 1759 925 1853 χρημάτων·
953 1767 1030 1850 περὶ
1049 1768 1088 1835 δὲ

129 1862 206 1946 τους
233 1863 457 1956 προσήκοντας
482 1861 629 1944 τοιοῦτός
656 1867 744 1934 ἐστιν
769 1859 841 1933 οἷον
866 1858 974 1954 ὁρᾶτε,
1002 1862 1088 1936 ὥστε

130 1962 207 2044 τούς
225 1967 286 2053 μὲν
302 1960 398 2054 ἡμῶν
415 1962 568 2053 ἀφείλετο
585 1961 646 2052 τήν
663 1961 799 2051 οὐσίαν,
816 1960 866 2033 ὅτι
883 1972 993 2053 μεῖζον
1011 1968 1088 2036 ἑδν-

130 2062 235 2152 νήθη,
262 2063 339 2145 τούς
368 2067 405 2135 δὲ
421 2064 586 2156 περιεώρα
612 2072 658 2147 εἰς
675 2061 752 2144 τούς
769 2061 957 2153 μισθωτοής
975 2063 1087 2148 ἰόντας

123 2159 178 2234 ,δι’
198 2171 329 2235 ἔνδειαν
346 2169 414 2236 τοῖν
433 2170 580 2254 ἐπιτηὸεί
580 2193 635 2235 ων.
670 2162 732 2253 τήν
745 2165 783 2233 δὲ
794 2168 918 2255 μητέρα
930 2161 992 2252 τήν
1008 2165 1085 2236 τού-

129 2293 188 2334 του
213 2267 451 2354 καθημένην’
434 2294 470 2335 εν
495 2270 543 2360 τῷ
567 2269 624 2352 τής
649 2273 835 2386 Εἰληθυίας
861 2269 941 2357 ἰερῷ
965 2263 1087 2348 πάντες

132 2362 288 2488 εντ’ρων,
282 2369 337 2435 καί
354 2394 459 2459 τουτρ)
478 2361 722 2490 ἐγκαλοῦσαν
700 2395 721 2434 α
739 2363 802 2454 ἐγώ
821 2363 1017 2455 αἰσχυνομαι
1035 2371 1087 2437 λε’-

77 2475 112 2529 40
128 2493 217 2553 γειν,
246 2494 341 2548 ουτος
369 2468 406 2536 δὲ
423 2471 528 2538 ποιων
545 2494 606 2536 ουκ
632 2463 802 2556 ήσχυνετο.
838 2462 957 2536 τῶνδ’
977 2470 1087 2556 ἐπιτη·

131 2571 230 2638 oscum
247 2570 388 2638 Μέλανα
413 2563 532 2657 μὲν
499 2596 557 2638 τον
583 2566 835 2659 Αἰγυπτιον,ρο
823 2555 898 2636 ἐκ
914 2575 1087 2657 μειρακίου

130 2675 225 2755 φίλος
242 2657 303 2757 ήν,
331 2695 412 2755 οπερ
431 2675 528 2757 ἔλαβε
553 2663 631 2758 παρ’
651 2664 755 2737 αὐτου
771 2663 931 2758 ἆργυριον
947 2663 1086 2738 ἀποστε-

129 2765 248 2888 ρήσας,
267 2767 418 2856 ἔχθιστός
437 2772 519 2838 ἐστι
537 2771 605 2837 τῶν
624 2768 661 2837 δὲ
677 2765 787 2838 αλλων
805 2795 908 2838 αυτου
895 2769 1036 2855 φίλων
1053 2774 1088 2839 οἰ

90 2896 93 2933 ;
129 2862 246 2954 μὲν’
207 2894 269 2935 ουκ
286 2863 492 2955 ἄπέλαβον“
469 2897 491 2936 α
509 2865 800 2955 ἐδάνεισαν,οἰδ’
820 2866 1084 2958 ἐξηπατήθησαν,

130 2967 184 3034 καί
211 2962 273 3035 οὐκ
298 2975 419 3054 ἔλαβον
435 2963 457 3036 ἃ
471 2963 630 3057 ὑπέσχετο
656 2965 778 3057 αὐτοῖς,
806 2975 836 3037 εἰ
862 2967 1086 3039 ἐπιδικάσαιτο

79 3069 191 3135 41τοῦ
207 3063 347 3157 κλήρου,
367 3066 495 3139 δαίσειν.
541 3076 662 3157 καίτοι,
690 3059 867 3158 οἰᾶνὸρες,
886 3074 920 3138 οἰ
934 3065 1087 3161 ήμέτεροι

130 3164 287 3257 πρόγονοι
312 3173 347 3238 οἰ
368 3173 473 3238 ταῦτα
490 3167 684 3259 κτησάμενοι
701 3171 757 3239 καὶ
774 3167 1005 3251 καταλιπόντες
1023 3169 1085 3240 ποῖ-

131 3273 196 3347 σας
207 3267 269 3356 μὲν
284 3277 439 3360 χορηγίας
457 3270 668 3360 ἐχορήγησαν,
693 3267 888 3358 εἰσήνεγκαν
907 3272 945 3339 δὲ
962 3278 1009 3351 εἰς
1026 3268 1086 3341 τὰν

130 3365 273 3456 πόλεμον
298 3368 446 3460 χρήματα
470 3368 575 3440 πολλοὶ
599 3366 696 3460 ὑμῖν,
731 3373 786 3440 καὶ
811 3374 1085 3462 τριηραρχοῦντες

130 3464 252 3538 οὐδένα
277 3468 397 3560 χρόνον
424 3472 579 3542 διέλιπον.
623 3472 678 3540 καὶ
703 3469 830 3543 τούτων
855 3470 1021 3565 μαρτύρια
1048 3475 1083 3542 ἐν
