2340 3916
130 189 173 255 84
501 183 741 253 [εωΔοιτιεον]

132 332 243 413 δείξας
261 327 292 399 δ’
312 327 419 397 αὐτόν
437 327 586 416 φοβερὸν
603 328 660 395 καὶ
683 327 770 414 μέγα
788 324 983 414 δυνάμενον
1008 331 1100 407 ίδίας

133 430 200 501 άπὸ
227 433 296 499 τῶν
321 434 446 500 κοινῶν
473 428 665 520 προσόδους
695 427 972 497 κατεσκευάσατο.
1021 429 1101 496 σκί-

132 544 244 615 ψασθε
258 532 295 602 δὲ
310 535 381 613 πῶς
399 530 442 601 άν
459 558 508 612 τις
526 530 612 600 κακά
630 537 729 619 μείζω
743 529 876 600 τούτων
889 529 1101 600 κατασκευά-

135 656 243 723 σειεν,
261 643 293 706 εί
309 636 368 722 τῆς
387 641 553 723 σωτηρίας
571 632 653 720 ἡμῖν
671 632 782 721 πάσης
801 631 857 700 διά
875 634 945 700 τάν
965 630 1102 720 συμμά-

132 764 204 824 χων
222 735 346 825 οὔσης,
371 735 651 826 ὁμολογουμένως
668 738 737 804 νῦν
754 733 872 803 κάκιον
896 729 917 821 ἢ
935 733 1102 824 πρότερον

82 855 114 904 12
133 839 373 928 πραττόντων,
398 838 458 907 τόν
482 837 593 925 φόρον
624 835 774 916 ἑκάστοις
793 839 983 905 ἐδίπλωσεν.
1020 832 1101 905 ὥστ’

133 951 227 1030 εἴπερ
251 940 391 1028 ἡγεῖσθε
415 947 556 1027 πολίτην
582 937 716 1025 άγαίῖδν
731 937 939 1028 Ἀριστείδην
962 938 1020 1006 καὶ
1045 943 1102 1007 δί-

132 1068 228 1111 καιον
245 1043 439 1129 γεγονέναι,
461 1044 584 1109 τοῦτον
602 1039 761 1130 προσήκει
778 1039 937 1108 κάκιστον
955 1045 1102 1128 νομιζειν

136 1142 181 1223 οἱς
197 1141 362 1212 τάναντία
380 1144 543 1231 περὶτῶν
562 1142 694 1212 πόλεων
714 1145 834 1234 ἐκείνῳ
856 1141 1100 1229 γιγνώσκοντα.

133 1245 251 1335 τοιγάρ
268 1270 319 1313 τοι
336 1245 391 1313 διὰ
408 1247 515 1313 ταῦτα
534 1245 654 1313 πολλοὶ
672 1243 735 1331 τὴν
754 1248 901 1333 πατρίδα
914 1241 975 1330 τὴν
986 1241 1103 1312 αὐτῶν

135 1345 357 1426 ἀπολιπόντες
387 1346 539 1433 φυγάδες
569 1346 826 1432 γίγνονταικαὶ
851 1352 900 1425 είς
932 1352 1104 1434 Θουρίους

37 1510 40 1516 .
135 1448 327 1535 οἰκήσοντες
345 1446 556 1537 ἀπέρχονται.
583 1446 725 1536 δηλάσει
743 1445 781 1516 δὲ
799 1446 819 1536 ἡ
834 1449 903 1516 τῶν
917 1447 1104 1536 συμμάχων

137 1556 263 1640 ἔχθρα,
282 1547 364 1618 όταν
382 1550 518 1640 πρῶτον
535 1548 616 1638 ἡμῖν
629 1550 687 1617 καὶ
701 1553 980 1636 Λακεδαιμονίοις
997 1549 1103 1636 γίνη-

135 1678 188 1720 ται
210 1651 369 1732 ναυτικὸς
392 1649 546 1740 πόλεμος.
584 1651 650 1737 ἐγώ
670 1649 708 1720 δὲ
725 1657 848 1738 νομίζω
866 1649 927 1721 τὸν
946 1652 1103 1719 τοιοῦτον

135 1755 286 1844 πονηρὸν
295 1752 382 1823 εἶναι
391 1752 596 1842 προστάτην,
605 1749 694 1831 ὅστις
703 1754 764 1821 τοῦ
780 1752 948 1842 παρόντος
963 1749 1103 1840 (μόνον)

135 1855 261 1944 χρόνον
277 1858 488 1944 ἐπιμελεῖται,
506 1853 592 1922 άλλά
610 1854 655 1941 μὴ
668 1855 725 1922 καῖ
738 1858 801 1922 τοῦ
815 1854 998 1941 μέλλοντος
1014 1876 1104 1941 προ-

137 1971 281 2043 νοεῖται,
304 1957 361 2025 καὶ
384 1957 425 2023 τά
451 1953 569 2043 η’διστα
594 1957 641 2047 τῷ
668 1954 808 2044 πλήθει,
833 1954 1033 2045 παραλιπών
1064 1954 1105 2024 τά

88 2077 120 2126 13
137 2059 292 2145 βέλτιστα
302 2108 312 2143 ,
331 2056 565 2146 συμβουλεόει.
599 2057 764 2144 (θαυμάζω
782 2055 821 2126 δὲ
838 2060 908 2126 τάν
927 2055 1106 2145 πεπεισμέ-

138 2185 209 2227 νων
229 2154 441 2245 Ἀλκιβιάδην
468 2162 694 2247 δημοκρατίας
719 2160 918 2247 ἐπιθυμεῖν,
949 2158 1106 2246 τοιαότης

139 2266 308 2339 πολιτείας
338 2255 359 2347 ἣ
389 2258 531 2346 μάλιστα
554 2259 730 2348 κοινότητα
753 2265 850 2330 δοκεῖ
872 2259 1040 2350 ᾑρῆσθαι,
1071 2267 1109 2328 οἳ

139 2360 216 2431 οὐδ’
238 2359 304 2430 άπδ
329 2362 398 2428 των
423 2366 522 2430 ίδίων
546 2360 653 2430 αὐτὸν
677 2367 826 2431 θεῶνται
834 2417 844 2450 ,
874 2360 1022 2452 ὁρωντες
1045 2362 1108 2448 τὴν

139 2463 337 2544 πλεονεξίαν
362 2463 419 2531 καὶ
442 2461 505 2551 την
527 2462 786 2554 ὑπερηφανίαν,
811 2460 848 2544 ὃς
872 2463 934 2550 τὴν
953 2469 1106 2534 Καλλίου

139 2565 248 2655 γήμας
272 2561 425 2654 άδελφὴν
451 2567 507 2635 ἐπὶ
532 2568 613 2635 δέκα
630 2566 825 2652 ταλάντοις,
840 2564 1106 2654 ’τελευτήσαντος

136 2666 333 2737 Ἱππονίκου
348 2671 617 2757 στρατηγοῦντος
636 2668 691 2736 ἐπὶ
706 2675 826 2760 Δηλίῳ
845 2670 942 2755 ἕτερα
959 2668 1108 2737 τοσαῦτα

143 2769 411 2857 προσεπράξατο,
430 2770 539 2855 λέγων
554 2768 599 2849 άς
615 2767 830 2859 άμολόγησεν
850 2772 990 2856 ἐκεῖνος,
1007 2765 1109 2836 ὁπότε

143 2981 167 3014 τ.
199 2977 223 3017 σ.
256 2966 292 3014 cf.
316 2970 384 3016 extr.
408 2967 433 3026 ξ.
459 2993 490 3000 -
516 2960 763 3031 παρασκευάσειεν
792 2983 831 3032 pr.
858 2966 891 3017 A.
921 2993 954 3003 ——
978 2955 1109 3023 ἑκάστοις

142 3032 234 3084 Tum:
258 3023 379 3099 ἑκάστης
396 3033 458 3096 AB3
478 3024 600 3085 ἑκάστου
622 3034 684 3096 ΖΜς
709 3025 818 3104 ἑκάστῳ
840 3049 866 3090 v.
886 3060 919 3071 -
937 3027 1105 3097 δίίπλασεν]

144 3093 311 3152 διπλάσειεν
330 3101 409 3153 codd.
426 3102 519 3164 Turr.;
539 3092 757 3154 διπλασιάσειεν
775 3104 808 3154 R.
827 3101 880 3159 Bk,

141 3194 144 3199 ’
213 3203 253 3253 12.
271 3190 343 3253 όταν
360 3198 472 3265 πρῶτον
490 3202 525 3253 οἱ.
544 3203 591 3253 R.:
609 3200 722 3268 πρῶτον
742 3192 821 3256 όταν.

213 3291 290 3381 wa]
313 3302 360 3352 ΑΒ
383 3302 449 3357 Bk:
470 3291 516 3370 ἣν.
541 3330 573 3341 -
596 3298 728 3372 ᾑρῆσθαι
751 3305 851 3372 scripsi
874 3309 937 3372 μοεῖ
958 3303 1057 3357 Valok.
1083 3308 1111 3354 οῖ

145 3369 197 3421 s¹.:
218 3363 361 3436 εὑρησθαι
381 3369 445 3436 (quo
463 3378 575 3425 servato
588 3378 652 3423 ante
663 3387 735 3424 κοιν.
749 3372 811 3429 add.
825 3365 876 3425 διά
889 3389 951 3425 cum
963 3373 997 3426 R.
1010 3370 1113 3436 Turn).

144 3465 177 3473 -
195 3433 224 3489 οἳ
240 3438 293 3488 Bk.
316 3453 377 3489 eum
395 3435 444 3491 Ad:
468 3433 498 3491 ol
517 3440 565 3491 AB
589 3441 655 3504 (seo.
679 3438 744 3506 Bk.)
763 3440 793 3491 M
833 3457 867 3504 ιτς
890 3439 958 3494 οἷαν
980 3457 1007 3494 v.
1031 3436 1112 3505 (σίων

145 3496 212 3556 οὔδ’
231 3500 278 3559 ἐπὶ
298 3523 320 3557 τ.
340 3501 379 3557 ίδ.
399 3496 489 3560 αὐτόν
507 3502 584 3576 ἔχειν
601 3508 731 3561 θεῶνται
748 3456 830 3577 Δὶδδῗ
