2340 3916
349 215 476 272 ΚΑΤΑ
501 214 763 274 TIMAPXOY.
986 210 1027 272 33

30 384 68 440 94
165 380 280 441 Καίτοι
297 372 506 458 λογογράφος
520 372 559 455 γέ
571 399 619 450 τις
633 373 751 458 φησίν,
765 369 782 440 ὁ
794 370 1028 457 μηχανώμενος

81 468 193 551 αὐτοῖς
208 468 407 556 ἀπολογίαν,
430 473 562 536 ἐναντία
573 495 613 553 με
624 471 730 553 λέγειν
740 472 878 558 ἐμαυτῷ.
908 465 949 534 ού
962 464 1026 552 γάρ

82 573 122 658 δή
144 576 237 639 δοκεῖ
254 568 338 636 εἶναι
359 566 450 657 αύτῷ
467 566 618 634 ’δυνατὸν
640 566 699 633 τδυ
721 564 824 634 αύτὸν
844 564 1028 650 άνθρωπον

82 675 331 750 πεπορνεῦσθαι
347 666 402 732 καὶ
418 660 458 731 τά
475 672 610 753 πατρῷα
627 668 896 751 κατεδηδοκέναι·
918 663 956 732 τά
967 664 1028 750 μέν

81 765 148 854 γάρ
165 765 388 852 ἡμαρτηκέναι
405 790 436 829 τι
449 763 523 845 περὶ
540 761 576 829 τό
595 768 689 849 σῶμα
705 759 823 841 παιδὸς
840 759 926 829 εἶναί
934 783 1026 849 φησι,

82 864 118 933 τὸ
139 864 174 932 δὲ
191 861 230 930 τά
242 871 377 951 πατρῷα
394 863 647 946 κατεδηδοκέναι
671 857 801 945 ἀνδρός.
825 867 870 929 ἔτι
893 860 928 928 δέ
948 858 1028 938 τούς

82 961 360 1046 καταισχύνοντας
371 955 495 1036 αὐτοὺς
505 958 649 1044 μισθούς
660 981 742 1045 φησι
753 960 955 1042 πράττεσθαι
966 966 1028 1027 τοῦ

82 1061 279 1145 πράγματος.
304 1055 552 1141 ἀποθαυμάζων
569 1048 632 1123 οάυ
649 1059 850 1142 περιέρχεται
866 1057 921 1124 καὶ
931 1081 1028 1138 τερα-

82 1157 258 1243 τευόμενος
269 1154 351 1223 κατά
369 1152 430 1240 τήν
447 1151 590 1239 ἀγοράν,
613 1153 674 1223 είὸ
692 1152 791 1233 αύτδς
808 1155 1032 1238 πεπόρνευταί

31 1273 67 1326 115
86 1281 118 1322 τε
130 1255 184 1323 καὶ
194 1253 234 1321 τά
245 1259 380 1338 πατρῷα
392 1252 620 1339 κατεδήδοκεν.
645 1258 676 1320 εδ
685 1253 723 1320 δέ
732 1280 779 1331 τις
795 1250 911 1337 ἀγνοεῖ
924 1250 1027 1320 ταῦθ’
1047 1266 1097 1316 115

84 1353 173 1431 ὅπως
185 1357 263 1438 ἔχει,
284 1347 349 1435 ε’γύ
367 1353 572 1434 σαφέστερον
583 1346 667 1417 αὐτά
679 1351 876 1438 πειράσομαι
887 1356 1027 1437 διορισαι

83 1461 129 1541 τῷ
147 1452 243 1542 λόγῳ.
267 1453 329 1529 ἕως
347 1453 408 1536 μὲν
424 1447 487 1533 γάρ
505 1445 660 1534 ἀντήρκει
675 1445 764 1534 ἡτης
776 1451 956 1536 ἐπικλήρου
967 1451 1026 1519 ού-

84 1558 154 1635 σία,
178 1547 222 1636 ἣν
237 1546 496 1634 δἩγήσαυδρος
513 1545 530 1612 ὁ
550 1553 669 1614 τοῦτον
687 1552 898 1635 ἕχωυέγημε,
920 1552 1026 1618 καὶτὸ

82 1648 263 1735 ἀργύριον,
284 1645 305 1715 δ
321 1641 430 1735 ήλδεν
440 1653 524 1732 ἔχων
534 1650 570 1713 ἐκ
582 1653 639 1732 τῆς
649 1643 730 1730 μετά
745 1648 933 1732 Τιμομάχου
944 1647 1028 1716 ἀπο-

84 1754 215 1834 δημιάς,
245 1740 332 1832 ἦσαν
358 1747 411 1813 ἐπὶ
437 1750 559 1829 πολλῆς
580 1740 748 1826 ἀσελγείας
769 1747 822 1810 καὶ
843 1741 1026 1829 ἀφθονίας·

83 1845 193 1934 ἐπειδὴ
212 1852 247 1914 δὲ
262 1853 365 1912 ταῦτα
381 1845 441 1930 μέν
456 1840 626 1910 ἀπωλώλει
637 1846 691 1910 καὶ
705 1844 963 1931 κατεκεκύβευτο
975 1849 1028 1914 καὶ

83 1943 356 2028 κατωψοφάγητο,
370 1936 521 2008 ούτοσὶδ
531 1943 649 2022 ἔξωρος
661 1943 800 2025 ἐγένετο,
813 1942 924 2007 έδίδου
936 1939 966 2007 δ’
981 1948 1028 2009 εί-

83 2043 187 2119 κότως
208 2039 315 2118 οὐδεὶς
335 2043 381 2105 ἔτι
403 2036 518 2122 οὐδὲν,
536 2035 604 2123 ήδέ
613 2034 759 2125 βδελυρά
770 2038 870 2124 φύσις
881 2042 935 2107 καὶ
948 2038 1027 2107 ἀνό-

85 2165 155 2219 σιος
166 2138 185 2226 ή
196 2139 319 2207 τούτου
330 2136 380 2204 ἀεὶ
390 2145 457 2203 των
470 2133 581 2203 αὐτῶν
595 2136 754 2222 ἐπεθύμει
765 2139 819 2205 καὶ
830 2134 910 2205 καθ’
924 2135 1028 2221 ὑπερ-

85 2237 189 2326 βολήν
207 2234 365 2320 ἀκρασίας
381 2235 494 2316 ἕτερον
511 2230 563 2318 ἐφ’
583 2235 682 2321 ἑτέρω
699 2234 859 2318 ἐπίταγμα
880 2234 1029 2303 ἐπέταττε

31 2350 68 2404 96
86 2336 140 2404 καὶ
157 2331 338 2419 ἀπεφέρετο
357 2337 403 2409 εἰς
419 2329 456 2398 τδ
474 2327 555 2397 καθ’
571 2327 697 2415 ἡμέραν
714 2335 809 2409 ἔθος,
830 2332 979 2398 ἐνταῦθα
991 2331 1030 2418 δή
1049 2344 1098 2395 116

86 2433 242 2516 ἐτράπετο
259 2431 311 2497 ἐπὶ
321 2427 357 2496 τό
370 2442 573 2514 καταφαγεῖν
584 2426 646 2512 τήν
657 2428 814 2518 πατρῴαν
826 2425 952 2495 οὐσίαν.
976 2435 1030 2501 καὶ

86 2531 127 2600 ού
137 2531 244 2617 μόνον
262 2532 423 2613 κατέφαγε
440 2525 480 2593 τά
492 2533 643 2615 πατρῷα,
658 2524 734 2594 ἀλλ’
759 2533 790 2593 εί
804 2524 877 2594 οἷόν
893 2526 923 2594 τ’
943 2532 1031 2597 ἐστὶν

86 2635 206 2712 εἰπεῖν,
227 2628 282 2694 καὶ
298 2628 458 2693 κατέπιεν.
481 2628 535 2692 καί
552 2624 616 2710 γάρ
635 2622 713 2693 οὐδὲ
723 2634 780 2711 της
791 2623 882 2704 ἀξίας
893 2628 1031 2695 ἕκαστον
1052 2651 1097 2705 ιιτ

86 2738 154 2797 των
169 2726 342 2811 κτημάτων
360 2723 517 2810 ἀπέδοτο,
540 2723 614 2792 οὐδ’
639 2723 771 2793 ἐδύνατ’
793 2723 970 2812 ἀναμένειν
991 2726 1028 2795 τὸ

85 2831 187 2896 πλέον
199 2823 277 2893 ούδέ
294 2824 330 2891 τδ
348 2832 557 2909 λυσιτελοῦν,
579 2821 662 2891 ἀλλά
674 2833 734 2891 τοῦ
744 2822 807 2910 ἤδη
820 2823 1031 2907 εὑρίσκοντος

86 2923 274 2993 ἀπεδίδοτο·
299 2921 405 3000 οὕτως
421 2920 572 3009 ήπείγετο
591 2924 721 3007 σφόδρα
739 2924 822 3007 πρὸς
832 2921 1028 3012 τάςήδουάς.

29 3042 66 3099 97
85 3021 191 3108 τούτῳ
207 3018 271 3104 γάρ
289 3023 460 3087 κατέλιπεν
478 3017 495 3085 ὁ
514 3018 621 3105 πατήρ
640 3018 774 3106 οὐσίαν,
798 3019 858 3105 ἀφ’
871 3014 910 3107 ής
922 3025 1032 3106 ἕτερος

85 3125 145 3205 μἐν
157 3114 201 3186 ἀν
211 3121 265 3186 καὶ
276 3118 482 3202 ἐλειτούργει,
493 3111 590 3194 οὗτος
599 3118 633 3185 δέ
647 3114 720 3185 οὐδ’
736 3115 826 3207 αὐτῷ
835 3121 1032 3204 διαφυλάξαι

87 3218 246 3303 ἐδυνήθη,
268 3223 376 3285 οἰκίαν
392 3221 452 3303 μὲν
471 3217 534 3303 γάρ
549 3216 692 3284 ὄπισθεν
705 3226 763 3304 τής
774 3218 915 3301 πόλεως,
937 3224 1034 3305 ἐσχα-

85 3315 162 3382 τιάν
177 3315 212 3383 δέ
226 3322 378 3400 Σφηττοῖ
381 3366 390 3398 ,
411 3313 609 3402 Ἀλωπεκήσι
622 3312 654 3381 δ’
668 3317 781 3398 ἕτερον
790 3324 927 3404 χωρίου,
939 3320 1036 3403 χωρὶς
1054 3330 1104 3386 118

85 3415 121 3481 δέ
127 3417 261 3562 ήήκέτας
272 3414 494 3500 δημιουργούς
505 3422 561 3501 τῆς
572 3422 809 3502 σκυτοτομικῆς
816 3418 930 3504 τέχνής
940 3420 1036 3485 ἐννέα

172 3524 286 3562 SCHINES.
