2340 3916
142 171 206 234 204
474 171 761 249 [ΑιΣκιΝον]

143 335 316 421 ἐπικρατῇ,
329 335 573 417 τρισευδαίμων
586 334 689 415 ἔγωγε
704 333 836 418 ἐμαυτῷ
846 339 903 417 τῆς
916 340 1040 418 φυγῆς,
1052 329 1095 416 ἣν

144 430 276 516 φεύγω,
299 436 475 516 φαίνομαι·
509 428 591 498 ὅταν
608 426 640 496 δ’
653 421 698 496 αὖ
707 430 809 497 πάλιν
825 426 957 518 ὑπέλθῃ
968 457 1024 515 μοι
1035 441 1092 498 λο-
1111 428 1129 492 6

143 527 260 614 γισμός
273 553 309 595 τε
320 531 374 595 καὶ
386 527 497 614 μνήμη
513 534 581 595 τῶν
591 525 729 613 αὐτόθι,
753 526 814 613 οὐχ
825 530 964 612 ἑταίρων
978 529 1093 615 μόνον,

144 625 294 696 ἀλλὰκαὶ
307 637 483 713 συγγενῶν
492 629 546 694 καί
558 629 731 713 ἐκκλησίας
742 630 796 695 καὶ
807 633 999 711 Κολλυτοῦ,
1018 621 1095 718 ἑνςδ

144 728 240 794 πέντε
251 729 304 793 καί
315 726 555 812 τετταράκοντα
565 731 619 811 ἔτη
632 726 760 815 ᾤκησα,
773 729 828 794 καὶ
838 735 900 794 τοῦ
907 723 1019 813 (Αλῆσι
1029 753 1095 811 χω-

145 830 220 907 ρίον
231 827 366 892 καὶτῶν
379 829 447 892 ἐκεῖ
457 851 512 911 μοι
523 823 603 910 μετὰ
613 831 676 892 σοῦ
697 827 751 893 καὶ
764 831 904 892 Φιλίνου
916 831 1094 912 διατριβῶν

143 928 349 1010 γενομένων,
373 939 530 1011 μεταρρεῖ
548 923 638 991 ἅπαν
658 923 695 993 τὸ
716 920 796 1011 αἷμα
812 925 933 994 ἄλλοσέ
953 950 1010 993 ποι
1025 936 1093 993 των

144 1023 342 1108 σπλάγχνων
352 1024 469 1108 πάλιν,
493 1029 551 1090 καί
564 1048 620 1107 μοι
632 1023 754 1108 δήποτε
766 1026 820 1091 καὶ
838 1028 1016 1109 λοιδορίαι,
1043 1018 1095 1100 αἷς

19 1136 23 1143 ’
144 1118 382 1206 ἐλοιδορούμην
394 1117 460 1186 ὑπὸ
472 1122 724 1207 Λημοσθένους,
740 1120 870 1207 ἥδισται
882 1128 1029 1207 δοκοῦσι,
1041 1123 1096 1188 καὶ

144 1218 341 1303 σκώμματα,
365 1217 414 1305 ἐφ’
433 1216 482 1297 οἷς
498 1218 607 1297 οὐδεὶς
626 1225 686 1298 ἔξω
704 1226 943 1306 Κτησιφῶντος
960 1223 1094 1304 ἐγέλασε

145 1315 286 1384 ποτ’ποτε.
317 1315 400 1384 ἄλλα
412 1317 477 1403 γὰρ
489 1317 562 1398 ἅλις
572 1318 634 1404 μὲν
644 1317 724 1404 ἡμῖν
736 1320 909 1404 δακρύων,
934 1317 976 1386 σὺ
990 1316 1022 1386 δ’
1036 1316 1094 1385 εὐ·
1110 1326 1126 1382 7

144 1422 291 1502 τυχοίης,
314 1418 370 1484 καὶ
390 1416 435 1503 μὴ
457 1418 563 1502 μόνον
583 1425 751 1485 πολιτείαν
767 1417 915 1503 ἅπασαν,
938 1415 1095 1486 ἀλλὰκαὶ

144 1521 312 1601 Λεπτίνην
323 1521 444 1602 φεῦγε,
457 1515 508 1584 ὅτι
519 1515 603 1602 πρὸς
612 1512 696 1601 ἡμᾶς
708 1523 771 1601 ἔχει
783 1515 1094 1602 φιλαπεχθημόνως,

144 1615 200 1681 καὶ
211 1606 376 1681 ὅτιτοῖλλα
392 1614 543 1694 τοιοῦτός
558 1618 664 1700 ἐστιν,
689 1613 769 1682 ὅτου
787 1629 949 1699 περιεῖναι
960 1616 1020 1700 μὲν
1030 1641 1095 1700 μη-

147 1712 204 1779 δὲν
215 1710 464 1797 λαμπρότερον,
485 1710 650 1798 ἡττᾶσθαι
668 1711 703 1779 δὲ
719 1709 929 1792 δδοξότατον.
958 1714 1013 1779 καὶ
1031 1713 1096 1798 μοί-

76 1808 129 1866 ⁶⁷⁶
146 1820 240 1881 λιστα
250 1815 312 1897 μὲν
323 1820 490 1898 παραινοῖ,
515 1820 619 1896 φεῦγε
630 1810 688 1890 τδς
704 1809 769 1897 μετ’
782 1810 889 1879 αὐτοῦ
910 1813 1094 1900 διατριβάς·

147 1917 177 1978 εί
194 1908 226 1978 δ’
240 1904 285 1978 αὖ
307 1913 486 1990 συνέλθοις
501 1914 536 1978 ἐκ
552 1912 653 1997 τύχης
668 1912 723 1979 καὶ
739 1908 815 1979 καθ’
834 1907 929 1996 ἡμῶν
947 1916 1037 1996 λέγοι
1052 1937 1094 1995 τι,

147 2018 251 2093 πειροῖ
262 2019 411 2095 σιωπᾶν,
433 2005 619 2097 δνίσχύίλς,
643 2012 698 2077 καὶ
716 2017 826 2093 γελᾶν.
856 2006 954 2077 ἀλίδ
973 2010 1034 2094 μὲν
1046 2012 1132 2076 ‹Ji-8

148 2111 251 2174 δωσιν
267 2107 467 2191 ἀποχρῶσαν
483 2111 580 2192 δίκην
596 2115 643 2195 τῷ
654 2113 757 2172 πᾶσιν
767 2104 961 2193 ἀνθρώποις
972 2109 1027 2174 καὶ
1038 2110 1095 2191 γε’-

149 2216 252 2285 λωτος
263 2205 347 2274 εἶναι
359 2211 470 2273 δοκεῖν
480 2204 547 2290 ἅμα
558 2208 613 2273 καὶ
625 2211 742 2290 μίσους
752 2204 857 2285 ἄξιος·
878 2205 921 2274 σύ
933 2207 984 2290 δὲ,
1004 2214 1034 2274 εἰ
1050 2206 1094 2293 μὴ

147 2306 239 2373 πάνυ
256 2311 346 2393 φοβῇ
362 2302 423 2390 τὴν
439 2303 627 2389 θάλατταν,
649 2302 783 2389 ἀφίκοιο
806 2303 881 2388 παρ’
899 2304 984 2391 ἡμᾶς
1005 2331 1095 2389 ποτε,

147 2406 202 2472 καὶ
212 2400 393 2489 παρασχών
404 2399 546 2469 σεαυτὸν
557 2407 639 2470 ίδελν
649 2399 728 2488 ἡμῖν
740 2405 886 2481 ἐπανίοις
897 2405 1006 2472 πάλιν.

604 2556 633 2617 6.

475 2668 762 2730 ΦΙΛΟΚΡΑΤΕΙ.

227 2791 385 2878 Ἀρίστων
397 2784 511 2877 οὗτος,
535 2789 706 2877 ὁκομίζων
722 2810 775 2858 σοι
786 2788 849 2878 την
866 2790 1054 2877 ἐπιστολὴν,
1077 2791 1096 2859 ὁ

148 2891 279 2977 πρῶτός
290 2892 379 2958 ἐστιν
390 2887 474 2977 ἡμᾶς
485 2888 731 2976 ὑποδεξάμενος
741 2894 779 2959 ἐν
788 2887 897 2980 Ῥόδῳ.
932 2900 1097 2958 πεπλευκε

148 2992 184 3060 δὲ
193 2989 352 3078 Ἀθήναζε
362 2989 445 3058 κατδι
455 2996 568 3075 χρείαν
578 2994 740 3076 κηδεστοῦ
750 2998 921 3077 γέροντος,
934 2987 1099 3074 ἀργύριον

149 3089 335 3175 εἰσπρίξων
363 3089 453 3171 παρὰ
480 3096 540 3154 τοῦ
568 3095 760 3170 τραπεζίτου
781 3088 949 3175 Χαρμόλα.
982 3088 1098 3156 σκόπει

149 3179 227 3274 οὖν,
246 3186 336 3265 ὅπως
347 3185 450 3254 αὐτὸν
467 3186 610 3273 ὑποδέξῃ
620 3195 852 3271 φιλοφρόνως·
874 3193 941 3254 ἔστι
953 3187 1098 3272 δὲκομι-

149 3291 193 3373 δῇ
205 3284 338 3371 εὐτελὴς
349 3287 410 3372 τὴν
420 3290 547 3353 δίαιταν
559 3288 759 3372 καδπρίπων
770 3284 856 3374 ἡμῖν.
881 3278 910 3375 ᾦ
919 3292 972 3354 καὶ
985 3285 1024 3354 τοὶ
1036 3285 1098 3354 ἅλ-
