2340 3916
53 196 78 247 p.
95 177 138 230 58.
184 179 275 231 116121
292 177 368 231 τον
386 176 685 231 οιαοκτεευουου
703 178 868 232 mmor.
970 186 1011 247 75

10 298 12 333 Ι
464 345 600 396 ΝΟΜΟΣ.

128 446 254 521 Οὑτοσὶ
270 444 289 520 ὁ
306 447 422 539 νόμος,
450 439 478 518 ω’
494 447 631 540 ἀνδρες,
650 447 758 531 κοινὸς
775 448 877 520 ἅπασι
895 466 1046 539 κείται,9

10 568 12 573 ’
10 554 176 637 ἐξεῖναι
202 549 243 621 τά
270 553 392 621 ἑαυτοῦ
424 554 620 640 διαθέσθαι,
653 548 711 621 ἐάυ
737 579 781 640 μή
807 558 922 673 πριῑδες
949 541 1010 620 οἶσι

10 651 183 741 γνήσιοι
208 649 363 743 ἄρρενες,
393 647 508 721 ἐὰν
466 680 510 773 μή
529 681 593 741 αρα
609 647 762 741 μαυεὶς”
740 680 762 739 ή
779 645 846 721 ύπὸ
863 680 972 742 γήρως
988 681 1009 740 ή

59 749 98 821 δι’
115 750 197 822 ἀλλο
214 781 246 822 τι
261 756 330 823 τοῖν
348 755 384 822 ἐν
400 780 446 846 τρε
462 750 553 846 νόμω
559 756 749 873 παρανοῶν
768 749 979 840 διαθήται.“
960 780 1011 820 οτι

59 849 86 921 δ’
110 850 229 924 οὐδενὶ
249 851 381 975 ,τούτρεν
408 821 518 942 ἀνοχος
549 843 592 941 ήν
620 851 852 942 Φιλοκτήμοου,
888 854 1012 942 βραχέα

59 951 156 1024 είπύν
174 952 312 1042 δηλώσω
330 948 419 1042 ύμῖν.
453 950 541 1034 ὅστις
557 951 620 1044 γάρ
638 956 731 1023 καὶ“
711 981 772 1034 εως
791 960 844 1042 ἔζη
861 956 1011 1023 τοιούτου

59 1058 226 1144 πολίτην
210 1052 329 1125 εαυτόυ
346 1072 520 1144 παρεῖχεν,
544 1051 627 1124 ὥστε
646 1051 751 1124 διὰ
717 1083 754 1124 το
771 1049 833 1144 ὑφ’
852 1048 948 1143 ύμων
964 1083 1010 1124 τι·

59 1158 177 1242 μᾶσθαι
194 1152 308 1246 ἀρχειν
330 1151 521 1243 ἀξιοῦσθαι,
549 1156 604 1224 καὶ
623 1153 812 1243 ἐτελεύτησε
828 1153 1010 1245 μαχόμενος

58 1271 118 1376 τρῖς
135 1264 319 1379 πολεμίοις,
346 1259 416 1337 πως
434 1253 476 1325 ἀν
493 1284 542 1336 τις
557 1259 676 1326 τούτου
693 1254 886 1345 τολμήσειεν
904 1263 1010 1326 εἰπεῖν

60 1350 97 1436 ὣς
113 1353 176 1426 οὐκ
196 1384 234 1425 ευ
222 1346 404 1478 ἐμμόνως

118 1453 188 1528 Οτι
214 1457 275 1575 μευ
300 1447 363 1528 οὐν
390 1460 521 1528 διέθετο
538 1459 594 1527 καὶ
612 1449 844 1546 ἐποιήσατο
804 1485 842 1526 ευ
861 1461 1008 1578 φρονων,
1028 1475 1060 1526 1ο

60 1554 180 1639 ίξόυ’
136 1561 244 1652 αυτῷ,
263 1553 530 1628 ἀποδέδεικται“
510 1575 609 1647 υμῖν,
631 1555 715 1628 ωστε
732 1586 815 1627 κατα
803 1555 894 1647 μὲν
910 1563 1008 1627 τούτο

60 1663 161 1746 ψευδῆ
177 1656 434 1750 μεμαρτυρηκώς
442 1655 640 1749 Ἄνδροκλος
658 1655 903 1729 ἀποδέδεικται·
924 1661 1008 1727 ἐπει-

15 1842 18 1847 .
61 1755 94 1846 δή
112 1760 149 1828 δὲ
171 1759 566 1850 προσδιαμεμαρτύρήκεν
592 1755 636 1841 ὡς
661 1757 738 1830 υίὰν
764 1758 850 1829 εἶναι
870 1756 1008 1848 γνήσιον
1103 1798 1106 1803 ·

60 1855 261 1949 Εὐκτήμονος
278 1863 408 1949 τούτου,
426 1863 482 1930 καὶ
498 1857 593 1930 ταῦτ’
612 1857 775 1943 ἀποδείξω
792 1862 903 1947 ψευδή
917 1856 1006 1930 ὅντα.

59 1955 240 2049 Εὐκτήμονι
255 1959 336 2051 γάρ,
364 1951 391 2029 οὐ
407 1957 544 2051 ἀνδρες,
570 1964 618 2054 τῷ
636 1959 878 2050 Φιλοκτήμονος
896 1968 1008 2050 πατρί,

59 2058 128 2141 τούς
154 2063 216 2150 μὲν
241 2059 345 2143 ὅντως
370 2064 569 2151 γενομένους
603 2068 742 2150 παῖδας,
779 2059 1009 2151 Φιλοκτήμονα

59 2163 106 2230 καὶ
120 2157 321 2253 Ἐργαμέυήν
337 2164 393 2232 καὶ
406 2158 574 2252 Ἡγήμονα
591 2165 646 2232 καὶ
660 2159 721 2232 δύο
733 2164 933 2253 θυγατέρας,
952 2165 1008 2231 καὶ

59 2258 111 2349 τήν
127 2266 251 2353 μητέρα
269 2259 397 2352 αὐτῶν,
424 2259 467 2351 ἣν
484 2270 606 2353 ἔγημεν
622 2259 640 2333 ὁ
658 2258 861 2352 Εὐκτήμων,
889 2260 1008 2346 Μιξιά-

60 2365 113 2432 δον
138 2368 311 2496 Κήφισιρῖς
344 2366 532 2454 θυγατέρα,
568 2362 688 2446 πάντες
722 2367 757 2433 οί
787 2361 1007 2454 προσήκοντες

58 2470 141 2533 ἴσασι
165 2467 221 2535 καὶ
247 2470 281 2535 οί
304 2463 466 2555 φράτορες
492 2468 547 2534 καὶ
572 2468 640 2534 τοῖν
663 2467 815 2554 δήμοτοίν
831 2469 867 2535 ολ
880 2472 1007 2552 πολλοί,
1072 2476 1075 2481 ’

10 2594 14 2603 ·
57 2567 105 2633 καὶ
130 2564 399 2687 μαρτυρήσουσιν
424 2560 520 2654 ύμῖν
546 2594 596 2636 οτι
624 2561 655 2633 δ’
683 2562 787 2652 ἀλλήυ
812 2561 886 2634 τιυά
909 2570 1009 2652 ἔγημε
1027 2583 1057 2633 11

55 2683 203 2754 γυναῖκα,
232 2655 305 2749 ἐξ
282 2694 321 2754 ης
346 2693 435 2746 τινος
452 2671 524 2735 οἵδε
541 2663 630 2735 αὐτω
619 2668 816 2753 ἐγένοντο,
843 2660 1005 2744 οὐδεὶς
971 2692 1008 2734 το

54 2765 207 2857 παράπαν
224 2766 318 2836 οιδεν
335 2762 411 2836 οὐδ’
438 2763 561 2854 ήκουσε
587 2763 718 2836 ποτ’ποτε
745 2769 864 2850 ζῶντος
880 2761 1008 2854 Εὐκτή-

51 2896 157 2955 μονος.
193 2875 300 2936 καίτοι
316 2866 454 2948 τούτους
473 2864 559 2948 είκός
576 2866 788 2949 πιστοτάτους
814 2866 900 2938 εἶναι
915 2875 1007 2956 νομί-

50 2977 116 3052 ζειν
133 2967 315 3058 μάρτυρας
341 2965 419 3047 τούς
444 2964 507 3058 γάρ
534 2976 676 3049 οἰκείους
703 2973 826 3039 εἰδέναι
849 2967 1007 3059 προσήκει

48 3066 88 3140 τά
104 3073 249 3141 τοιαῦτα.
285 3076 355 3138 Καί
368 3096 423 3158 μοι
440 3066 576 3149 τούτους
594 3067 686 3139 κάλει
704 3073 852 3161 πρῶτον,
875 3072 930 3139 καὶ
948 3066 1006 3150 τάς

47 3178 230 3261 μαρτυρίας
247 3165 429 3256 ἀνάγνωθι.

423 3334 636 3385 ΜΑΡΤΤΡΙΑΙ.

114 3473 186 3546 Ἔτι
210 3482 327 3546 τοίνυν
352 3478 408 3546 καὶ
433 3473 510 3556 τούς
537 3473 724 3554 ἀντιδίκους
751 3476 902 3556 ἐπιδείξω
920 3479 1005 3565 ἔργῳ
1025 3489 1057 3542 12
