2340 3916
268 221 395 279 ΚΑΤΑ
417 222 796 283 ΚΤΗΣΙΦΩΝΤΟΣ.
952 223 1014 288 169

60 402 133 444 τινα
147 381 296 447 ἐνταῦθα
314 379 432 464 λόγον,
455 379 688 466 Δημόσθενες,
709 376 732 467 ή
748 383 894 467 ἔγραψάς
906 410 936 452 τι
948 386 1015 472 ψή-

61 498 183 562 φισμα;
204 478 320 565 βούλει
342 497 380 546 σε
400 487 454 547 θῶ
477 487 671 568 φοβηθῆναι
685 483 740 549 καὶ
762 484 950 569 χρήσασθαι
967 496 1015 576 τῶ

61 572 166 643 αὑτοῦ
178 578 304 667 τρόπῳ;
326 585 432 645 καίτοι
444 577 623 665 ῥητορικήν
634 585 758 648 δειλίαν
770 583 928 667 δημόσιος
941 612 1015 652 και-

10 687 42 742 64
63 672 121 757 ρδς
132 672 194 742 ούκ
206 675 371 763 ἀναμένει.
405 675 475 746 ἀλλ’
492 679 604 764 ἐπειδή
623 679 714 767 πάση
731 689 772 768 τῇ
789 681 930 768 δυνάμει
940 693 1013 750 Δα-

62 786 149 854 ρεῖος
160 773 393 861 κατεβεβήκει,
418 772 481 843 ὁδ’
497 773 707 859 Ἀλέξανδρος
717 769 762 862 ήν
773 774 1015 865 ἀπειλημμένος

61 879 98 940 έν
107 881 241 964 Κιλικία
252 875 389 942 πάντων
402 874 532 962 ἐνδεής,
547 873 590 955 ῶς
602 881 735 962 ἔφησθα
748 876 807 965 σύ,
821 876 939 947 αύτίκα
949 883 1014 967 μά-

61 983 101 1040 λα
113 972 144 1040 δ’
158 973 313 1060 ἤμελλεν,
337 972 382 1052 ῶς
392 968 435 1061 ήν
447 972 464 1042 ὁ
477 975 565 1059 παρά
578 983 641 1042 σού
657 975 773 1061 λόγος,
792 981 1014 1064 συμπατηθή-

61 1082 180 1139 σεσθαι
198 1070 264 1139 ὑπὸ
281 1081 340 1158 τῆς
350 1081 516 1159 Περσικῆς
525 1077 647 1158 ἵππου,
671 1074 732 1159 τήν
744 1074 779 1143 δὲ
789 1073 853 1160 σήν
864 1075 1012 1164 άηδίανή

61 1173 156 1250 πόλις
173 1171 235 1239 ούκ
254 1174 368 1259 ἐχώρει
385 1176 439 1242 καλ
457 1172 515 1252 τάς
531 1172 718 1260 ἐπιστολάς,
743 1174 782 1253 ἀς
801 1178 1015 1263 ἐξηρτημένος

62 1273 178 1336 ἐκτῶν
194 1269 368 1339 δακτύλων
386 1272 548 1360 περιῄεις,
571 1272 790 1341 ἐπιδεικνύων
805 1277 868 1341 τισὶ
880 1274 916 1341 τό
930 1276 1012 1360 έμὸυ
1028 1287 1080 1341 552

61 1366 245 1451 πρόσωπον
267 1365 311 1446 ῶς
332 1373 602 1455 ἐκπεπληγμένου
625 1372 679 1437 καὶ
704 1368 933 1456 ἀθυμοῦντος,
958 1373 1013 1439 καὶ

60 1464 276 1549 χρυσόκερων
293 1465 473 1536 ἀποκαλῶν
490 1471 545 1536 καὶ
562 1471 785 1554 κατεστέφθαι
805 1469 961 1554 φάσκων,
986 1485 1018 1538 εῖ

61 1590 90 1629 τι
112 1577 256 1649 πταῖσμα
284 1565 484 1659 συμβήσεται
512 1565 731 1655 Ἀλεξάνδρῳ,
765 1566 841 1634 οὐδ’
864 1572 1013 1635 ἐνταῦθα

61 1668 202 1748 ἔπραξας
219 1663 335 1752 οὐδὲν,
358 1664 433 1735 ἀλλ’
452 1677 499 1746 είς
515 1694 589 1735 τινα
607 1665 726 1750 καιρόν
737 1665 923 1753 ἀνεβάλλου
934 1677 1014 1734 καλ-

10 1780 42 1834 55
63 1770 130 1830 λίω.
153 1760 301 1849 ὑπερβάς
311 1763 564 1832 τοίνυυάπαυτα
575 1772 679 1831 ταῦτα
689 1761 773 1848 ὑπὲρ
785 1772 854 1831 τῶν
865 1767 942 1832 νυνὶ
953 1793 1014 1831 κα-

62 1862 278 1947 θεστηκότωυ
289 1869 380 1942 λέξω,
414 1863 672 1949 Λακεδαιμόνιοι
689 1866 750 1949 μὲν
766 1862 868 1931 καὶτὸ
883 1862 1014 1943 ξενικόν
1031 1875 1082 1929 558

63 1963 219 2044 ἐπέτυχον
235 1962 322 2050 μάχη
340 1963 395 2030 καὶ
413 1965 609 2048 διέφθειραν
633 1961 711 2041 τοὺς
738 1964 813 2048 περὶ
836 1962 1015 2048 Κόρραγον

63 2058 277 2144 στρατιώτας,
312 2060 432 2128 Ἠλεῖοι
455 2059 487 2128 δ’
511 2058 623 2139 αὐτοῖς
651 2062 937 2149 συμμετεβάλοντο
960 2065 1014 2129 καὶ

59 2153 180 2240 Ἀχαιοὶ
200 2158 322 2237 πάντες
343 2158 430 2244 πλήν
444 2166 661 2246 Πελληναίων
681 2162 735 2226 καὶ
750 2157 903 2245 Ἀρκαδία
925 2166 1014 2226 πάσα

63 2255 150 2341 πλήν
161 2258 319 2343 Μεγάλης
331 2258 472 2341 πόλεως,
496 2257 578 2345 αὕτη
591 2258 627 2326 δέ
638 2262 858 2341 ἐπολιορκεῖτο
871 2259 925 2324 καλ
937 2255 1012 2324 καθ’

63 2356 206 2440 ἑκάστην
215 2354 343 2442 ήμέραν
355 2362 503 2438 ἐπίδοξος
513 2349 557 2444 ήν
568 2355 710 2441 ἁλῶναι,
728 2353 746 2422 ὁ
761 2353 791 2423 δ’
803 2353 1015 2438 Ἀλέξανδρος
1031 2374 1083 2430 554

63 2460 122 2533 έξω
133 2462 191 2539 τῆς
204 2453 330 2536 άρκτου
342 2455 397 2521 καὶ
409 2463 466 2539 της
484 2456 680 2539 οἰκουμένης
698 2451 812 2535 όλίγου
825 2456 895 2518 δεῖν
908 2453 1015 2537 πάσης

63 2554 289 2639 μεθειστήκει,
313 2551 330 2621 ὁ
350 2555 386 2620 δὲ
405 2551 615 2635 Ἀντίπατρος
632 2549 741 2618 πολύν
756 2551 880 2635 χρόνον
891 2558 1015 2637 συνῆγε

64 2649 299 2735 στρατόπεδον,
312 2649 348 2717 τό
362 2648 393 2716 δ’
407 2650 568 2733 ἐσόμενον
579 2649 704 2734 ἀδηλον
715 2641 768 2735 ήν.
790 2648 923 2717 ἐνταῦθ’
935 2648 1015 2735 ἡμῖν

63 2748 233 2826 ἀπόδειξιν
243 2754 392 2833 ποίησαι,
412 2748 646 2834 Δημόσθενες,
663 2753 698 2814 τί
706 2742 774 2814 ποτ’
787 2740 831 2832 ήυ
843 2743 865 2812 όί
876 2752 1015 2830 ἔπραξας

62 2845 83 2934 ή
101 2857 135 2915 τί
147 2843 216 2913 ποτ’
227 2837 271 2930 ήν
289 2843 311 2911 ἀ
329 2851 449 2930 ἔλεγες·
482 2850 536 2915 καὶ
556 2853 585 2914 εί
604 2846 734 2933 βούλει,
759 2854 947 2930 παραχωρῶ
962 2867 1015 2913 σοι

11 2963 44 3015 66
62 2955 123 3014 τοῦ
134 2946 295 3033 βήματος,
319 2947 380 3022 ἕως
391 2940 434 3011 ἀν
454 2955 554 3032 εῖπης.
587 2943 697 3029 ἐπειδή
710 2947 745 3010 δὲ
758 2951 868 3031 σιγᾷς,
892 2941 943 3009 ότι
954 2943 1015 3029 μὲν

63 3046 211 3127 ἀπορεῖς,
234 3043 436 3128 συγγνῶμηυ
453 3050 515 3128 έχω
533 3067 602 3129 σοι,
626 3038 647 3109 ά
671 3043 707 3110 δὲ
724 3039 786 3109 τότ’
805 3048 928 3126 ἔλεγες,
951 3040 1014 3125 έγῶ

63 3152 128 3208 νῦν
139 3146 228 3221 λέξω.
263 3143 304 3208 ού
323 3143 493 3226 μέμνησθε
511 3139 616 3208 αὐτοῦ
633 3139 672 3207 τά
685 3139 786 3225 μιαρά
799 3141 853 3206 καί
864 3136 1015 3205 ἀπίθανα

63 3241 206 3327 ῥήματα,
229 3235 251 3305 δι’
273 3246 343 3316 πῶς
359 3236 434 3306 ποθ’
455 3236 565 3324 ὑμεῖς,
588 3231 787 3322 ῶσιδήρεοι,
813 3240 1015 3318 ἐκαρτερεῖτε

63 3336 291 3422 ἀκροῶμενοι;
315 3335 359 3404 ὅτ’
372 3343 435 3423 ἔφη
457 3334 639 3419 παρελθῶν
658 3334 953 3421 ,ἀμπελουργοῦσί
962 3360 1013 3399 τι·
1031 3354 1082 3406 555

63 3461 119 3507 τες
135 3462 197 3500 τκν
216 3435 330 3518 πόλιν,
355 3433 600 3522 ἀνατετμήκασί
618 3459 704 3510 τινες
725 3431 764 3500 τά
789 3430 937 3517 κλήματα
954 3437 1015 3497 τοῦ
