2340 3916
173 196 235 260 174
512 196 770 254 ΑΙΣΧΙΝΟΤ

172 359 297 426 άτοπον
314 355 436 424 οὑτωσὶ
454 355 728 439 διαλογιζομένοις
746 351 804 433 τάς
825 353 888 438 μὲν
910 349 1035 436 δωρεάς
1058 357 1124 417 νῦν

171 464 304 533 πλείους
322 455 421 539 εἶναι,
444 452 483 521 τά
501 453 537 520 δὲ
555 451 729 538 πράγματα
746 460 805 539 τής
815 453 942 530 πόλεως
952 448 1025 517 τότε
1037 457 1124 535 μάλ-

171 551 343 641 λουήνῦν
354 553 497 638 ἰσχύειν,
520 553 575 619 καλ
591 548 670 628 τούς
687 549 812 635 ἄνδρας
830 558 895 617 νῦν
912 547 973 635 μὲν
992 553 1125 632 χείρους

172 652 266 735 εἶναι,
279 651 351 720 τότε
363 651 395 719 δ’
408 649 581 737 άμείνονς;
593 648 655 734 ἐγώ
670 650 705 716 δὲ
715 648 816 717 τοῦθ’
828 646 915 734 δμάς
927 648 1123 733 ἐπιχειρήσω

171 751 350 820 διδάσκειν.
363 748 471 818 οἴεσθ’
485 748 528 816 άν
540 774 628 831 ποτε,
642 741 669 815 αἶ
677 745 863 834 Ἀθηναῖοι,
882 751 1041 831 ἐθελῆσαί
1049 770 1124 812 τινα

103 865 156 920 569
172 852 329 918 ἐπασκεῖν
346 854 391 926 είς
404 847 444 915 τά
458 843 651 933 Ὀλύμπιαή
662 854 707 926 είς
719 846 822 915 άλλον
832 844 906 914 τινά
917 854 986 912 τῶν
997 865 1124 930 στεφα-

170 955 273 1014 νιτῶν
291 945 434 1031 ἀγώνων
473 946 678 1029 παγκράτων
694 941 717 1031 ή
734 948 789 1013 καί
800 946 881 1014 άλλο
894 972 924 1012 τι
936 952 1004 1011 των
1014 950 1123 1031 βαρυ-

171 1047 277 1127 τέρων
288 1043 422 1124 άθλων,
446 1041 503 1110 είὸ
517 1048 680 1129 στέφανος
692 1046 817 1111 ἐδίδοτο
831 1041 876 1129 μή
887 1051 934 1131 τῷ
945 1048 1121 1131 κρατίστω,

171 1140 253 1209 άλλά
266 1150 312 1231 τῷ
323 1146 588 1232 διαπραξαμένῳ;
602 1141 710 1221 οὐδεὶς
721 1141 766 1209 άν
776 1138 852 1210 ποτ’
863 1138 1030 1228 ήθέλησεν
1041 1143 1123 1206 ἐπα-

172 1254 271 1306 σκεῖν.
285 1248 350 1305 νῦν
357 1235 400 1321 δ’,
414 1236 514 1325 οἶμαι,
527 1236 581 1305 διά
588 1237 625 1306 τὸ
635 1240 778 1306 σπάνιον
784 1241 838 1306 καὶ
849 1234 886 1305 τὸ
899 1236 1122 1322 περιμάχητον
1142 1251 1166 1305 ΙΕ

171 1339 225 1404 καὶ
236 1337 272 1404 τό
284 1335 389 1404 καλὸν
400 1337 454 1405 καὶ
469 1336 505 1404 τό
522 1334 721 1424 ἀείμνηστον
739 1341 775 1404 ἐκ
786 1344 844 1423 τής
860 1341 954 1421 νίκης
967 1335 1127 1402 ἐθέλουσί

171 1461 257 1512 τινες
272 1434 312 1501 τά
331 1436 465 1520 σώματα
484 1439 794 1522 παρακαταθέμενοι
815 1436 869 1502 καί
889 1431 948 1512 τάς
969 1439 1123 1518 μεγίστας

170 1540 389 1617 ταλαιπωρίας
401 1531 638 1619 ὑπομείναντες
650 1532 924 1601 διακινδυνεύειν.
937 1529 1122 1615 ὑπολάβετε

171 1640 287 1701 τοίνυν
297 1630 383 1718 ὑμᾶς
401 1632 523 1713 αὐτοὺς
541 1633 624 1701 εἶναι
637 1632 850 1719 ἀγωνοθέτας
860 1637 1030 1715 πολιτικής
1041 1627 1123 1712 άρε-

171 1739 239 1817 τῆς,
252 1730 385 1799 κάκεῖνο
392 1735 620 1818 ἐκλογίσασθε,
633 1731 693 1817 ὅτι,
705 1729 765 1798 ἐάν
775 1730 836 1816 μὲν
845 1727 904 1808 τάς
914 1727 1040 1814 δωρεάς
1051 1724 1120 1795 ὀλί-

171 1855 242 1914 γοις
260 1831 314 1896 καὶ
332 1828 433 1909 άξίοις
454 1832 509 1897 καί
531 1828 614 1897 κατὰ
635 1828 714 1908 τούς
735 1830 860 1914 νόμους
882 1831 1015 1911 διδῶτε,
1037 1834 1118 1893 πολ-

171 1924 251 2004 λοὺς
261 1925 445 2010 άγωνιστάς
456 1929 605 2015 ἑξετετής
616 1926 744 2014 ιἰρετής,
756 1926 815 1994 ἐάν
826 1928 862 1996 δὲ
871 1933 918 2016 τῷ
927 1931 1122 2014 βουλομένῳ

171 2026 304 2104 καὶτοῖς
322 2031 594 2112 διαπραξαμένοις
610 2033 804 2113 χαρίζησθε,
826 2026 881 2093 καλ
897 2024 956 2102 τὰς
973 2027 1124 2101 ἐπιεικεῖς

171 2122 289 2206 φάσεις
300 2127 519 2208 διαφθερεῖτε.
538 2124 590 2192 ὅτι
601 2128 637 2191 δὲ
648 2123 759 2205 ὀρθῶς
770 2128 872 2209 λέγω,
884 2127 931 2190 ἔτι
941 2130 1050 2211 μικρῷ
1061 2144 1123 2188 σα·
1140 2138 1166 2194 1Ε

171 2221 333 2303 φέστερον
343 2215 428 2304 ὑμᾶς
439 2219 603 2307 βούλομαι
615 2224 744 2302 διδάξαι
778 2224 922 2306 πότερον
933 2221 1014 2309 ὑμῖν
1025 2221 1121 2308 άμεί-

101 2330 154 2385 670
169 2340 240 2382 νων
263 2312 349 2401 άνήρ
372 2315 456 2383 εἶναι
477 2320 572 2386 δοκεῖ
591 2326 813 2407 Θεμιστοκλῆς
836 2318 854 2389 ὁ
882 2320 1119 2408 στρατηγήσας,

170 2409 220 2479 ὅτ’
240 2416 276 2478 ἐν
287 2421 327 2501 τῇ
336 2421 502 2500 Σαλαμῖνι
519 2425 683 2507 ναυμαχίᾳ
700 2415 760 2486 τὸν
775 2422 911 2506 Πέρσην
927 2423 1075 2504 ἐνικᾶτε,
1098 2416 1121 2505 ή

169 2510 392 2596 Λημοσθένης
409 2507 426 2578 ὁ
443 2509 505 2597 τήν
520 2513 614 2593 τάξιν
632 2515 756 2597 λιπάνς
776 2517 962 2602 Μιλτιάδης
975 2513 1039 2584 δὲὸ
1057 2516 1120 2602 τήν

169 2612 205 2678 ἐν
215 2617 410 2692 Μαραθῶνι
425 2611 533 2699 μάχην
547 2613 625 2692 τοὺς
640 2615 833 2702 βαρβάρους
843 2614 993 2702 νικήσας,
1019 2612 1042 2702 ή
1057 2608 1120 2684 οὗ·

167 2735 239 2790 τος;
258 2708 305 2776 ἐτι
315 2707 346 2776 δ’
360 2716 396 2778 οί
403 2708 468 2779 άπὸ
481 2720 594 2799 Φυλῆς
606 2713 775 2799 φεύγοντα
785 2714 846 2782 τὸν
857 2718 964 2801 δήμου
974 2740 1120 2799 καταγα-

167 2809 298 2895 γόντες;
316 2807 513 2898 Ἀριστείδης
525 2809 556 2879 δ’
570 2810 588 2879 ὁ
602 2817 743 2899 δίκαιος,
760 2810 852 2898 ὁτήν
863 2811 1024 2898 άνόμοιον
1035 2820 1120 2899 ἔχων

168 2909 358 2994 ἐπωνυμίαν
375 2912 605 2995 Δημοσθένεις
627 2908 703 2978 ἀλλ’
725 2916 828 2997 ἔγωγε
850 2911 895 2997 μά
916 2909 996 2989 τούς
1016 2910 1120 2990 θεοὺς
1137 2931 1166 2988 ιε

167 3004 246 3084 τούς
265 3002 463 3091 Ὀλυμπίους
484 3004 559 3073 οὐδ’
582 3012 618 3074 ἐν
639 3023 710 3087 ταῖς
733 3006 847 3087 αὐταῖς
869 3006 1005 3094 ήμέραις
1026 3007 1121 3088 άξιον

97 3132 150 3190 ⁶⁷1
165 3100 310 3189 ήγοῦμαι
332 3111 522 3189 μεμυῆσθαι
538 3114 600 3172 τοῦ
615 3112 739 3192 θηρίον
762 3107 884 3173 τούτου
906 3110 960 3173 καλ
981 3110 1120 3176 ἐκείνων

49 3274 52 3279 ,
167 3210 235 3268 τῶν
254 3199 397 3286 άνδρῶν.
421 3203 612 3282 ἐπιδειξάτω
629 3209 746 3272 τοίνυν
767 3207 990 3292 Δημοσθένης
1013 3209 1050 3272 ἐν
1072 3215 1118 3292 τῷ

168 3298 274 3370 αὑτοῦ
285 3302 390 3390 λόγῳ,
413 3311 446 3369 εί
451 3328 517 3370 που
532 3309 715 3390 γέγραπταί
728 3332 802 3373 τινα
813 3313 882 3372 τῶν
893 3305 1028 3390 άνδροῖυ
1039 3309 1118 3374 τού-

168 3429 235 3469 των
247 3409 465 3486 στεφανωσαι.
480 3399 653 3488 άχάριστος
664 3403 720 3488 ἄρ’
731 3397 774 3490 ήν
786 3401 803 3472 ὁ
817 3409 935 3491 δήμος;
947 3399 1019 3491 οάκ,
1033 3403 1117 3472 άλλά
