2340 3916
152 164 212 226 122
571 157 701 211 ΙΣΑΙΟΤ
1021 157 1073 211 Οιι.
1092 157 1118 210 9.

149 327 258 400 πολλά
281 324 412 416 κάγαθά
435 325 555 398 παθδν
578 323 645 406 ὑπὸ
669 327 884 421 Θεοφράστου
912 327 1118 420 τοῦπατρὸς

153 433 215 501 τοῦ
234 433 324 518 ἐμοῦ,
341 425 398 509 ὅτε
413 445 525 519 χεῖρον
536 434 692 520 ἔπραττες
709 424 730 517 ῆ
746 437 837 517 νυνί,
855 431 911 499 καὶ
922 424 989 498 δπδ
1004 424 1117 499 Ἀστυ-

155 538 274 620 φίλου,
298 525 462 622 οὐδετέρῳ
486 526 602 599 αάτοῑν
618 527 680 616 τήν
702 526 798 612 άξίαν
815 528 913 620 χάριν
930 525 1116 611 άποδίδως·

156 632 213 720 ἐμὲ
228 632 290 720 μέν
306 627 369 720 γάρ
386 626 462 699 υίδν
479 626 559 722 ὅντα
571 628 808 720 Θεοφράστου,
834 632 945 720 σαυτῷ
965 629 1003 699 δὲ
1019 626 1115 699 άδελ-

151 734 299 820 φιδοῦν,
319 726 510 819 άποστερείς
527 725 549 798 ά
564 758 621 818 μοι
637 734 672 799 οί
685 728 781 819 νόμοι
799 736 936 817 ἔδοσαν,
962 725 1115 819 Ἀστνφί-

156 839 217 902 λου
242 833 280 901 δέ
302 833 483 909 τεθνεῶτος
512 827 722 920 καταψεύδῃ,
751 832 807 899 καὶ
829 827 865 900 τδ
888 826 971 898 κατά
992 828 1116 901 σαυτὸν

156 935 254 1023 μέρος
270 929 348 1010 τοδς
366 933 539 1018 ἐχθίστους
555 936 715 1016 καθίστης
733 933 800 1001 τοῖν
819 933 948 999 ἐκείνου
959 929 1116 1021 κληρονό-

101 1053 140 1103 24
155 1061 246 1121 μους.
276 1033 332 1100 καὶ
349 1031 429 1119 πρὶν
445 1028 507 1117 μὲν
524 1033 689 1118 ληχθῆναι
704 1033 766 1099 τοῦ
782 1027 924 1120 κλήρου,
943 1019 1114 1119 οδάνδρες,

157 1121 197 1200 εὖ
220 1126 316 1210 είδοδς
338 1125 356 1199 ὁ
375 1124 535 1219 Ἱεροκλῆς
562 1127 612 1199 ὅτι
641 1125 756 1200 οὐδενὶ
784 1127 873 1223 άλλφ
900 1136 1047 1217 γίγνοιτο
1075 1128 1117 1199 τά

153 1228 353 1319 Ἀστνφίλον
383 1223 405 1318 ῆ
435 1232 523 1318 ἐμοί’,
553 1232 588 1300 έν
616 1233 707 1320 μέρει
738 1228 864 1323 ἑκάστῳ
893 1232 961 1298 των
985 1233 1115 1299 ἐκείνου

28 1368 29 1375 ¹
156 1335 352 1418 ἐπιτηδείων
375 1327 512 1420 προσῄει
534 1334 655 1400 πωλῶν
676 1328 712 1400 τδ
730 1334 863 1420 πράγμα
885 1331 940 1399 καὶ
963 1326 1041 1410 τούς
1058 1327 1115 1400 οὐ·

78 1470 80 1474 ·
157 1432 216 1501 δδν
243 1428 467 1522 προσήκοντας
495 1437 625 1501 πείθων
660 1426 898 1521 ἀμφισβητεῖν,
929 1431 1036 1516 λέγων
1065 1426 1117 1499 ὅτι

26 1547 46 1565 “’
156 1543 249 1612 θεῖος
268 1538 318 1619 είη
333 1527 518 1624 Ἀστυφίλφ
535 1532 591 1600 καὶ
602 1527 792 1620 άποφανοίη
806 1528 969 1617 διαθήκας
987 1532 1116 1599 ἐκείνου

156 1629 429 1719 καταλελοιπότα,
456 1641 489 1700 εί
508 1659 558 1712 τις
581 1625 672 1722 αὐτῷ
700 1629 905 1701 κοινωσοιτο·
936 1627 1051 1717 ἐπειδή
1078 1630 1115 1699 δὲ

26 1738 28 1747 '
156 1730 239 1822 πρὸς
262 1733 401 1801 Κλέωνα
425 1729 689 1821 διωμολογήσατο
716 1734 861 1800 καὶτῶν
884 1733 945 1799 τοῦ
966 1725 1119 1818 άδελφοά

158 1836 338 1923 ἐμερίσατο,
356 1833 435 1902 νυνὶ
446 1827 490 1913 ως
509 1828 620 1919 άληθῆ
629 1834 736 1919 λέγων
747 1827 877 1914 άξιωσει
888 1827 1115 1899 πιστεύεσθαι.

81 1968 84 1972 ·
158 1938 251 2002 δοκεῖ
268 1935 308 2002 δέ
322 1961 376 2020 μοι
394 1927 456 2003 κάν
472 1929 590 2021 ὀμόσαι
607 1929 764 2020 άσμενος,
785 1941 819 2000 εί
833 1958 882 2010 τις
906 1925 999 2021 αὐτῷ
1015 1925 1117 2020 ὅρκον

103 2044 139 2097 25
158 2039 275 2119 διδοίη.
311 2034 367 2100 καὶ
386 2035 460 2120 ἐμοὶ·
472 2033 534 2120 μέν
551 2029 714 2119 συγγενής
732 2027 780 2101 οδν
796 2026 877 2100 οὐδὲ
892 2027 933 2099 τά
950 2027 1118 2118 γενόμενα

86 2172 87 2175 ¹
159 2134 265 2201 ἐθέλει
287 2147 486 2221 μαρτυρεῖν,
510 2122 538 2223 ᾦ
561 2128 594 2199 δ’
617 2127 720 2202 οὐδὲν
742 2129 918 2222 προσήκει,
947 2129 1054 2222 τούτῳ
1076 2127 1117 2198 τά

157 2234 268 2318 ψευδῆ
290 2228 514 2318 συλλαμβάνει
535 2233 591 2300 καλ
612 2233 681 2301 τοῖν
703 2228 744 2300 οὐ
774 2233 991 2320 πραχθέντων
1012 2258 1116 2320 γραμ·

157 2347 291 2422 ματείον
308 2326 382 2418 ῆκει
399 2333 527 2421 φέρων·
551 2327 637 2401 πολι)
654 2328 718 2421 γάρ
736 2328 1010 2422 προύργιαίτερον
1026 2325 1116 2417 ῆγεῖ·

157 2459 211 2502 ται
236 2429 329 2502 εἶναι
344 2428 381 2501 τδ
404 2437 665 2520 χρηματίζεσθαι,
682 2427 703 2519 ἢ
721 2429 782 2518 τήν
805 2429 887 2521 έμῆν
909 2433 1113 2518 συγγένειαν.

122 2589 124 2592 .
159 2527 204 2613 ὦς
223 2533 260 2601 δὲ
278 2533 497 2619 ἐπηγγέλλετο
519 2529 658 2621 περιιών
677 2530 839 2618 διαθήκας
856 2527 1060 2619 άποφανείν,
1084 2539 1120 2597 εί

157 2660 207 2713 τις
221 2626 315 2725 αάτῷ
331 2629 533 2720 κοινώσαιτο,
552 2628 674 2712 αὐτούς
691 2627 772 2721 ὑμῖν
789 2628 839 2713 οἷς
851 2635 1022 2722 προσῆλθε
1034 2628 1116 2720 μάρ-

157 2760 259 2822 τυρας
276 2734 463 2821 παρέξομαι.

531 2896 740 2946 ΜΑΡΤΤΡΕΣ.
756 2928 759 2933 -

96 3046 141 3101 αθ
239 3041 281 3104 Τί
294 3023 357 3104 οάν
373 3030 453 3124 χρή,
472 3022 500 3101 οδ
516 3030 651 3122 ἄνδρες,
675 3031 780 3123 ὄνομα
796 3034 921 3103 θέσθαι
943 3029 1051 3123 τούτῳ
1068 3035 1117 3124 τῷ

159 3130 275 3224 άνδρί,
292 3130 382 3216 ὅστις
401 3137 509 3204 ἐθέλει
525 3129 612 3203 οὕτω
630 3138 755 3226 ῥαδίως
773 3130 829 3203 διά
846 3129 882 3203 τδ
901 3135 1025 3202 ἑαυτοῦ
1041 3140 1114 3220 κέρ-

30 3237 33 3240 ’
161 3241 218 3317 δος
243 3237 311 3305 τοῖν
339 3231 534 3305 τεθνεώτων
562 3231 651 3315 τινδς
678 3232 964 3318 καταψεύδεσθαις
991 3227 1047 3313 Ὡς
1077 3232 1115 3300 δὲ

40 3372 41 3377 “
158 3334 242 3407 οὐδὲ
257 3337 387 3406 Κλέωνι
410 3351 530 3426 προῖκα
546 3333 603 3416 τάς
627 3332 789 3423 διαθήκας
811 3330 1007 3423 ἀποφαίνει,
1030 3328 1115 3401 άλλά

157 3433 282 3527 μισθδν
305 3445 457 3526 εἴληφεν,
487 3431 570 3524 αὕτη
598 3430 680 3526 ὑμίν
700 3430 721 3524 ῆ
743 3443 908 3526 μαρτυρία
927 3429 969 3505 οὐ
993 3427 1116 3523 μικράν
