2340 3916
340 196 467 254 ΚΑΤΑ
493 194 764 252 TIMAPXOY.
1006 189 1025 255 7

72 359 228 440 λέγεσθαι
241 355 293 422 ε’πὶ
308 367 376 432 τοῖς
393 358 560 439 δημοσίοις
577 347 704 435 ἀγῶσιν
715 350 777 420 οῦκ
796 355 857 420 είσὶ
874 356 1022 433 ψευδεῖς·

73 458 109 520 αι’
125 453 189 540 γὰρ
207 459 288 522 ίδιαι
301 460 419 538 ἔχθραι
436 448 542 519 πολλοὶ
562 450 652 516 πάνυ
668 458 736 517 τῶν
746 457 869 518 κοινῶν
879 455 1024 534 ἐπανορ-

41 570 59 622 3
75 561 185 621 θοῦσι.
219 552 359 637 τοῦμὲν
377 544 440 618 οῦν
458 546 540 617 ὅλον
559 546 689 633 ἀγῶνος
708 549 890 636 φανήσεται
907 547 981 617 οὔθ’
1001 546 1021 634 ῆ

72 654 166 731 πόλις
186 658 272 720 αἰτία
293 644 378 718 οὖσα
399 648 552 737 Τιμάρχῳ
575 645 651 714 οὔθ’
668 652 702 715 οί
718 649 816 734 νόμοι
837 646 911 717 οὔθ’
931 646 1024 732 ὑμεῖς

73 749 145 819 οὔτ’
161 749 243 837 ἐγώ,
266 745 333 817 ἀλλ’
348 745 447 826 αῦτδς
465 741 563 825 οῦτος
580 743 679 836 αὑτῶ.
715 751 748 814 οί
764 749 825 833 μὲν
842 746 906 833 γαρ
924 748 1022 833 νόμοι

73 863 233 933 προεῖπον
240 845 328 936 αύτῷ
337 851 477 931 αἰσχρῶς
485 845 660 932 βεβιωκότι
669 843 713 932 μῆ
724 851 934 932 δημηγορεῖν,
951 849 1023 914 ἐπί-
1036 853 1071 907 29

73 971 195 1029 ταγμα,
219 943 262 1021 ῶς
273 969 310 1028 γε
322 941 362 1027 δῆ
376 940 439 1027 ἐγοδ
452 949 572 1027 κρίνω,
594 939 636 1008 ού
646 940 792 1026 χαλεπὸν
803 942 1022 1023 ἐπιτάξαντες,

74 1043 156 1112 α’λλὰ
168 1046 223 1111 καὶ
234 1043 324 1109 πόνν
336 1042 469 1130 ῥηίδιον·
497 1040 552 1124 ἐμὲ
565 1036 596 1107 δ’
611 1042 688 1125 ε’ξῆν
698 1038 791 1130 αύτῷ
798 1092 807 1124 ,
827 1047 858 1109 εί
868 1040 1024 1126 ἐσωφρό-

74 1167 140 1228 νει,
163 1140 206 1227 μῆ
226 1152 458 1225 συκοφαντεῖν.
490 1138 564 1221 περὶ
580 1135 641 1222 μὲν
658 1131 722 1204 οὖν
739 1139 869 1206 τούτων
885 1142 1024 1225 μετρίως

73 1244 190 1320 ἐλπίζω
201 1266 257 1325 μοι
268 1246 498 1324 προειρῆσθαι.

40 1359 57 1409 4
160 1339 232 1408 Οῦκ
244 1336 354 1424 ἀγνοῶ
367 1338 413 1422 δὲ,
424 1336 475 1406 δτι
487 1336 508 1404 δι’
520 1342 627 1423 μέλλω
639 1341 676 1406 ἐν
687 1340 829 1424 πρώτοις
840 1344 948 1423 λέγειν
958 1364 1025 1424 φα-

76 1449 189 1507 νεῖσθε
201 1440 255 1506 καί
266 1441 388 1525 ἑτέρων
401 1435 463 1523 ῆδη
479 1437 642 1522 πρότερον
657 1435 851 1524 ἀκηκοότες·
873 1437 957 1507 ἀλλά
969 1465 1025 1524 μοι

76 1542 169 1603 δοκεῖ
177 1533 293 1619 καιρός
304 1534 388 1602 εἶναι
400 1538 454 1602 καὶ
473 1536 528 1620 ἐμὲ
540 1543 605 1602 νῦν
615 1534 698 1618 πρὸς
710 1533 795 1621 ὑμῶς
805 1543 851 1626 τῷ
864 1534 953 1624 αύτῷ
965 1536 1025 1603 λό-

75 1662 123 1725 γῳ
140 1636 247 1725 τούτῳ
265 1636 462 1721 χρῆσασθαι.
498 1632 739 1720 ὁμολογοῦνται
756 1633 820 1722 γαρ
839 1649 924 1717 τρεῖς
942 1633 1025 1701 εἶναι

76 1744 234 1803 πολιτεῖαι
240 1731 328 1818 παρδι
337 1740 439 1800 πᾶσιν
449 1728 651 1816 ἀνθρώποις,
661 1735 815 1816 τυραννίς
828 1730 1025 1816 καίόλιγαρ-

75 1841 128 1920 χία
140 1835 194 1901 καὶ
207 1838 423 1918 δημοκρατία·
447 1837 651 1898 διοικοῦνται
662 1829 695 1897 δ’
708 1833 745 1897 αί
758 1830 819 1915 μὲν
830 1833 1025 1922 τνραννίδες

75 1933 128 1998 καὶ
147 1929 329 2015 ὀλιγαρχίαι
344 1942 412 2006 τοῖς
429 1926 563 2011 τρόποις
578 1936 647 1995 τῶν
668 1925 913 2013 ἐφεστηκότων,
935 1930 972 1994 αλ
990 1929 1026 1994 δὲ

76 2029 188 2106 πόλεις
199 2031 235 2094 αλ
246 2026 554 2112 δημοκρατούμεναι
570 2039 638 2105 τοῖς
649 2024 763 2111 νόμοις
773 2038 841 2104 τοῖς
851 2025 1024 2110 κειμένοις.

43 2153 60 2202 5
77 2119 115 2194 εῦ
127 2124 156 2193 δ’
172 2135 255 2210 ίστε,
270 2119 297 2192 ῶ
305 2123 493 2210 Ἀθηναῖοι,
514 2123 566 2192 ὅτι
582 2123 623 2192 ιδ
634 2128 696 2210 μὲν
710 2133 778 2191 τῶν
796 2128 1024 2209 δημοκρατον-
1037 2143 1075 2198 30

77 2230 187 2312 με’νων
198 2225 332 2311 σῶματα
343 2228 397 2294 καί
408 2229 469 2312 τῆν
481 2233 648 2294 πολιτείαν
659 2228 694 2293 οί
702 2223 801 2308 νόμοι
812 2224 968 2310 σῶζονσι,
986 2221 1026 2291 τδι

78 2332 113 2394 δὲ
131 2335 198 2394 τῶν
216 2326 391 2409 τνρύννων
406 2330 461 2395 καὶ
478 2332 676 2411 ὀλιγαρχιῶν
692 2322 826 2392 νἀιιοτία
843 2325 898 2390 καὶ
912 2320 1025 2409 ῆμετδι

77 2431 145 2491 τῶν
156 2421 271 2491 ὅπλων
282 2424 423 2510 φρονρύ.
452 2428 639 2510 φυλακτέον
658 2421 697 2507 δῆ
709 2420 1027 2507 τοίςμδνόλιγαρχι-

78 2537 147 2601 κοῖς
159 2524 213 2591 καὶ
223 2537 289 2602 τοῖς
299 2521 359 2609 τὴν
368 2521 487 2590 δι’νισον
498 2527 666 2590 πολιτείαν
673 2523 939 2606 πολιτευομένοις
948 2520 1027 2599 τοῦς

77 2627 115 2687 ἐν
131 2628 251 2706 χειρῶν
267 2621 359 2708 νόμῳ
376 2619 435 2698 τὰς
452 2627 616 2699 πολιτείας
633 2619 874 2703 καταλύοντας,
897 2615 976 2703 ύμίν
989 2618 1024 2686 δὲ
1037 2632 1070 2687 31

78 2732 146 2797 τοῖς
157 2716 217 2803 τῆν
228 2728 304 2803 ίσην
315 2722 369 2785 καὶ
381 2722 522 2802 ἔννομον
533 2722 700 2785 πολιτείαν
714 2721 826 2802 ἔχουσι
842 2714 921 2794 τοῦς
937 2713 1026 2801 παρὰ

77 2814 157 2894 τοῦς
174 2815 297 2902 νόμους
313 2811 335 2901 ῆ
352 2819 507 2900 λέγοντας
522 2810 543 2902 ῆ
560 2814 761 2902 βεβιωκότας
778 2815 943 2895 κολάζειν·
971 2818 1028 2883 ἐν·

79 2921 202 2981 τεῦθεν
213 2912 277 2999 γδιρ
291 2917 448 3000 ἰσχύσετε,
463 2913 545 2982 ὅταν
557 2911 746 3002 εὐνομῆσθε
758 2917 813 2982 καὶ
824 2913 868 3001 μῆ
881 2916 1027 2983 καταλύ-
1040 2931 1075 2986 θλ

79 3024 164 3099 ηοθε
183 3011 249 3081 ῦπδ
267 3022 336 3081 τῶν
358 3013 645 3100 παρανομούντων
668 3015 722 3081 καὶ
743 3011 890 3100 ἀσελγῶς
910 3015 1028 3101 βιοῦν·

44 3130 63 3182 6
81 3138 156 3179 των.
191 3113 370 3198 προσήκειν
384 3113 418 3180 δὲ
437 3117 539 3199 ἔγωγε
555 3118 693 3199 νομιζω,
716 3110 797 3181 ὅταν
810 3113 1028 3200 μὲννομοθε-

80 3218 204 3296 πῶμεν,
227 3208 322 3279 τοῦθ’
334 3207 419 3297 ῆμῶς
430 3225 582 3297 σκοπεῖν,
606 3208 695 3290 ὅπως
707 3218 816 3289 καλῶς
827 3216 961 3295 ἔχοντας
972 3214 1026 3277 καὶ

79 3315 311 3394 συμφέροντας
321 3309 446 3395 νόμους
457 3319 497 3399 τῆ
513 3316 659 3398 πολιτείᾳ
675 3309 869 3395 θησόμεθα,
892 3308 1028 3376 ἐπειδὰν

79 3407 114 3472 δὲ
126 3408 421 3492 νομοθετήσωμεν,
443 3422 509 3485 τοῖς
527 3409 641 3492 νόμοις
658 3420 726 3486 τοϊς
742 3410 1029 3494 κειμένοιςπείθε-
