2340 3916
184 217 227 280 18
607 209 736 261 12A10T
1044 213 1096 262 On.
1119 213 1142 263 1.

183 413 246 453 νου
271 381 421 451 διάνοιαν
440 384 506 469 1τής
533 377 689 475 ἡμετέρας
713 378 842 470 αύτων,
871 379 1142 470 ἀποθνήσκοντες

186 485 223 554 δὲ
250 480 370 564 ἀλλους
399 481 621 573 κληρονόμους
651 482 881 571 ἐβουλήθημεν
915 483 998 554 εἶναι
1029 481 1143 555 αύτῶν

127 595 163 645 47
182 588 307 674 μᾶλλον
329 579 350 671 ἡ
374 581 432 653 τόν
454 582 589 653 πάντων
611 583 819 654 οἰκειότατον.
863 580 950 653 ὥσθ’
973 579 1058 673 ἡμᾶς
1081 587 1142 674 μὲν

184 689 220 755 έν
248 681 461 774 ἀμφοτέροις,
489 673 516 752 ιό
543 679 679 772 ἀνδρες,
710 687 765 754 καὶ
800 687 836 754 έν
863 686 911 777 τῷ
939 689 1056 768 δούναι
1086 689 1141 754 καὶ

184 789 220 856 ἐν
242 788 289 878 τῷ
311 792 426 872 λαβεῖν
448 790 590 863 οἰκείους
617 781 714 865 όντας
742 779 914 875 εὑρήσετε,
943 784 1079 865 τούτους
1106 788 1140 854 δὲ

183 890 249 957 νύν
265 886 326 974 μέν
343 881 644 975 ἀναισχυντοῦντας
662 887 716 954 καὶ
733 881 795 972 τήν
806 884 990 972 οἰκειότητα
1007 889 1064 954 καὶ
1081 884 1142 974 τήν

185 983 373 1077 ἀγχιστείαν
396 985 567 1072 λέγοντας,
592 981 642 1055 ότι
666 982 835 1072 λήψεσθαί
848 1014 879 1054 τι
896 989 1142 1073 προσδοκῶσιν·

186 1091 222 1157 έν
241 1085 278 1156 δὲ
299 1089 346 1177 τῷ
369 1086 487 1155 δούναι
509 1083 652 1166 πολλούς
673 1078 716 1155 ἀν
738 1086 793 1155 καί
815 1101 987 1173 συγγενεῖς
1008 1089 1064 1155 καὶ
1088 1097 1142 1175 φί-

184 1197 262 1266 λους
281 1189 409 1256 ἐκείνου
426 1194 618 1277 προείλοντο
636 1187 861 1278 οἰκειοτέρους.

132 1303 165 1354 48
258 1285 451 1376 Κεφάλαιον
481 1287 518 1356 δὲ
539 1289 607 1359 τάν
630 1288 829 1376 είρημὲνων,
859 1276 886 1378 ςό
908 1285 1032 1367 πάντας
1056 1283 1142 1377 ὑμεῖς

183 1389 356 1479 προσέχειν
375 1391 428 1457 δεῖ
443 1384 501 1457 τόν
517 1390 615 1458 νούν·
634 1384 701 1480 όσφ
725 1384 787 1477 γάρ
810 1382 852 1457 ἀν
869 1391 973 1457 ταύτα
990 1391 1142 1475 λέγοντες

183 1485 393 1576 ἀποφαίνωσι
417 1491 472 1557 καὶ
494 1491 672 1580 πειρῶνται
696 1497 828 1558 πείθειν
850 1482 936 1576 ύμάς
954 1483 998 1568 ἀς
1017 1493 1142 1568 ἐκεῖνος

131 1608 139 1617 ’
185 1590 315 1658 διέθετο
332 1587 453 1669 ταύτας
470 1584 527 1669 τάς
547 1587 709 1677 διαθήκας
728 1591 782 1658 καλ
801 1584 881 1658 ούδὲ
898 1582 1029 1658 πάντοτε
1047 1586 1142 1658 ύστε-

184 1718 244 1780 ρον
266 1686 358 1782 αύτῷ
386 1693 597 1779 μετεμέλησε,
626 1693 681 1759 καὶ
705 1693 769 1759 νύν
797 1689 859 1779 μέν
883 1688 1036 1776 ἐβούλετο
1059 1685 1143 1779 ἡμᾶς

183 1791 289 1880 μηδὲν
305 1793 373 1861 τῶν
391 1785 496 1860 αύτού
512 1797 644 1879 λαβεῖν,
667 1797 761 1879 σφίσι
781 1786 813 1858 δ’
832 1785 1143 1877 αύτοῖςβεβαιεὶσαι

132 1910 165 1959 49
183 1888 244 1978 τήν
262 1889 408 1982 δωρεάν,
426 1893 482 1960 καί
497 1895 600 1960 ταύτα
618 1889 725 1961 πάντα
741 1894 891 1979 λέγοντες
909 1892 964 1959 καὶ
984 1895 1142 1980 διισχυρι-

184 1990 310 2079 ζόμενοι
338 1994 519 2080 μηδέτερον
541 1988 768 2080 ἀποφαίνωσι,
799 1987 882 2080 μήθ’
908 1986 952 2071 άς
978 1993 1142 2080 ἐγγυτέρω

109 2119 112 2125 ·
183 2094 230 2183 τῷ
246 2094 335 2178 γένει
353 2090 555 2179 προσήκουσι
570 2088 653 2180 μήθ’
673 2087 717 2172 εός
734 2090 932 2180 οἰκειότερον
949 2085 1044 2179 ἡμῶν
1062 2089 1142 2179 πρὸς

183 2190 387 2280 Κλεώνυμον
406 2195 581 2279 διέκειντο,
604 2187 698 2280 ἡμεῖς
723 2196 927 2279 ἐνθυμεῖσθε
944 2188 993 2261 ότι
1013 2194 1142 2261 ἐκείνου

185 2295 441 2381 κατηγοροῦσιν,
466 2288 540 2360 ἀλλ’
564 2288 625 2382 ούχ
649 2288 692 2374 τός
718 2289 846 2361 δίκαιόν
865 2295 931 2361 ἐστι
955 2288 991 2360 τό
1009 2296 1142 2382 πρᾶγμα

131 2417 165 2467 50
185 2391 400 2463 διδάσκουσιν
416 2388 509 2482 ύμάς.
541 2389 625 2462 ὥσθ’
644 2389 739 2482 ὑμεῖς
757 2389 836 2462 ὅταν
853 2393 915 2481 μὲν
931 2408 999 2471 τοῖς
1012 2391 1142 2462 τούτων

184 2492 292 2582 λόγοις
315 2492 505 2581 πιστεύητε,
529 2488 569 2562 ού
592 2490 729 2574 τούτους
751 2491 907 2584 προσήκει
924 2494 1059 2579 ποιήσαι
1077 2497 1142 2562 τεόν

186 2598 315 2664 ἐκείνου
344 2591 585 2685 κληρονόμους,
620 2590 702 2663 ἀλλά
729 2591 914 2684 παράνοιαν
937 2591 1142 2683 Κλεωνύμου

184 2693 479 2782 καταγιγνώσκειν,
502 2689 581 2763 ὅταν
605 2696 642 2764 δὲ
664 2710 731 2774 τοῖς
749 2686 934 2783 ἡμετέροις,
960 2692 1091 2763 ἐκεῖνόν
1110 2722 1142 2763 τε

184 2804 329 2883 νομίζειν
352 2791 463 2884 ὀρθάς
492 2798 738 2881 βεβουλεύσθαι
768 2797 868 2864 λύσαι
897 2790 954 2874 τάς
980 2792 1142 2882 διαθήκας

184 2894 403 2983 βουλόμενον,
427 2890 511 2983 ἡμᾶς
534 2921 570 2963 τε
592 2892 637 2984 μή
663 2911 885 2983 συκοφαντεῖν
907 2890 989 2963 ἀλλά
1009 2899 1142 2975 δικαίως

130 3009 163 3059 51
184 2992 312 3064 τούτων
330 2990 559 3083 ἀμφισβητεῖν.
591 3001 719 3084 ἔπειτα,
739 2986 918 3085 ύάνδρες,
939 2997 1142 3082 ἐνθυμεῖσθε

184 3093 233 3165 ότι
252 3091 312 3185 ούχ
335 3091 407 3165 οἷόν
429 3123 465 3165 τε
481 3091 562 3184 ύμῖν
586 3099 652 3167 ε’στι
670 3093 752 3165 κατά
775 3093 851 3175 τούς
874 3095 1001 3165 τούτων
1025 3094 1142 3183 λόγους

185 3199 311 3283 γνῶναι
329 3199 404 3287 περὶ
424 3193 543 3266 αύτοόν.
580 3195 714 3267 πάντων
731 3193 793 3285 γάρ
811 3189 853 3265 ἀν
872 3205 921 3283 είη
941 3192 1142 3285 δεινότατον,

187 3304 217 3365 εί
232 3298 298 3365 τοῖν
322 3293 501 3368 ἀντιδίκων
523 3295 776 3385 γιγνωσκόντων
798 3290 881 3385 ἡμεῖς
905 3302 1034 3364 δίκαιον
1060 3296 1142 3367 εἶναι

185 3394 221 3466 τό
238 3400 334 3488 μέρος
358 3395 468 3468 αὐτόν
492 3403 623 3486 λαβεῖν,
647 3392 741 3486 ὑμεῖς
765 3392 884 3466 ἅπαντ’
910 3391 1032 3475 αύτούς
1057 3404 1142 3486 ἔχειν

185 3507 408 3588 ψηφίσαισθε,
428 3500 482 3568 καλ
494 3494 631 3578 τούτους
645 3498 706 3587 μὲν
716 3492 900 3586 ἡγήσαισθε
911 3499 1027 3587 χρῆναι
1041 3507 1142 3568 πλείω
