2340 3916
124 157 166 221 36
501 155 719 208 AEINAPXOT

125 317 310 403 φάσκοντες
333 311 577 400 εάσεβέστατοι;
600 314 661 403 τὴν
680 318 740 384 τού
764 321 945 404 συνεδρίου
964 319 1094 403 γνῶσιν

19 446 22 451 ·
125 421 253 513 ἀκυρον
280 421 497 510 καταστήσετε
525 425 564 511 τῇ
587 423 834 510 Δημοσθένους
862 423 1095 512 ἐπακολουθή-

126 550 243 610 σαντες
264 535 424 620 πονηρίηι;
451 526 529 615 ούκ,
553 528 613 597 ἐάν
632 533 843 618 σωφρονῆτε,
863 520 888 596 ὦ
905 525 1094 617 Ἀθηναῖοι·

74 650 109 701 88
126 633 168 705 ού
191 634 255 726 γάρ
278 637 353 724 περὶ
376 637 505 724 μικρῶν
528 631 609 703 οὐδὲ
632 638 700 703 τῶν
724 635 895 722 τυχόντων
918 638 956 703 ἐν
978 639 1018 725 τῇ
1037 637 1095 725 τή·

125 770 228 832 μερον
251 738 356 833 ἡμέρᾳ
380 741 539 828 δικάζετε,
563 738 645 809 ἀλλὰ
669 744 743 832 περὶ
768 748 932 830 σωτηρίας
954 746 1011 829 τῆς
1034 743 1095 812 πό-

126 859 208 930 λεως
240 844 370 936 ἀπάσης
401 849 456 916 καὶ
488 845 572 937 πρὸς
607 847 737 929 τούτοις
769 850 844 938 περὶ
877 854 1096 937 δωροδοκίας,

127 962 230 1037 ἔθους
248 957 401 1043 πονηροῦ
420 955 475 1022 καὶ
493 954 686 1042 πράγματος
704 952 921 1035 ἀλυσιτελοῦς
938 950 1020 1042 ύμῖν
1038 958 1096 1024 καὶ

126 1063 254 1142 πάντας
277 1059 481 1149 ἀνθρώπους
504 1057 760 1142 ἀπολωλεκότος.
799 1058 855 1150 (δ)
876 1066 906 1130 εί
928 1061 988 1149 μὲν
1012 1060 1093 1131 καθ’

127 1167 210 1237 ὅσον
229 1167 300 1236 ἐστὲ
321 1169 461 1236 δυνατοὶ
475 1169 642 1255 ἐκβαλεῖτε
661 1170 696 1236 ἐκ
714 1171 771 1255 της
789 1168 916 1249 πόλεως
934 1170 989 1236 καὶ
1009 1169 1096 1237 παύ-

126 1295 199 1342 σετε
217 1271 297 1354 τοὺς
315 1277 441 1364 ῥαδίως
462 1270 542 1342 καθ’
564 1270 660 1363 ύμων
684 1275 834 1363 χρήματα
851 1275 1096 1363 λαμβάνοντας,

126 1379 354 1467 σωθησόμεθα
367 1383 460 1451 θεῶν
473 1383 703 1469 βουλομένων·
723 1387 754 1450 εί
767 1378 798 1450 δ’
821 1383 1007 1470 ἐπιτρέψετε
1025 1397 1097 1464 τοῖς

127 1486 264 1576 ῥήτορσι
287 1496 411 1555 πωλεῖν
434 1483 520 1576 ὑμᾶς
538 1485 677 1574 αύτούς,
695 1488 898 1577 περιόψεσθε
916 1485 978 1576 τὴν
995 1488 1096 1558 πόλιν

127 1591 374 1682 ἀνατραπεῖσαν
392 1589 458 1663 ὑπὸ
476 1594 614 1663 τούτων.
665 1630 673 1641 ·

77 1715 110 1765 89
198 1699 367 1790 Ἕμραφεν
396 1697 497 1781 αὐτὸς
525 1703 562 1769 ἐν
588 1704 634 1792 τῷ
664 1698 757 1791 δήμῳ
781 1703 1021 1788 Λημοσθένης,
1051 1696 1097 1782 ὡς

129 1807 287 1894 δηλονότι
316 1812 449 1876 δικαίου
477 1807 752 1896 τοῦπράγματος
776 1805 887 1893 όντος,
916 1806 1098 1893 φυλάττειν

53 1891 328 2007 ίίἈλεξάνδρφ
347 1912 388 1982 τά
407 1919 455 1994 εἰς
472 1912 535 2001 τὴν
550 1911 698 2002 Ἀττικὴν
717 1911 904 2000 ἀφικόμενα
923 1912 1002 2002 μετὰ
1024 1911 1097 2004 Ἁρ-

127 2019 236 2088 πάλου
265 2018 422 2107 χρήματα.
470 2017 575 2100 οὕτως
605 2012 683 2107 οὖν,
713 2011 738 2088 ἀ
768 2018 896 2110 άριστε,
925 2022 998 2089 είπέ
1028 2049 1097 2107 μοι,

129 2126 335 2212 φυλάξομεν,
359 2123 418 2193 ἐὰν
437 2123 480 2193 σὺ
504 2125 565 2212 μὲν
588 2135 693 2194 ελκοσι
715 2126 859 2194 τάλαντα
883 2124 996 2212 λαβὼν
1021 2133 1097 2215 ἕχης

130 2236 215 2321 ἰδίᾳ,
239 2233 349 2319 ἕτερος
368 2230 405 2299 δὲ
423 2238 673 2318 πεντεκαίδεκα,
698 2232 861 2320 Δημάδης
880 2232 917 2302 δὲ
936 2234 1097 2321 ἑξακισχι-

129 2344 222 2417 λίους
240 2340 370 2425 χρυσοῦ
389 2340 566 2427 στατῆρας,
590 2341 696 2426 ἕτεροι
715 2337 751 2406 δὲ
770 2336 835 2407 ὅσα
854 2338 898 2427 δή
916 2365 996 2408 ποτε
1014 2337 1097 2408 ἀπο-

128 2445 335 2531 πεφασμένοι
354 2449 433 2527 είσί;
456 2446 594 2533 τέτταρα
613 2442 676 2533 γάρ
695 2444 841 2513 τάλαντά
864 2448 931 2514 ἐστι
949 2447 1005 2514 καὶ
1025 2447 1097 2534 ἑξή-

128 2577 231 2619 κοντα
250 2548 316 2638 ἤδη
341 2546 521 2640 εὑρημένα,
546 2542 594 2618 οἷν
613 2560 727 2619 οίεσθε
749 2550 813 2639 τὴν
832 2557 943 2619 αἰτίαν
966 2553 1099 2634 τούτοις

131 2724 329 2799 εύσεβέστατοι
349 2735 373 2785 N
390 2735 456 2783 Mn:
482 2725 686 2799 εὐσεβέστεροι.
709 2768 742 2777 -
771 2734 877 2802 γνῶσιν
894 2736 918 2785 N
936 2736 1001 2785 Μαι
1026 2730 1099 2800 χνοά-

64 2872 68 2881 ι
129 2818 196 2918 μηχ.
214 2794 458 2919 -χηριτεττήσατε
476 2817 516 2867 pr.
533 2802 557 2850 A
576 2801 666 2858 corr.².
686 2830 719 2839 —
746 2795 895 2869 Ἀθηναῖοι
914 2804 984 2854 NAB
1003 2804 1098 2854 Turn:

128 2886 165 2918 αν
205 2883 218 2918 ε
299 2906 306 2919 .

181 2885 238 2986 985.
273 2934 340 3001 περὶ
359 2936 501 3001 σωτηρίας
518 2953 542 2988 τ.
559 2954 589 2987 τι.
608 2930 669 3003 nim]
689 2940 715 2989 si
734 2939 862 2989 conferas
881 2938 953 3003 quod
971 2940 1098 3003 sequitur

128 2995 200 3067 πρός
218 2996 343 3067 τούτοις,
366 3003 462 3087 aliqua
483 3005 661 3057 intercidisse
684 3006 821 3057 videntur.
841 3030 872 3042 -
903 3006 967 3060 fort.
985 2997 1098 3065 πάντας

128 3064 197 3148 τοὺς
216 3067 384 3190 χρωμένους
407 3072 489 3123 απολ.
511 3099 545 3108 -
576 3061 618 3138 (δ)
643 3070 671 3126 εἰ
691 3069 745 3141 μὲν
771 3075 804 3128 οἱ.
827 3073 860 3123 R.
883 3099 917 3110 -
946 3069 1023 3139 ἡμᾶς
1047 3064 1099 3125 αὖ·

129 3154 198 3197 τους
243 3176 249 3189 .
406 3166 417 3189 τ

198 3208 240 3260 89.
276 3199 376 3267 οὕτως]
395 3205 455 3266 πῶς
474 3206 522 3261 Cb.
547 3235 577 3244 —
609 3199 783 3274 φυλάξωμεν
800 3207 833 3257 Ν.
860 3209 896 3258 ef.
916 3211 956 3260 99.
975 3235 1008 3245 -
1032 3205 1097 3279 ἰδίᾳ

130 3289 191 3325 cum
209 3277 279 3326 Wm.
298 3276 393 3326 Turn:
412 3274 485 3327 ἴδια.
504 3303 537 3312 -
554 3274 806 3341 πεντακισχιλίους
824 3275 886 3326 fort.
904 3278 977 3343 Hyp.
997 3279 1011 3329 1
1030 3278 1063 3327 fr.
1081 3281 1098 3328 2

129 3343 189 3393 init.
207 3370 241 3380 -
264 3338 399 3425 τέτταρα]
419 3338 589 3408 τετρακόσια
606 3345 630 3393 N
650 3348 679 3393 et
698 3359 738 3407 pr.
757 3344 781 3393 A
799 3342 893 3406 eorr.²;
913 3339 967 3410 γάρ
986 3344 1097 3395 aeorr.¹

129 3410 214 3461 habet
232 3411 263 3462 A.
281 3438 314 3447 —
344 3427 457 3472 τούτοις
481 3411 547 3463 δεῖν
565 3427 633 3462 εστι
665 3407 809 3463 τουτοισὶν
839 3410 922 3474 (δεῖν
952 3414 1036 3463 etiam
1066 3414 1098 3463 R.

131 3478 286 3529 addendum
305 3484 465 3543 censuerat,
485 3468 522 3530 διν
539 3479 637 3544 Emp.).
