2340 3916
276 173 398 230 ΠΕΡΙ
416 175 848 234 ΠΑΡΑΠΡΕΣΒΕΙΑΣ.
998 175 1039 237 85

87 333 235 419 πολέμῳ,
259 337 541 417 προκαλουμένων
557 331 680 412 αὐτούς
696 340 968 421 Λακεδαιμονίαν
992 343 1039 405 εἰ-

88 430 194 516 ρήνην
211 430 305 514 ἀγειν
317 436 451 516 ἔχοντας
461 430 543 514 πρός
561 441 600 519 τή
618 430 745 519 Ἀττική
755 440 893 519 Λήμνου
910 435 1039 521 καὶἽμ-

85 535 170 614 βρον
181 530 381 614 καίΣκῦρον
391 531 446 596 καί
457 534 789 617 δημοκρατουμένους
800 532 881 600 κατά
891 531 969 611 τούς
979 534 1038 602 νό-

86 651 187 710 μους,
211 626 338 692 τούτων
356 629 417 711 μὲν
435 625 534 695 οὐδὲν
550 628 676 714 ήθελον
692 643 814 714 ποιεῖν,
839 639 992 717 πολεμεῖν
1003 635 1038 699 δὲ

86 731 296 810 προῃροῦντο
309 721 351 790 ού
364 724 562 810 δυνάμενοι,
583 734 748 813 Κλεοφῶν
760 731 795 795 δὲ
813 726 831 796 ὁ
848 728 1035 814 λυροποιός,

85 819 123 889 δν
136 825 251 891 πολλοὶ
263 827 440 908 δεδεμένον
457 828 493 892 ἐν
514 830 625 906 πέδαις
643 827 888 913 ἐμνημόνευον,
911 852 1036 911 παρεγ-

84 925 222 1008 γραφεὶς
239 929 380 1009 αἰσχρῶς
397 931 532 1011 πολίτης
550 928 604 994 καί
622 924 834 1011 διεφθαρκῶς
853 933 940 1011 νομῇ
955 951 1036 1011 χρη·
1051 944 1103 998 λεἰὁ

84 1020 196 1105 μάτων
208 1019 267 1089 τόν
279 1027 394 1108 δήμου,
402 1021 719 1111 ἀποκόψεινήπείλει
730 1032 872 1112 μαχαίρᾳ
883 1026 943 1092 τόν
954 1025 1036 1107 τρά-

37 1131 69 1188 77
86 1129 202 1205 χηλον,
226 1130 260 1189 εἰ
272 1149 319 1198 τις
335 1129 393 1208 τής
405 1123 538 1209 εἰρήνης
548 1124 790 1210 μνησθήσεται·
821 1132 1036 1201 τελευτῶντες

86 1220 120 1287 δὲ
132 1227 176 1298 εἰς
186 1228 284 1287 τοῦτο
296 1218 358 1306 τήν
370 1221 467 1288 πόλιν
477 1222 680 1308 προήγαγον,
694 1220 777 1289 ῶστε
790 1219 964 1308 ἀγαπητῶς
975 1222 1036 1309 τήν

86 1320 220 1404 εἰρήνην
239 1320 443 1404 ποιήσασθαι
455 1319 662 1400 ἀποστάντας
680 1323 816 1389 πάντων
826 1325 881 1390 καί
899 1321 937 1389 τά
948 1331 1034 1409 τείχη

84 1420 288 1497 καθελόντας
305 1424 358 1487 καὶ
375 1418 663 1506 παραδεξαμένους
680 1420 835 1505 φρουράν
855 1423 910 1488 καὶ
927 1429 1036 1489 Λακε-

85 1522 266 1604 δαιμονίων
284 1516 455 1606 ἁρμοστήν
475 1522 529 1588 καὶ
546 1529 603 1606 τής
621 1525 841 1607 δημοκρατίας
858 1535 925 1600 τοῖς
941 1522 1035 1605 τριά-

85 1641 185 1684 κοντα
192 1616 389 1702 ἀφεμένους,
400 1626 435 1686 οἳ
442 1626 565 1703 χιλίους
575 1621 629 1686 καί
638 1625 873 1696 πεντακοσίους
883 1616 1036 1700 ἀκρίτους

83 1724 151 1782 τῶν
162 1726 305 1784 πολιτῶν
317 1715 520 1785 ἀπέκτειναν.
555 1718 615 1802 τήν
633 1716 694 1803 μέν
704 1718 861 1804 τοιαύτην
872 1715 1035 1802 ἀβουλίαν

84 1811 236 1900 ὁμολογῶ
247 1819 485 1901 παραγγέλλειν
494 1815 779 1903 φνλάττεσθαι,τά
793 1815 824 1883 δ’
840 1814 940 1907 ὀλίγῳ
951 1818 1035 1902 πρό-

82 1940 180 1997 τερον
200 1919 354 2000 εἰρημένα
372 1925 552 2000 μιμεῖσθαι.
586 1913 627 1981 ού
647 1913 711 1998 γάρ
734 1915 823 1998 παρά
845 1921 913 1980 τῶν
934 1913 1034 1982 ἀλλο-

79 2023 192 2096 τρίων,
201 2010 284 2079 ἀλλά
294 2013 382 2099 παρά
392 2021 453 2080 τού
464 2013 599 2080 πάντων
607 2013 809 2081 οἰκειοτάτου
818 2021 920 2080 ταῦτα
932 2015 1036 2080 ἐπυν-

31 2118 69 2173 78
83 2112 248 2198 θανόμην.
279 2110 474 2199 Ἀτρόμητος
488 2111 551 2197 γάρ
564 2110 581 2179 ὁ
596 2111 703 2198 πατήρ
715 2109 732 2180 ό
745 2109 917 2198 ήμέτερος,
940 2107 1034 2180 δασύ

81 2216 241 2295 λοιδορεῖς
258 2209 331 2279 οὔτ’
350 2210 444 2290 εἰδῶς
461 2210 532 2279 οὔτ’
551 2210 674 2279 ἐπιδῶν
690 2218 748 2297 τής
766 2213 888 2279 ἑαυτοῦ
907 2208 1034 2296 ήλικίας
1051 2236 1102 2291 255

81 2307 171 2386 ὅστις
180 2301 238 2394 ήν,
251 2313 436 2392 καὶταῦτα,
457 2303 728 2397 ῶΔημόσθενες,
748 2314 863 2378 ἐκτῶν
876 2311 1034 2394 νομάδων

80 2415 231 2473 Σκυθῶν
241 2406 278 2473 τό
292 2407 374 2490 πρός
385 2407 509 2494 μητρός
520 2412 615 2493 γένος
628 2405 692 2494 ῶν,
713 2414 817 2493 έφνγε
829 2411 891 2494 μὲν
902 2412 954 2476 ἐπὶ
965 2417 1033 2474 τῶν

80 2505 274 2590 τριάκοντα,
307 2508 538 2592 συγκατήγαγε
560 2507 595 2574 δὲ
617 2505 677 2573 τόν
698 2511 820 2592 δῆμον·
858 2509 913 2572 καί
939 2504 1034 2590 ὁτης

79 2603 201 2690 μητρός
226 2613 284 2689 τής
311 2602 470 2690 ήμετέρας
497 2604 657 2691 ἀδελφός,
695 2615 788 2682 θεῖος
809 2605 844 2672 δέ
866 2602 1031 2691 ἡμέτερος,

79 2704 290 2789 Κλεόβουλος
317 2702 334 2770 ὁ
364 2706 522 2772 Γλαύκου
549 2713 610 2772 τοῦ
640 2702 819 2788 Ἀχαρνέως
846 2701 918 2780 υἰδς
952 2699 1032 2788 μετά

79 2804 289 2887 Δημαινέτου
305 2810 366 2868 τοῦ
381 2805 554 2890 Βουζύγου
573 2801 906 2888 συγκατεναυμάχησε
923 2809 1033 2870 Χίλω-

79 2925 121 2964 να
144 2900 204 2966 τόν
226 2905 501 2986 Λακεδαιμονίων
522 2902 705 2987 ναύαρχον·
746 2901 829 2968 ῶστε
851 2900 955 2968 οἰκεῖά
976 2925 1033 2985 μοι

78 2999 132 3064 καὶ
151 2999 285 3085 συνήθη
302 2999 341 3066 τά
360 3008 417 3085 τής
434 2999 559 3080 πόλεως
578 3001 767 3088 ἀτυχήματα
781 3002 942 3079 εἶναιτοῖς
955 2998 1035 3067 ῶσίν
1047 3007 1101 3067 25⁷

78 3122 222 3164 ακονειν.

26 3209 63 3264 79
160 3194 327 3285 Ἐπιτιμᾷς
338 3202 376 3265 δέ
391 3225 446 3284 μοι
458 3201 512 3266 καὶ
523 3201 585 3286 τήν
600 3203 637 3267 έν
649 3215 715 3278 τοῖς
726 3207 855 3286 μυριόις
869 3198 1031 3281 ένἈρκα·

78 3297 131 3382 δία
144 3299 349 3380 δημηγορίαν
361 3300 415 3363 καί
427 3303 621 3383 πρεσβείαν,
642 3301 697 3366 καὶ
713 3305 982 3384 μεταβεβλῆσθαί
991 3324 1030 3383 με

77 3389 143 3475 φής
161 3391 261 3470 αὐτός
280 3391 328 3460 ῶν
343 3394 605 3481 ἀνδραποδώδης
621 3398 676 3464 καὶ
687 3397 794 3482 μόνον
807 3397 869 3465 ούκ
881 3400 1030 3482 ἐστιγμέ-
