2340 3916
132 222 174 285 το
427 302 435 315 .
514 218 719 288 [AHMAAOT]

133 379 261 451 ἀδικῶν
285 377 356 450 οὔτ’
384 385 454 470 ἰδία
482 383 598 449 λυπῶν
627 375 751 449 οὐδένα
778 384 847 450 τῶν
870 384 906 450 ἐν
933 385 973 472 τῇ
997 383 1106 468 πόλει,

132 487 336 577 πειρῶμενος
359 483 390 555 δ’
412 483 463 555 ἀεὶ
481 501 553 568 τοῖς
576 491 674 566 ἰδίοις
697 485 814 568 πόνοις
836 485 897 575 τὴν
921 485 1105 558 ἀσθένειαν

98 620 115 669 8
133 597 195 664 τοῦ
213 600 293 682 βίου
314 596 553 683 διορθοῦσθαι.
585 588 605 681 η
625 600 723 662 πενία
742 589 774 661 δ’
797 602 877 675 ἰσως
896 594 1105 684 δύςχρηστον

74 760 78 765 .
133 701 194 789 μὲν
213 706 278 789 ἔχει
297 728 328 768 τι
346 701 402 769 καί
420 699 579 785 χαλεπόν,
598 697 793 786 κεχώρισται
812 697 844 768 δ’
866 700 1038 790 αἰσχύνης,
1058 698 1106 784 ῶς

133 806 186 893 ἀν,
206 805 309 894 οἶμαι,
327 810 385 894 τῆς
404 802 545 894 ἀπορίας
560 806 613 873 ἐπὶ
631 809 765 875 πολλῶν
779 802 821 874 ού
840 806 967 896 τρόπον
981 816 1105 877 κακίαν

132 911 216 982 ἀλλά
247 913 348 1001 τύχης
380 909 627 999 ἀγνωμοσύνην
660 911 866 999 ἐλεγχούσης.
906 913 1105 1002 προςελθῶυ

18 1106 24 1115 Ι
131 1019 171 1088 δὲ
189 1034 259 1100 τοῖς
278 1033 405 1098 κοινοῖς
424 1014 486 1086 ούκ
505 1022 552 1098 εἰς
571 1023 666 1100 δίκας
687 1020 743 1086 καὶ
760 1015 824 1105 τὴν
843 1016 908 1088 ἀπὸ
927 1022 986 1106 της
1004 1028 1104 1106 λογο-

133 1132 278 1214 γραφίας
306 1126 466 1212 ἐργασίαν
493 1130 601 1213 ἔθηκα
627 1124 689 1194 τὸν
715 1124 838 1211 πόνον,
867 1121 940 1194 ἀλλ’
966 1131 1012 1206 εἰς
1039 1125 1105 1215 τὴν

132 1229 197 1299 ἀπὸ
226 1233 288 1299 τού
312 1230 460 1318 βήματος
486 1237 692 1321 παρρησίαν,
720 1227 741 1318 η’
764 1245 834 1311 τοῖς
861 1231 922 1318 μὲν
945 1235 1104 1318 λέγουσιν

131 1339 297 1424 ἐπισφαλῆ
316 1339 489 1426 παρέχεται
507 1336 568 1406 τὸν
586 1343 674 1424 βίον,
691 1351 761 1416 τοῖς
780 1334 812 1405 δ’
833 1335 982 1425 εὐλαβῶς
1000 1335 1102 1430 ἀκρο-

131 1444 274 1530 ωμένοις
296 1450 456 1532 μεγίστην
479 1449 622 1512 δίδωσιν
644 1441 802 1533 ἀφορμὴν
825 1442 909 1534 πρὸς
927 1444 1101 1532 κατόρθω-

133 1568 200 1617 σιν·
230 1547 272 1618 ού
291 1547 356 1638 γὰρ
375 1553 412 1618 ἐν
430 1554 469 1639 τῇ
488 1553 550 1618 τού
568 1552 724 1637 λέγοντος
747 1549 854 1639 χάριτι
874 1555 929 1620 δεῖ
945 1559 1101 1620 συνεκπί-

5 1664 8 1669 '
100 1668 226 1724 9πτειν
257 1654 319 1745 την
350 1661 408 1745 της
444 1663 603 1747 πατρίδος
635 1662 812 1746 σωτηρίαν.
858 1664 973 1745 χιλίων
1009 1656 1100 1747 ταφὴ

101 1822 104 1827 .
130 1759 321 1851 Ἀθηναίων
340 1779 502 1854 μαρτυρεῖ
517 1790 584 1852 μοι,
603 1768 807 1852 κηδευθεῖσα
825 1778 897 1844 ταῖς
914 1767 983 1832 τῶν
1002 1766 1100 1832 ε’ναν.

131 1877 214 1938 τίων
232 1877 361 1961 χερσίν,
385 1867 424 1952 ἃς
448 1868 522 1940 ἀντὶ
541 1876 712 1959 πολεμίων
732 1876 845 1957 φιλίας
868 1871 1008 1958 ἐποίησα
1030 1885 1102 1952 τοῖς

133 1973 377 2046 ἀποθανοῦσιν.
438 1980 587 2046 ἐνταῦθα
627 1975 760 2057 ἐπιστὰς
799 1991 869 2056 τοῖς
908 1977 1101 2065 πράγμασιν

132 2089 260 2171 ἔγραψα
278 2081 341 2168 την
359 2082 508 2171 εἰρήνην·
529 2078 689 2169 ὁμολογῶ.
722 2088 850 2171 ἔγραψα
868 2084 924 2150 καί
945 2089 1099 2174 Φιλίππῳ

130 2187 238 2273 τιμάς·
267 2184 329 2255 ούκ
352 2183 527 2275 ἀρνοῦμαι.
569 2191 751 2272 δισχιλίους
778 2185 842 2275 γὰρ
870 2189 1101 2275 αἰχμαλώτους

132 2291 215 2361 ἀνευ
243 2292 376 2382 λύτρων
403 2295 459 2360 καὶ
482 2297 570 2378 χίλια
593 2294 739 2360 πολιτῶν
762 2290 898 2377 σῶματα
921 2296 1021 2380 χωρὶς
1040 2296 1099 2381 κή-

132 2425 234 2489 ρυκος
251 2401 308 2468 καὶ
330 2397 391 2468 τὸν
407 2395 561 2488 Ὠρωπὸν
584 2393 666 2467 ἀνευ
685 2403 861 2488 πρεσβείας
883 2396 998 2485 λαβῶν
1016 2395 1100 2485 ύμῖν

81 2522 114 2572 10
130 2502 225 2574 ταῦτ’
251 2511 389 2597 ἔγραψα.
426 2507 600 2593 ἐπείληπτο
624 2503 662 2573 δὲ
683 2507 742 2593 τῆς
769 2504 967 2595 γραφούσης
989 2531 1101 2592 χειρος

132 2609 193 2700 ούχ
215 2608 236 2701 ἡ
261 2617 449 2703 δωροδοκία
471 2614 539 2680 τῶν
561 2610 789 2699 Μακεδόνων,
813 2606 858 2692 ῶς
881 2602 975 2680 οὗτοι
997 2620 1098 2680 πλατ-

130 2718 264 2805 τόμενοι
287 2721 458 2805 λέγουσιν,
482 2714 554 2786 ἀλλ’
576 2713 594 2786 ό
613 2716 728 2807 καιρὸς
746 2719 800 2787 καί
824 2713 845 2806 ἡ
869 2725 962 2808 χρεία
985 2717 1097 2787 καὶτὸ

199 2956 234 3033 8.1
249 2947 377 3034 εύλμβῶς
394 2950 589 3033 ῶμροωμίνοις
606 2957 717 3042 scripsi:
738 2948 971 3023 εὐλαβουμένοις,
995 2958 1031 3007 cf.
1044 2959 1059 3019 ἓ
1072 2962 1098 3014 3.

130 3051 164 3061 -
181 3039 253 3088 προς
275 3040 328 3089 την
349 3024 534 3088 κατορθῶσιν
551 3024 583 3077 Τ.
602 3051 634 3061 -
653 3043 685 3078 εν
703 3023 737 3091 τῇ
761 3023 812 3077 τού
826 3022 969 3091 λέγοντος]
994 3018 1025 3076 ἒν
1044 3026 1098 3076 del.

21 3102 23 3107 ·
130 3091 194 3142 mal.
213 3091 275 3152 Bk„
293 3091 350 3142 def.
370 3092 397 3143 S.
418 3091 479 3146 coll.
497 3092 650 3148 Maetzner.
670 3091 705 3145 ad
722 3090 836 3158 Antiph.
856 3093 879 3154 1,
897 3093 921 3146 8.
951 3092 1098 3143 Sententia

130 3159 202 3211 haee
220 3173 281 3211 esse
299 3159 422 3211 videtur:
447 3174 527 3224 „non
546 3175 656 3226 semper
678 3158 754 3212 salus
772 3159 944 3226 reipublicae
961 3175 1016 3211 una
1035 3176 1098 3211 con-

130 3227 216 3294 tingit
235 3242 296 3278 cum
314 3227 431 3279 oratoris
450 3227 571 3295 gratia“.
1017 3257 1020 3263 ·

198 3313 222 3362 9.
247 3304 340 3378 ταφὴ]
359 3327 390 3364 τε
409 3304 451 3379 φὴ
468 3313 562 3379 MNT,
585 3330 617 3366 τε
635 3311 686 3380 φῆ.
703 3312 736 3363 Ε.
770 3311 813 3363 De
831 3313 950 3364 veritate
967 3313 1098 3363 lectionis

132 3385 244 3444 propter
262 3380 369 3431 hiatum
387 3379 497 3431 dubitat
513 3381 658 3432 Benueler.
676 3407 709 3417 —
731 3372 859 3446 κήρυκας
876 3380 908 3431 Τ.
927 3405 960 3416 -
982 3373 1097 3447 ὁρωπὸν

130 3447 163 3509 Ν,
183 3440 297 3511 ὀρωπόν
313 3448 374 3501 ΜΤ.

200 3533 240 3585 10.
264 3524 413 3599 ἔπείληστο
432 3533 458 3584 J.
479 3534 516 3584 cf.
531 3538 623 3584 autem
640 3533 754 3584 Demad.
777 3533 810 3584 fr.
829 3535 844 3584 8
863 3533 890 3584 S.

53 3644 81 3672 Ιι
