2340 3916
184 185 224 248 14
559 183 774 238 Δυιαεειτον

182 342 446 433 παρασκευάσαι
473 341 613 433 περιιών
632 334 730 424 οὗτος
747 341 831 412 κατὰ
849 341 911 431 τὴν
931 341 1058 434 άγοράν
1077 347 1150 414 ε’λο

11 478 223 579 .χ,.θ
183 457 312 536 γοποίει
343 451 398 518 καὶ
429 453 498 518 των
528 451 774 578 πραττομένων
793 455 951 519 εἰσεποίει
981 450 1151 520 κοινωνὸν

183 553 299 626 αὑτόν
319 553 406 625 ούτω
425 551 677 645 κατέστρεψευη
697 555 778 643 τύχη
793 559 897 624 ταῦτα
912 553 990 624 ωστ’
1012 559 1150 626 ἐναντία

182 670 360 750 γίγνεσθαι
378 678 448 744 τοῖς
465 663 765 751 προσδοκωμένοις.
802 665 995 743 ἐξέπλευσεν
1016 660 1149 751 Ἐφιάλ-

181 798 239 857 της
257 772 365 857 μισῶν
387 769 448 855 μὲν
465 771 597 854 τούτου,
616 764 881 856 ἀναγκαζόμενος
900 769 938 837 δὲ
955 773 1023 838 τῶν
1041 795 1148 859 πραγ-

182 876 295 964 μάτων
321 889 510 944 κοινωνεῖν·
539 870 692 962 ἀφείλετο
716 878 771 945 καὶ
793 878 915 944 τοῦτον
938 871 959 962 ἡ
983 876 1065 963 τύχη
1089 879 1149 963 τῆς

181 983 315 1063 πόλεως.
352 978 549 1062 Εὐθύδικος
571 996 750 1070 προῃρεῖτο
773 980 832 1062 τάς
849 977 933 1070 ὑπὲρ
957 986 1018 1050 τού
1038 982 1149 1069 (λη’μου

181 1089 326 1176 πράξεις’
350 1094 415 1174 ἔφη
439 1087 545 1178 τούτῳ
570 1090 794 1175 Δημοσθένης
817 1094 915 1175 φίλος
938 1085 1036 1156 εἶναι·
1062 1088 1148 1177 (καὶ)

182 1185 279 1274 οὗτος
302 1190 459 1262 ἀπώλετο.
495 1195 550 1263 καὶ
578 1191 678 1262 ταῦθ’
703 1190 798 1282 ὑμεῖς
825 1189 967 1283 ὁρωντες
994 1196 1050 1263 καὶ
1078 1197 1148 1263 ἐπι-

182 1301 338 1386 στάμενοι
356 1298 443 1369 πολὺ
461 1302 593 1387 βέλτιον
611 1295 632 1387 ἢ
652 1299 717 1387 ἐγω
737 1297 779 1369 ού
797 1305 983 1387 λογίζεσθε,
1008 1297 1050 1369 ού
1070 1322 1147 1370 σκο-

25 1472 29 1479 ,
73 1426 76 1431 ·
181 1416 299 1474 πεῖσθε
317 1404 402 1494 πρὸς
410 1402 501 1492 ,ὑμᾶς
519 1403 653 1493 αύτούς,
667 1406 917 1495 τεκμαιρόμενοι
930 1405 970 1475 τά
984 1409 1149 1494 μέλλοντα

182 1515 217 1581 ἐκ
235 1515 304 1580 τῶν
322 1514 567 1602 γεγενημένων,
586 1511 637 1581 ότι
656 1509 759 1582 οὐδὲν
778 1503 875 1593 οὗτος
894 1512 1053 1602 χρήσιμος
1072 1510 1145 1582 ἀλλ’

148 1614 201 1704 ιῆ
226 1633 294 1700 τοῖς
317 1622 451 1708 ἐχθροῖς
479 1617 562 1687 κατά
589 1622 648 1707 τῆς
675 1619 816 1701 πόλεως;
840 1672 959 1688 ......
983 1623 1148 1707 συστῆσαι

181 1724 397 1814 παρασκευὴν
424 1727 540 1814 ἑτέραν
568 1728 623 1793 οἵα
651 1731 790 1813 ἔναγχος
821 1729 968 1813 ἐγένετο,
1001 1723 1053 1794 ὅτε
1076 1733 1148 1794 Λα-

181 1832 390 1918 κεδαιμόνιοι
413 1830 474 1917 μὲν
502 1828 645 1912 άπαυτες
668 1832 939 1922 ἐξεστράτευσαν,
961 1829 1085 1919 Ἀχαιολ
1108 1832 1147 1900 δὲ

181 1939 237 2007 καὶ
254 1936 375 2006 Ἠλεῖοι
391 1940 459 2005 τῶν
477 1937 680 2027 πραγμάτων
699 1938 918 2026 ἐκοινώνουν,
937 1934 1090 2027 ὑπῆρχον
1108 1938 1148 2007 δέ

181 2045 270 2124 ξένοι
289 2043 418 2132 μύριοι,
434 2040 647 2133 Ἀλέξανδρος
666 2047 717 2131 δέ,
738 2041 782 2126 ὡς
800 2049 836 2113 οί
851 2047 1012 2131 λέγοντες,
1032 2047 1069 2112 ἐν
1085 2041 1147 2114 Ἰν·

182 2154 254 2230 θοῖς
272 2141 330 2236 ἦν,
349 2145 370 2237 ἡ
391 2150 428 2219 δὲ
442 2147 558 2231 Ἑλλάς
575 2147 688 2218 άπασα
707 2149 763 2219 διά
785 2149 865 2231 τοὺς
883 2153 920 2219 ἐν
939 2151 1059 2240 ἑκάστη
1077 2153 1147 2219 τῶν

18 2260 41 2339 [-
122 2334 125 2339 Ι
180 2255 311 2324 πόλεων
329 2256 496 2346 προδότας
514 2252 685 2344 άχθομένη
704 2271 774 2337 τοῖς
791 2260 937 2345 παροῦσι
954 2256 1147 2346 πράγμασιν

18 2378 21 2383 “
116 2342 125 2435 1³
181 2359 315 2449 ἠσμένει
339 2361 525 2450 μεταβολήν
548 2388 623 2429 τινα
651 2365 719 2430 τῶν
741 2363 996 2452 παρεστηκότων
1023 2367 1147 2432 κακῶν.

130 2490 163 2539 35
181 2475 216 2536 τί
232 2460 309 2550 ούν;
334 2471 371 2536 ἐν
389 2468 520 2548 τούτοις
542 2482 612 2548 τοῖς
634 2484 762 2559 καιροῖς
781 2471 1006 2598 Δημοσθένης
1023 2476 1073 2551 τίς
1091 2498 1146 2557 ην,

90 2462 118 2755 j
181 2571 198 2642 ὁ
222 2578 284 2644 τού
307 2576 557 2662 συμβουλεῦσαι
578 2575 633 2643 και
657 2575 783 2664 γράψαι
805 2576 920 2665 κύριος
942 2576 998 2645 καὶ
1025 2577 1147 2663 φησων

180 2678 299 2750 αὐτίκα
319 2678 360 2767 δὴ
379 2693 488 2766 μισεῖν
506 2678 546 2747 τά
564 2682 790 2770 καθεστηκότα
808 2682 997 2772 πράγματα;
1017 2684 1060 2750 ἐῶ
1079 2681 1145 2771 γάρ

179 2912 301 3016 Ξτεριιυέν
318 2896 617 3019 {AtetTeumJNolf
581 2899 645 2950 ..3.
663 2894 815 2984 περιάνΒ,
833 2887 932 2966 περὶ
912 2916 990 2951 ωνν
1013 2926 1047 2936 -
1073 2890 1144 2951 ωστ’

196 2981 268 3015 ναντ
282 2981 301 3014 α
344 2980 371 3014 ει
438 2982 507 3015 urr·
525 2982 547 3016 ω
581 2958 731 3018 τάναντῖα.

249 3036 291 3084 33.
321 3030 393 3095 (καὶ)
412 3020 496 3093 οὗτος
500 2983 602 3085 cimel<
621 3061 655 3071 -
646 3029 759 3112 πολύλ
779 3030 880 3085 πολλοὶ
897 3050 938 3100 pr.
957 3034 991 3084 N

247 3103 289 3151 34.
319 3101 462 3151 Lacunam
485 3107 550 3153 ante
573 3116 710 3167 σνστησαι
737 3103 836 3152 statuit
858 3104 924 3164 Mn,
947 3108 1010 3167 post
1027 3094 1145 3185 ἐγένετο

180 3167 250 3220 3.-
216 3163 454 3288 -παρασκενήν
472 3171 515 3220 Nm
532 3169 598 3221 Μτυ
616 3165 855 3235 κατασκευὴν·
873 3138 993 3237 ἔνάγχος
1011 3169 1076 3224 cha
1096 3162 1144 3221 ἐπ’

179 3228 267 3300 Αίγός
289 3228 349 3300 (ἐπ’
369 3230 495 3322 Ἀγιδος
503 3251 564 3286 cum
586 3236 753 3356 Wesseling
770 3236 842 3299 Mr..)
873 3236 909 3292 es
928 3242 1022 3289 autem
1043 3238 1145 3288 Aesch.

179 3305 334 3364 3‚165.-
364 3322 401 3364 ως
424 3299 493 3356 οία
515 3317 598 3384 χιστα
623 3296 750 3387 (immod
751 3301 890 3371 γγύτατα)
898 3300 1044 3386 λέγοντες
1067 3307 1143 3357 Βεὶῖ.

179 3370 241 3422 coll.
259 3373 345 3423 Isocr.
363 3375 393 3435 9,
412 3374 459 3433 28;
505 3388 519 3431 ς
542 3358 616 3435 ἦσαν
639 3366 669 3423 οί
685 3367 743 3438 λέγ
762 3372 838 3422 ci.R
840 3364 925 3436 .,άς
942 3367 977 3424 σύ
996 3369 1090 3438 ἔλεγες
1108 3374 1143 3424 οἱ.

178 3439 281 3492 Mr.-
250 3436 357 3490 -τῶν
374 3453 491 3504 παρεστ.
510 3437 608 3489 κακῶν
626 3440 717 3492 NMn:
736 3437 792 3490 τῶν
810 3408 907 3491 κάκῶν
924 3439 1144 3506 τῶνπεριεστη

18 3506 125 3664 ἱ
168 3498 265 3558 κάτων
283 3508 412 3570 (παρεστ.
430 3506 479 3558 AB
498 3507 602 3570 Τηνττ)
