2340 3916
397 189 496 242 κατι
513 188 755 242 εκιωειιιου.
846 246 850 257 ,
1017 192 1057 257 31

91 331 217 420 φόρος,
248 329 322 399 ἀλλ’
356 337 388 400 εί
412 330 476 421 χρὴ
499 329 606 419 μηδὲν
636 329 842 418 ἀδικήσαντα
871 332 932 420 τὴν
960 334 1059 403 πόλιν

91 435 174 502 δέκα
195 439 250 521 ἐτη
275 431 428 520 φεύγειν·
455 436 491 501 οί
513 430 545 500 δ’
566 430 865 522 ἀνταγωνιζόμενοι
889 436 966 524 περὶ
989 440 1059 504 τῶν

91 533 210 604 ἀθλων
223 534 355 603 τούτων
366 533 466 623 ἐσμέν
480 534 546 620 ἐγώ
559 533 836 623 καλἈλκιβιάδης
849 537 907 604 καλ
922 545 1059 626 Νικίας,

93 626 142 705 ὧν
160 635 347 723 ἀναγκαῖον
367 637 426 705 ἕνα
444 639 485 726 τη
505 640 666 727 συμφορᾷ
685 653 885 726 περιπεσεῖν.

158 736 272 817 ’Ἁξιον
296 737 334 806 δέ
358 740 555 827 μέμψασθαι
577 736 639 806 τὸν
661 740 768 808 θέντα
790 737 851 807 τδν
873 739 997 827 νόμον,
1022 736 1092 821 ὃςυ

95 844 233 909 ἐναντία
250 842 297 931 τῷ
316 838 406 933 ὅρκῳ
431 843 493 908 τού
512 839 622 928 δήμου
640 842 697 908 καί
715 843 774 922 τῆς
791 843 919 928 βουλῆς
938 844 1059 930 ἐνομο-

91 943 252 1030 θέτησεν·
280 945 349 1010 ἐκεῖ
369 941 434 1029 μὲν
458 940 524 1030 γάρ
542 939 668 1029 ὄμνυτε
690 943 819 1030 μηδένα
843 942 926 1031 μήτε
944 944 1060 1024 ἐξελᾶν
1158 1000 1162 1005 .

92 1043 174 1132 μήτε
197 1044 311 1130 δήσειν
336 1043 420 1132 μη’τε
443 1040 643 1113 ἀποκτενεῖν
667 1041 824 1134 ἀκριτον,
849 1047 887 1113 ἐν
911 1044 949 1114 δὲ
972 1049 1059 1138 τῷδε

94 1149 141 1236 τῷ
160 1147 271 1236 καιρῷ
291 1143 369 1214 οὔτε
393 1153 595 1236 κατηγορίας
620 1148 803 1235 γενομένης
827 1144 907 1215 οὔτε
930 1144 1059 1217 ἀπολο-

93 1254 171 1332 γίας
209 1244 437 1336 ἀποδοθείσης
474 1251 774 1337 διαψηφισαμένων
807 1247 962 1338 κρύβδην
998 1250 1060 1319 τόν

93 1347 360 1438 ὀστρακισθέντα
376 1351 542 1418 τοσοῦτον
559 1348 685 1439 χρόνον
703 1355 758 1419 δεῖ
779 1353 984 1439 στερηθῆναι
1000 1354 1059 1440 της

94 1450 232 1531 πόλεως.
269 1448 341 1518 εἶτα
361 1455 397 1520 ἐν
415 1465 487 1530 τοῖς
504 1451 667 1531 τοιούτοις
682 1457 718 1520 οί
732 1452 814 1532 τούς
829 1455 984 1540 ἑταίρους
1002 1455 1095 1522 καλε

94 1551 292 1639 συνωμότας
317 1555 512 1641 κεκτημένοι
534 1555 639 1622 πλέον
657 1555 818 1641 φέρονται
842 1558 911 1621 τῶν
929 1552 1058 1622 ἀλλων·

94 1652 136 1722 ού
155 1651 221 1741 γάρ
241 1651 352 1742 ὥσπερ
372 1657 409 1723 ἐν
427 1670 498 1734 τοῖς
512 1659 735 1744 δικαστηρίοις
754 1659 791 1722 οί
805 1655 964 1740 λαχόντες
983 1663 1060 1743 κρί-

92 1776 231 1842 νουσιν,
257 1755 343 1824 άλλά
367 1756 493 1824 τούτου
511 1759 572 1825 τοῦ
598 1755 792 1844 πράγματος
816 1752 940 1824 ἀπασιν
956 1755 1059 1844 Ἀθη-

92 1865 200 1937 ναίοις
225 1859 363 1944 με’τεστι.
411 1856 495 1945 πρὸς
519 1856 556 1926 δέ
579 1857 710 1937 τούτοις
735 1860 783 1948 τῷ
807 1856 870 1944 μὲν
896 1860 1060 1927 ἐλλείπειν

95 1961 142 2049 τῷ
162 1958 194 2026 δ’
214 1958 441 2048 ὑπερβάλλειν
460 1957 478 2027 ὁ
496 1958 601 2048 νόμος
618 1985 674 2047 μοι
692 1962 787 2028 δοκεῖ
793 1976 799 1991 ·
827 1964 897 2027 τῶν
913 1958 977 2047 μέν
994 1958 1060 2047 νάρ

95 2063 195 2129 ίδίων
205 2059 420 2149 ἀδικημάτων
433 2061 583 2149 μεγάλην
599 2068 764 2150 τιμωρίαν
781 2061 910 2148 ταύτην
923 2067 1060 2148 νομίζω,

93 2163 166 2229 τοῖν
185 2161 223 2231 δέ
240 2168 413 2250 δημοσίων
430 2160 554 2251 μικράν
571 2164 629 2231 καὶ
643 2161 784 2242 ούδενδς
798 2160 898 2244 ἀξίαν
914 2161 1061 2251 ἡγοῦμαι

94 2270 235 2352 ζημίαν,
261 2264 339 2345 ἐξὸν
356 2264 506 2347 κολάζειν
530 2264 675 2353 χρήμασι
697 2266 755 2333 καὶ
778 2266 889 2356 δεσμῷ
913 2265 971 2332 καλ
992 2275 1060 2333 θα-

93 2365 198 2456 νάτῳ.
228 2372 274 2433 ἐτι
293 2364 324 2436 δ’
346 2375 380 2434 εί
393 2393 442 2446 τις
461 2364 515 2434 διά
533 2369 635 2434 τοῦτο
652 2372 851 2453 μεθίσταται
868 2362 919 2433 ὅτι
936 2362 1059 2455 (πονη-
1078 2388 1095 2435 5

93 2465 168 2555 ρδς)
193 2474 331 2555 πολίτης
358 2471 468 2554 ἐστίν,
500 2457 600 2547 οὗτος
624 2464 701 2536 οὐδ’
727 2465 888 2535 ἀπελθδν
920 2468 1061 2536 ἐνθένδε

94 2569 269 2657 παύσεται,
286 2567 359 2637 ἀλλ’
381 2566 468 2638 ὅπου
487 2565 530 2637 ἀν
547 2570 639 2656 οίκῇ,
656 2568 785 2656 ταύτην
799 2565 864 2657 (τε)
882 2569 943 2655 τὴν
962 2568 1061 2637 πόλιν

93 2674 284 2759 διαφθερεῖ,
301 2673 358 2738 καὶ
375 2674 457 2758 τῇδε
471 2668 576 2739 οὐδέν
589 2659 690 2758 ἦττον
709 2669 954 2758 ἐπιβουλεύσει,
973 2668 1060 2738 ἀλλὰ

93 2774 150 2840 καὶ
181 2775 311 2860 μᾶλλον
336 2770 424 2860 (καὶ)
452 2772 659 2861 δικαιότερον
684 2768 705 2858 ἢ
731 2774 813 2861 πρὶν
845 2773 1058 2859 ἐκβληθῆναι.

93 2874 186 2962 οἶμαι
210 2873 248 2945 δέ
272 2876 329 2942 καὶ
354 2872 435 2954 τούς
455 2882 580 2961 φίλους
603 2873 704 2961 ύμάν
732 2877 769 2942 ἐν
792 2874 899 2963 ταύτῃ
918 2874 1061 2962 μάλιστα

92 2979 135 3064 τῇ
155 2975 262 3066 ἡμέρμ
277 2984 459 3045 λυπεῖσθαι
472 2978 528 3044 καλ
547 2971 628 3056 τούς
644 2977 788 3063 ἐχθροὺς
802 2973 956 3063 ἥδεσθαι,
974 2995 1059 3045 συν·

162 3178 185 3226 3.
206 3162 249 3239 ὃς]
267 3166 304 3233 ὠς
323 3174 407 3224 Dobr.
425 3166 644 3225 -ἀποκτενεῖν
663 3189 724 3224 eum
744 3173 837 3239 Steph.
857 3173 902 3224 R.:
926 3162 1062 3223 ἀποκτεί-

92 3257 163 3294 νειν.
185 3275 219 3283 --
241 3240 369 3308 διαφηφ.
394 3258 455 3293 eum
478 3241 694 3292 Schleiermaoh.
717 3240 783 3296 Bk.:
810 3231 876 3293 οὔτε
903 3237 988 3303 διαφ.
1017 3239 1061 3288 An

94 3302 169 3360 ἀλλά
186 3301 275 3376 μόνον
294 3307 396 3373 διαψ.θ

162 3379 185 3428 5.
205 3370 352 3444 (πονηρὸς)
374 3376 493 3444 πολίτης
516 3377 550 3428 ci.
573 3377 652 3442 Emp.
676 3369 776 3440 (κακὸς
798 3371 917 3442 πολίτης
942 3375 975 3425 οἱ.
1005 3372 1062 3437 R).

94 3472 128 3480 —
155 3437 267 3497 ἐνθάδε
290 3442 326 3495 Α(1
369 3462 389 3495 r.
412 3473 445 3481 —
468 3442 634 3509 διαφθείρη
656 3443 718 3505 AB;
746 3441 918 3509 διαφθείρει
945 3442 1006 3494 ΖΜ.
1026 3462 1063 3477 -

94 3510 144 3564 καλ
163 3512 273 3578 μᾶλλον
291 3461 367 3579 (καλδ
382 3512 438 3567 δικ.
456 3514 489 3564 οἱ.
506 3512 537 3564 R.
556 3538 588 3548 -
605 3502 687 3577 ὑμῶν
704 3511 814 3578 stepha
833 3504 924 3579 ἡμῶν.
943 3542 975 3552 -

147 3605 286 3647 Αιιοοοιοεε.
841 3597 858 3647 6
