2340 3916
335 217 427 268 ΠΕΡΙ
445 216 522 271 Tan
540 216 773 270 πνευσεῖται.
1030 217 1052 282 5

80 357 374 447 παρεσκευάσθαι,
410 353 528 446 οἷσπερ
560 357 627 444 έγιδ
663 358 844 439 πιστεύσας
874 357 1052 448 ὑπέμεινα,

82 458 176 549 δρῶν
193 456 285 547 όμάς
303 459 361 527 καὶ
382 461 419 528 έν
436 475 508 540 τοῖς
528 464 627 540 ἰδίοις
651 461 709 528 καλ
729 462 766 529 έν
790 476 862 541 τοῖς
880 465 1052 550 δημοσίοις

83 562 161 649 περὶ
180 567 340 630 πλείστου
358 565 460 630 τοῦτο
479 562 723 650 ποιουμένους,
747 567 952 649 ψηφίζεσθαι
967 564 1052 633 κατά

87 662 169 743 τούς
193 659 332 751 όρκονς·
368 659 451 752 ὅπερ
475 665 532 732 καὶ
558 665 691 750 συνέχει
714 662 821 751 μόνον
851 663 914 751 τήν
940 665 1052 753 πόλιν,

85 764 239 833 ἀκόντων
269 767 339 832 τῶν
369 763 411 833 οὐ
442 767 662 854 βουλομένων
685 768 793 835 ταῦτα
820 763 930 846 οὕτως
950 773 1051 854 ἔχειν·

81 866 180 936 τάδε
215 864 259 934 δὲ
293 864 412 954 ’ὑμῶν
447 868 615 956 δέομαι,
650 866 736 955 μετ’
768 866 942 948 εὐνοίας
973 895 1052 955 μου

82 968 154 1056 τήν
186 964 393 1056 ἀκρόασιν
423 971 492 1056 τής
516 968 752 1055 ἀπολογίας
776 967 1052 1057 ποιήσασθαι,

82 1070 152 1138 καὶ
169 1067 261 1157 μήτ’
284 1070 375 1158 ἐμοὶ
392 1069 646 1151 ἀντιδίκους
669 1074 926 1158 καταστήναι
949 1071 1052 1159 μήτε

81 1171 289 1241 ἀπονοεῖν
319 1171 367 1239 τά
398 1172 604 1261 λεγόμενα
638 1172 739 1261 μήτε
775 1172 939 1261 ῥήματα
972 1183 1052 1260 δη-

82 1273 249 1362 ρεόειν,
275 1271 619 1364 ἀκροασαμένους
644 1272 689 1343 δὲ
713 1274 780 1343 διά
804 1277 957 1356 τέλους
980 1277 1053 1362 τῆς

82 1373 433 1461 ἀπολογίαςτότε
453 1373 529 1463 ήδη
555 1379 956 1463 ψηφίζεσθαιτοῦτο
981 1374 1053 1445 ὅτι

82 1472 131 1546 ἀν
153 1476 257 1566 ὑμῖν
281 1475 430 1556 αὐτοῖς
461 1475 631 1566 ἀριστον
662 1479 732 1546 καί
763 1476 1052 1567 εὐορκότατον

81 1586 276 1668 νομίζητε
294 1576 410 1647 εἶναι.
448 1575 561 1668 ὥσπερ
579 1578 618 1648 δὲ
635 1581 692 1648 καὶ
710 1595 874 1669 προεῖπον
892 1579 1002 1668 ύμῖν,
1025 1570 1052 1648 τό
1071 1594 1104 1645 10

81 1678 224 1770 ἀνδρες,
249 1682 282 1761 ἐξ
299 1679 405 1769 ἀρχῆς
423 1682 500 1770 περὶ
525 1681 665 1750 πάντιον
683 1681 862 1769 ποιήσομαι
885 1681 947 1768 τήν
965 1680 1052 1749 ἀπο-

83 1789 217 1870 λογίαν,
235 1784 371 1873 πρῶτον
389 1781 452 1869 μὲν
470 1783 548 1872 περὶ
566 1781 671 1870 αάτής
689 1787 749 1870 τής
763 1790 874 1863 αι’τίας
888 1779 971 1852 ὅθεν
991 1808 1053 1872 περ

81 1884 102 1972 ή
123 1884 261 1965 ἔνδειξις
278 1885 423 1974 ἐγένετο,
441 1883 559 1972 διόπερ
577 1891 626 1965 είς
643 1883 704 1952 τὸν
717 1883 835 1971 ἀγῶνα
852 1884 953 1953 τόνδε
970 1910 1053 1952 κατ-

84 1986 204 2075 έστην,
229 1987 306 2076 περὶ
330 1989 400 2054 τῶν
424 1993 623 2075 μυστηρίων
641 1983 688 2065 οἱς
707 1983 781 2055 οὔτ’
803 1988 877 2075 ἐμοὶ
895 1984 1053 2074 ἠσέβηται

85 2087 190 2158 οὐδὲν
214 2086 293 2157 οὔτε
311 2087 500 2176 μεμήνυται
517 2086 601 2158 οὔθ’
623 2086 854 2177 ἀμολόγηται,
879 2083 955 2158 ον’δ’
977 2085 1055 2156 οἶδα

81 2190 165 2270 τούς
189 2191 406 2278 μηνύσαντας
429 2189 516 2278 ὑμῖν
542 2192 618 2281 περί
644 2187 761 2260 αὐτῶν
785 2188 860 2259 οὔτ’
886 2197 918 2260 εί
943 2190 1054 2275 ψευδῆ

85 2289 159 2360 οὔτ’
181 2298 213 2361 εί
229 2289 340 2380 ἀληθή
360 2290 549 2380 ἐμήνυσαν·
562 2291 672 2362 ’ταῦθ’
691 2291 782 2381 δμόις
801 2291 934 2374 διδάξω.

153 2383 219 2461 Ἠν
236 2392 299 2481 μὲν
323 2392 390 2482 γὰρ
411 2397 570 2482 ε’κκλησία
595 2409 667 2474 τοῖς
686 2409 886 2482 στρατηγοῖς
910 2408 981 2473 τοῖς
1004 2398 1053 2472 είς
1073 2413 1105 2463 11

86 2500 268 2581 Σικελίαν,
289 2502 394 2584 Νικίηι
419 2497 476 2564 καὶ
501 2495 653 2586 Λαμάχμ
676 2498 734 2565 καὶ
753 2494 966 2583 Ἀλκιβιάδη,
996 2494 1054 2562 καὶ

81 2596 219 2685 τριήρης
243 2595 264 2685 ή
289 2599 468 2685 στρατηγὶς
486 2595 548 2685 ήδη
568 2596 743 2686 ἐξοίρμειή
763 2595 942 2683 Λαμάχου·
968 2592 1055 2663 ἀνα-

83 2696 167 2777 στάς
183 2697 222 2767 δὲ
229 2697 426 2779 Πυθόνικος
442 2700 479 2767 ἐν
491 2701 539 2790 τῷ
555 2697 650 2791 δήμῳ
664 2696 773 2767 είπεν·
800 2688 851 2786 ,μό
867 2695 1055 2785 Ἀθηναῖοι,

83 2797 185 2887 ὑμεῖς
209 2798 272 2888 μὲν
296 2801 456 2889 στρατιάν
476 2801 658 2888 ἐκπέμπετε
681 2802 738 2869 καὶ
757 2798 975 2889 παρασκευήν
995 2825 1055 2866 το-

147 2991 390 3062 παραοκευάσθαι
400 2997 456 3060 BL,
467 2990 743 3064 παρεσκευάτασθαι
753 2999 783 3048 Ζ.
794 3022 828 3034 -
837 2991 914 3063 ἔχειν
927 2996 975 3048 ΑΒ
984 2995 1037 3046 Bk.
1047 3012 1054 3045 z

84 3059 154 3130 ἔχει.
177 3090 211 3100 -
232 3059 304 3117 τάδε
328 3060 362 3116 δὲ
384 3057 464 3130 ὑμῶν
488 3057 559 3131 κτὲ.]
583 3066 621 3116 of.
644 3068 708 3130 Lys.
732 3066 747 3127 5
771 3068 812 3120 11.
834 3090 867 3101 -
889 3055 961 3130 μήτε
982 3055 1055 3114 όπο-

84 3134 167 3183 νοεῖν
190 3134 262 3188 τ..λ.
307 3126 359 3198 ήτε
384 3127 499 3198 ὁήματα
516 3125 670 3199 θηρεύειν]
696 3133 733 3187 ef.
750 3131 863 3198 Antiph.
886 3133 915 3195 6,
939 3133 985 3182 18:
1003 3127 1054 3181 καὶ

83 3191 226 3278 ζηρεόειν
247 3150 305 3251 καί
317 3192 505 3278 ἐπλησμικρόν
522 3195 663 3252 ὑπονοεῖν
684 3195 721 3253 τὰ
740 3195 889 3267 λεγόμενα.
912 3225 946 3234 -
968 3197 1055 3249 τοῦτο

85 3283 133 3319 οτι
151 3269 175 3318 Α
193 3269 233 3316 M:
253 3267 329 3320 τοῦδ
358 3285 413 3321 οτι.

155 3337 196 3388 10.
214 3328 308 3402 τόνδε]
328 3335 415 3389 τοῦδε
428 3336 457 3398 Ζ,
471 3328 505 3386 δὲ
523 3335 579 3385 ΑΒ.
596 3325 717 3414 -,οάδὲ
729 3327 833 3403 μεμήν.
851 3322 1054 3414 οόδήὡμολόγ.

83 3401 138 3520 Bfk.
157 3401 324 3454 Sehi.'1¹urr.
345 3406 381 3460 cf.
399 3407 446 3467 29;
465 3406 506 3456 71.
523 3428 557 3437 —
576 3394 630 3454 οόδ
665 3397 735 3454 οἶδα
757 3403 869 3468 scripsit
894 3417 946 3452 ουτ
976 3391 1055 3454 οῖδα.

84 3473 184 3522 ο.29.

156 3541 195 3589 11.
217 3530 346 3610 λαμάγιμ
370 3546 398 3591 et
421 3529 562 3606 λαμάχου
584 3538 629 3594 Ad.
654 3565 685 3576 -
