2340 3916
157 195 196 257 16
507 197 764 254 ΑΙΣΧΙΝΟΥ

156 383 220 439 γαρ
238 354 467 474 αἰσχύνονται·
494 352 576 422 όιλλά
595 369 664 431 ταῖς
681 361 849 438 τιμωρίαις
866 353 1008 432 τούτους
1030 350 1114 421 α’πε-

157 459 261 534 θίζειν
272 453 350 538 χρή
362 453 473 538 μόνως
484 452 546 571 γάρ
560 446 602 517 άν
614 450 720 529 οὕτως
731 449 863 519 ίινειιτοὶ
875 453 1037 536 γένοιντο.

104 568 139 622 59
239 549 479 635 Ἀναγνῶσεται
496 553 560 616 οὐν
584 547 663 634 ὑμῖν
685 546 763 626 τούς
786 549 911 634 νόμους
922 545 1012 675 τοής
1037 552 1115 632 περὶ

156 658 214 735 της
231 648 408 733 εὐκοσμίας
427 672 599 732 κειμενους
614 655 682 713 τῶν
705 647 857 732 ῥητόρων
878 648 933 714 καὶ
953 644 1015 714 τόν
1037 649 1116 731 περὶ

157 757 214 835 τῆς
226 753 401 831 προεδρίας
413 754 481 813 τῶν
492 754 611 831 φυλῶν
622 746 745 830 νόμον,
768 742 808 814 ὃν
824 754 986 835 Τίμαρχος
998 744 1115 814 οὑτοσὶ

159 849 214 914 καὶ
225 849 331 931 ἕτεροι
341 854 485 913 τοιοῦτοι
502 847 638 932 ῥήτορες
656 849 879 928 συνελθόντες
890 851 1116 934 γεγραμμένοι

157 948 218 1012 είσλ
236 943 280 1029 μή
299 944 484 1029 ἐπιτήδειον
502 943 602 1026 εἶναι,
627 943 668 1010 ἵν’
690 948 745 1031 ἐξῇ
762 945 918 1027 πράττειν
934 942 1048 1023 αὐτοῖς
1059 949 1116 1013 καὶ

157 1049 264 1131 λέγειν
277 1047 331 1111 καὶ
344 1050 417 1129 ζήν,
442 1041 485 1122 ῶς
496 1041 590 1111 αὐτοὶ
599 1045 787 1131 βούλονται.

554 1183 709 1240 ΝΟΜΟΙ.

242 1289 321 1366 [Τῶν
332 1282 509 1368 ρητόρων”
476 1310 528 1348 εαν
538 1312 580 1360 τις
592 1287 688 1395 λέγη’
674 1311 706 1348 εν
716 1279 867 1393 βρνλήὲ
822 1311 840 1365 η
867 1312 884 1348 ν
896 1283 980 1390 δήμῳ
991 1313 1033 1369 μη
1023 1282 1115 1371 περὶ
1130 1302 1162 1354 35

199 1395 250 1432 του
238 1365 511 1476 εἰσφερομένου
490 1397 509 1452 6
519 1367 569 1474 μή
582 1374 668 1478 χωρὶς
678 1371 744 1451 περὶ
758 1369 880 1432 ἑκάστου
895 1398 914 1453 η
901 1350 973 1444 δλς
982 1372 1050 1471 περὶ
1061 1380 1116 1473 τρῦ

198 1450 289 1555 αύτρύ
300 1449 316 1519 6
328 1451 416 1528 αύτὸς
427 1461 478 1535 τῆς
490 1449 595 1559 αύτής,
613 1481 632 1536 η
620 1448 861 1554 λοιδορήται,“
840 1481 859 1536 η
873 1461 971 1529 κακῶς
983 1448 1117 1559 άγορεύη

199 1532 280 1616 τινά,
303 1568 322 1622 η
340 1537 508 1640 υποκρουη
531 1535 551 1647 ή
546 1534 802 1641 χρηματιζόντων
810 1532 963 1643 μεταξύ’
946 1536 1117 1620 ανεστηιιως

200 1624 269 1727 λέγη
286 1628 354 1722 περί
369 1647 421 1688 του
438 1617 479 1726 μή
497 1623 543 1684 ε’ττὶ
561 1630 613 1685 τοῦ
636 1619 818 1706 βήματος,Ι
803 1651 822 1706 6
819 1622 1117 1706 παρακελεύηται
1095 1652 1116 1706 6

199 1708 269 1792 ε’λιιη
284 1705 336 1772 τὸν
352 1702 564 1787 έπιστάτην,’
547 1710 706 1787 αφειμένης
722 1713 773 1787 τῆς
785 1707 969 1812 έκιιλησίας“
949 1736 968 1790 6
980 1715 1032 1790 τῆς
1042 1712 1116 1790 βου·

198 1798 250 1873 λης
262 1795 476 1902 κυριευέτωσαν
493 1793 524 1851 οἱ
538 1788 723 1874 πρόεδροι’
686 1816 769 1872 μεχρι
781 1792 963 1891 πεντήκοντα
975 1796 1118 1874 δραχμῶν

198 1868 273 1938 καθ’
297 1880 419 1940 ειιαστον
440 1870 570 1954 άδίκημα
592 1875 767 1958 ἐπιγράφειν
787 1885 852 1950 τοῖς
869 1871 1060 1958 πράκτορσιν.
1091 1880 1119 1939 εἰ

201 1960 233 2022 δὲ
249 1964 373 2054 πλέονος
391 1957 472 2036 άξιός
489 1959 577 2034 έστιζ
558 1963 674 2066 ζημίας,
698 1957 883 2061 ἐπιβαλόντες
906 1964 990 2063 μέχρι
1005 1959 1116 2107 πεντή-

125 2055 128 2065 “
199 2068 289 2105 ιιοντα
310 2049 449 2126 δραχμῶν
469 2045 679 2145 εἰσφερέτωσαν
703 2047 742 2116 εἰς
759 2038 815 2126 τήν
830 2040 986 2147 βουλήν“
964 2072 984 2126 6
1001 2047 1043 2120 ες
1050 2070 1117 2141 την

198 2125 318 2209 πρώτην
330 2130 494 2229 ἐκκλησίαν.
506 2121 617 2188 ὅτανδ’
639 2129 753 2203 ἐξίωσιν
767 2133 801 2190 αλ
815 2127 946 2210 κλήσεις,
968 2125 1115 2211 κρινάτω-

200 2231 270 2271 σαν·
294 2238 350 2274 και.
335 2206 414 2273 §Bw
430 2216 630 2320 καταγνωσθῇ
642 2208 732 2274 αὐτου
720 2211 879 2311 κρύβδην
890 2215 1114 2294 ψηφιζομένων,

200 2292 434 2378 ἐγγραψάτωσαν
445 2319 473 2356 οι
466 2290 620 2377 πρόεδροι
631 2303 691 2369 τοῖς
701 2292 902 2379 πράκτορσιν]

108 2437 143 2490 64
246 2423 394 2507 Τῶνμὲν
406 2414 783 2509 ούννόμωνύκηκόατε,
808 2415 835 2489 6
853 2422 1040 2510 Ἀθηναῖοι,
1059 2428 1115 2494 καὶ
1130 2444 1162 2496 36

159 2511 197 2584 εὗ
211 2518 275 2585 οἷδ’
289 2516 341 2586 ὅτι
352 2524 511 2588 δοκοῦσιν
520 2517 600 2605 ὑμῖν
611 2529 719 2599 καλῶς
731 2528 826 2607 ἔχειν.
850 2521 989 2602 τούτους
999 2529 1115 2609 μέντοι

157 2615 235 2694 τούς
257 2618 382 2702 νόμους
405 2619 488 2687 εἶναι
508 2628 687 2706 χρησίμους
707 2617 729 2706 ή
752 2618 935 2707 άχρήστους
957 2620 1010 2706 ἐφ’
1031 2620 1114 2707 ὑμῖν

156 2717 262 2781 έστιν·
286 2716 345 2783 ε’άν
362 2717 505 2803 μὲνγὰρ
523 2717 678 2803 κολάζητε
689 2717 767 2797 τούς
779 2718 995 2803 ἀδικοῦντας,
1014 2726 1115 2788 ἔσον-

160 2838 212 2878 ται
225 2810 304 2898 ὑμῖν
317 2819 350 2881 οί
360 2816 459 2900 νόμοι
470 2819 563 2882 καλοὶ
575 2819 629 2883 καὶ
640 2816 768 2901 κύριοι,
781 2814 840 2884 ἐὰν
852 2816 885 2884 δ’
896 2818 1031 2903 άφιῆτε,
1050 2846 1115 2886 κα-

158 2912 208 2976 λοὶ
221 2911 342 2998 μόνον,
355 2913 466 2995 κύριοι
479 2914 514 2980 δὲ
526 2912 646 2982 οὐκέτι.

240 3010 408 3095 Βούλομαι
420 3009 464 3092 δ’,
478 3011 589 3098 ὥσπερ
601 3011 775 3100 ὑπεθέμην
786 3015 969 3101 ἀρχόμενος
979 3025 1040 3083 τοῦ
1051 3018 1113 3084 λό-
1129 3034 1161 3089 3ῖ

157 3136 236 3192 γον,
260 3110 369 3193 ἐπειδή
391 3112 465 3192 περὶ
483 3119 551 3178 τῶν
568 3112 682 3197 νόμων
700 3124 831 3199 εἴρηκα,
854 3113 955 3182 πάλιν
973 3113 1010 3181 τό
1032 3113 1115 3200 μετά

160 3218 256 3275 τοῦτο
275 3207 485 3287 ἀντεξετάσαι
500 3209 579 3291 τούς
595 3213 740 3296 τρόπους
757 3211 835 3292 τούς
855 3214 1041 3299 Τιμάρχου,
1065 3212 1113 3281 ἵν’

159 3313 281 3392 εἰδῆτε,
306 3305 388 3372 ὅσον
406 3313 603 3394 διαφέρουσι
624 3320 693 3378 τῶν
710 3311 823 3397 νόμων
845 3321 912 3380 τῶν
934 3312 1116 3398 ὑμετέρων.

159 3408 273 3488 δέομαι
291 3402 321 3470 δ’
340 3404 452 3493 ι’·μῶν,
474 3401 502 3474 6
521 3407 706 3495 Ἀθηναῖοι,
730 3411 932 3498 συγγνώμην
949 3438 1004 3497 μοι
1017 3417 1117 3497 ἔχειν,
