2340 3916
168 220 229 282 132
530 218 783 275 ΑΙΣΧΙΝΟΥ

167 407 226 447 του
245 388 304 447 τοῦ
322 380 449 463 τρόπου
468 381 643 460 συνέβαινε
660 374 739 454 τούς
756 377 817 461 μέν
836 375 958 454 θεατάς
977 379 1030 443 καὶ
1042 379 1122 454 τούς

166 478 329 565 χορηγούς
352 480 406 545 καλ
429 473 507 554 τούς
533 467 717 559 ἀγωνιστάς
740 477 963 560 ἐνοχλεῖσθαι,
985 472 1065 552 τούς
1087 475 1122 541 δὲ

167 576 497 662 ἀνακηρυττομένους
514 578 550 642 έν
568 581 615 663 τῷ
632 571 763 660 θεάτρῳ
775 579 897 658 μείζοσι
908 588 1015 659 τιμαῖς
1025 583 1123 658 τιμᾶ-

98 691 151 745 434
169 687 249 742 σθαι
261 683 327 742 τῶν
337 671 402 742 ὑπὸ
413 681 475 740 τοῦ
487 673 594 758 δῆμου
603 673 891 755 στεφανουμένων.
905 685 972 749 τοῖς
984 671 1121 757 μὲνγὰρ

168 773 379 841 ἀπεδέδεικτο
392 772 493 848 τόπος
506 767 526 856 ῆ
543 771 716 854 ἐκκλησία,
738 771 776 835 ἐν
792 760 815 856 ῆ
831 775 914 854 χρῆν
932 776 1122 853 στεφανοῦ-

169 885 267 958 σθαι,
294 874 348 939 καὶ
366 869 521 955 ἀπείρητο
539 868 660 935 ἀλλοθι
671 871 826 986 μηδαμοῦ
838 866 1076 952 κηρύττεσθαι
1090 892 1117 930 οι

169 975 204 1041 δὲ
226 969 472 1059 ἀνηγορεύοντο
501 967 644 1034 ἐνύπιον
673 963 831 1032 ἁπάντων
852 973 921 1031 τῶν
939 963 1121 1083 Ἐλλῆνωηι

168 1070 313 1137 κάκεινοι
331 1095 391 1153 μεν
409 1063 489 1152 μετά
501 1072 726 1151 ψηφίσματος,
749 1071 920 1142 πείσαντες
932 1062 1033 1149 ὑμᾶς,
1061 1065 1122 1128 ού-

167 1165 301 1233 τοιδ”
287 1167 369 1233 άυευ
387 1172 604 1249 ψηφίσματος,
630 1158 778 1228 συνιδών
795 1161 839 1247 δη
846 1187 894 1239 τις
905 1187 1008 1227 ταυτα
1020 1186 1124 1246 νομο-
1161 1186 1170 1220 ¹2

168 1268 267 1351 θέτης
288 1271 401 1350 τίθησι
422 1264 528 1348 νόμον
550 1246 649 1328 ούδδν
667 1262 949 1327 ἐπικοινωνοῦντα
974 1266 1019 1346 τῷ
1047 1261 1121 1341 περὶ

168 1371 236 1428 τῶν
249 1360 313 1428 ύπδ
326 1368 386 1428 τοῦ
399 1361 507 1446 δῆμον
519 1360 797 1445 στεφανουμένων
808 1359 916 1447 νόμω,
930 1357 1006 1425 ούτε
1018 1358 1122 1434 λύσας

169 1464 313 1527 ἐκεῖνον·
327 1457 405 1525 οὐδὲ
417 1458 480 1544 γάρ
492 1457 511 1544 ῆ
525 1461 680 1542 ἐκκλησία
692 1454 879 1541 ῆνωχλεῑτο,
894 1452 976 1521 ἀλλά
989 1453 1026 1522 τὸ
1038 1458 1121 1522 θέα-

168 1586 263 1641 τρον·
287 1554 360 1623 ούτ’
381 1560 532 1624 ἐναντίον
549 1570 616 1634 τοῖς
638 1554 803 1638 πρότερον
824 1557 985 1638 κειμένοις
1007 1552 1121 1639 νόμοις

93 1720 97 1725 ,
169 1665 288 1737 τιθείς·
313 1654 354 1724 ού
366 1655 430 1741 γάρ
443 1663 582 1735 έξεστιν·
595 1653 678 1723 ἀλλά
691 1657 764 1739 περὶ
775 1662 843 1721 τῶν
855 1654 937 1722 ἀνευ
948 1663 1121 1742 ψηφίσμα-

168 1784 223 1835 τος
241 1754 404 1842 ὑμετέρου
423 1759 704 1841 στεφανουμένων
720 1751 785 1820 ύπδ
805 1762 872 1820 τῶν
891 1762 1044 1838 φυλετῶν
1066 1758 1121 1820 καὶ

169 1859 321 1939 δημοτῶν
339 1855 394 1920 καὶ
413 1856 565 1935 περὶτῶν
576 1850 652 1932 τούς
664 1855 791 1930 οἰκέτας
802 1849 1121 1935 ἀπελευθερούντων

169 1954 223 2018 καὶ
239 1953 314 2033 περὶ
332 1959 399 2018 τῶν
412 1956 550 2030 ξενικῶν
562 1951 754 2037 στεφάνων,
776 1953 829 2018 καί
842 1951 1024 2038 διαρρήδην
1035 1950 1123 2019 ἀπα-

169 2050 302 2134 γορεύει
330 2046 405 2166 μήτ’
437 2053 567 2134 οἰκέτην
592 2048 843 2136 ἀπελευθεροῦν
864 2052 900 2117 έν
922 2057 967 2138 τῷ
988 2051 1122 2138 θεάτρῳ

170 2145 254 2232 μήθ’
278 2143 342 2212 ύττδ
368 2154 435 2213 τῶν
460 2143 656 2232 φυλετῶνῆ
682 2151 835 2233 δημοτῶν
855 2145 1124 2231 ἀναγορεύεσθαι

171 2243 460 2328 στεφανούμενον,
483 2240 598 2362 μηδ’“
581 2269 627 2309 υπ
630 2242 776 2328 ’ἀλλου,
801 2247 899 2330 φησὶ,
921 2241 1123 2331 μηδενὸς,’“
1102 2273 1121 2330 η

169 2340 288 2462 ἀτιμον
307 2341 390 2408 εἶναι
411 2341 469 2408 τόν
487 2341 626 2427 κῆρυκα
651 2340 734 2410 ὅταν
746 2369 810 2409 ουν
819 2341 974 2431 ανοδειξη
985 2343 1124 2429 τοιςμεν
1139 2367 1168 2419 4¹

171 2440 236 2508 ύπδ
256 2450 314 2528 τῆς
330 2448 454 2528 βουλῆς
471 2445 751 2527 στεφανουμένοις
769 2469 784 2510 ε
786 2449 815 2520 ίς
830 2469 866 2511 το
855 2440 1123 2530 βουλευτήριον

168 2541 417 2627 ἀναρρηθῆναι,
437 2554 504 2619 τοῖς
521 2537 552 2606 δ’
572 2538 639 2608 ὑπὸ
651 2549 712 2608 τοῦ
725 2541 832 2628 δῆμου
844 2545 1124 2628 στεφανουμένοις

169 2648 214 2720 εἰς
233 2639 294 2726 τῆν
311 2643 502 2724 ἐκκλησίαν,
524 2654 592 2717 τοῖς
611 2637 640 2706 δ’
664 2637 730 2708 ύπὸ
747 2648 815 2707 τῶν
834 2645 986 2726 δημοτῶν
998 2661 1123 2725 στεφα-

169 2741 344 2821 νουμένοις
361 2739 416 2803 καί
432 2743 587 2821 φυλετῶν
607 2734 730 2826 ἀπείπῃ
748 2737 792 2823 μῆ
811 2738 1035 2824 κηρύττεσθαι
1055 2755 1123 2818 τοῖς

168 2840 359 2923 τραγῳδοῖς,
371 2839 426 2901 ἵνα
437 2836 549 2920 μηδεὶς
563 2839 721 2917 ἐρανίζων
733 2838 920 2922 στεφάνους
930 2839 985 2905 καὶ
995 2840 1123 2924 κηρύγ-

98 2964 150 3018 435
171 2958 256 3015 ματα
274 2935 381 3016 ψευδῆ
399 2939 588 3016 φιλοτιμίαν
605 2941 736 3019 κτᾶται,
760 2941 969 3022 προσαπείπῃ
979 2933 1010 3003 δ’
1025 2939 1063 3003 έν
1077 2945 1124 3026 τῷ

168 3031 260 3118 νύμφ
271 3027 350 3114 μηδ’
361 3026 426 3094 ύπδ
439 3028 544 3098 ἀλλον
552 3029 694 3117 μηδενὸς
703 3030 1001 3117 ἀνακηρύττεσθαι,
1014 3032 1123 3102 ἀπού-

169 3152 227 3215 σης
244 3135 367 3216 βουλῆς
385 3130 439 3194 καὶ
457 3129 566 3215 δῆμου
583 3134 637 3198 καὶ
655 3138 810 3216 φυλετῶν
826 3135 882 3201 καὶ
899 3137 1068 3219 δημοτῶν,
1080 3174 1123 3184 -

99 3258 150 3313 435
169 3226 249 3295 ὅταν
272 3229 310 3294 δέ
328 3253 375 3304 τις
393 3235 496 3294 ταῦτα
513 3226 636 3317 ἀφέλη,
660 3238 694 3297 τί
705 3230 741 3298 τό
761 3232 1044 3317 καταλειπόμενόν
1055 3236 1123 3301 ἐστι

168 3322 255 3410 πλῆν
274 3328 308 3390 οί
323 3326 443 3402 ξενικοὶ
465 3329 637 3410 στέφανοι;
660 3326 711 3395 δτι
736 3325 768 3395 δ’
788 3326 898 3416 ἀληθῆ
915 3332 1018 3415 λέγω,
1040 3333 1124 3416 μέγα
1160 3358 1170 3396 ι

168 3437 303 3505 σημεῖον
319 3419 398 3506 ὑμῖν
417 3424 538 3490 τούτου
556 3427 588 3504 ἐξ
607 3424 718 3493 αὐτῶν
738 3435 806 3493 τῶν
828 3427 942 3512 νόμων
964 3430 1122 3505 ἐπιδείξω.
