2340 3916
251 228 370 283 ΠΕΡΙ
391 226 829 285 ΠΑΡΑΠΡΕΣΒΕΙΑΣ.
982 222 1023 288 77

69 389 296 472 Δημοσθένην
313 380 404 472 αὐτῶ
420 385 658 468 συγκειμένους
673 381 753 469 ὑμῖν
770 387 874 469 ἐρεῖν,
898 392 976 471 περί
987 411 1022 453 τε

69 493 127 570 τῆς
143 485 318 564 ἐντεύξεως
335 490 392 569 τῆς
410 487 577 550 Φιλίππου
594 484 649 548 καὶ
667 487 724 567 της
740 485 828 560 ίδὲας
846 480 951 551 αὐτοῦ
966 487 1021 551 καί

69 591 127 667 τῆς
138 586 253 660 έντοῖς
271 579 382 659 πότοις
392 579 637 663 ἐπιδεξιότητος.
669 581 725 646 καί
736 577 815 664 μετά
827 588 947 648 τούτου
958 589 1021 648 Φι-
1038 598 1089 656 23⁰

71 680 254 764 λοκράτους
274 679 425 756 εἰπόντος
447 676 549 764 μικρά
574 679 629 745 καὶ
643 677 823 762 Δερκύλου
844 686 1021 765 παρῆλθον

17 799 55 853 48
68 778 144 864 έγῶ.
166 775 277 863 ἐπειδὴ
291 777 326 845 δὲ
337 774 399 863 τὴν
409 775 514 862 ἀλλην
526 779 702 863 διεξῆλθον
713 786 903 865 πρεσβείαν,
911 774 1020 865 ἀπήν-

68 895 150 963 τησα
162 877 215 942 καὶ
227 872 309 961 πρός
321 872 380 942 τόν
389 874 507 959 λόγον,
527 871 567 942 δν
577 877 614 943 έν
625 891 692 954 τοῖς
704 881 928 964 συμπρέσβεσι
941 884 1021 946 διω-

69 974 315 1060 μολογησάμην,
328 973 440 1058 είπῶν,
449 971 499 1040 ὅτι
510 976 565 1040 καὶ
581 983 792 1061 μνημονικῶς
802 976 858 1042 καὶ
870 980 1021 1055 δυνατῶς

68 1071 86 1140 ὁ
101 1078 262 1149 Φίλιππος
273 1080 375 1139 είποι·
398 1074 453 1138 καί
464 1068 526 1157 την
539 1075 651 1157 δέησιν
659 1070 722 1140 ούκ
734 1075 946 1161 ἐπελαθόμην
958 1074 1020 1161 την

67 1173 325 1253 Λημοσθένους,
339 1166 389 1234 ότι
399 1174 534 1254 ταχθείη
546 1172 663 1255 λέγειν,
672 1170 731 1237 έάν
741 1197 772 1238 τι
782 1181 1020 1259 παραλίπωμεν

18 1297 55 1352 49
68 1267 176 1354 ἡμεῖς,
188 1264 271 1353 ὑπὲρ
280 1264 515 1352 Ἀμφιπόλεως.
538 1266 588 1352 ἐφ’
600 1266 702 1335 ἅπασι
713 1267 745 1335 δ’
757 1267 837 1356 ἡμῖν
848 1269 1019 1339 ἀνίσταται

67 1375 253 1445 τελευταῖος
263 1369 503 1453 Δημοσθένης,
525 1368 580 1433 καὶ
591 1368 887 1455 τερατευσάμενος,
909 1367 1019 1456 ῶσπερ

69 1476 184 1551 εἴωθε,
196 1474 243 1554 τῷ
254 1466 393 1551 σχήματι
404 1467 458 1532 καὶ
469 1472 585 1550 τρίψας
595 1462 657 1550 τὴν
668 1463 836 1553 κεφαλὴν,
847 1464 936 1549 ὁρῶν
947 1471 1020 1535 ἐπι-

23 1590 26 1595 ·
69 1565 314 1650 σημαινόμενον
333 1564 392 1632 τόν
415 1569 522 1648 δῆμον
533 1566 587 1632 καὶ
599 1568 798 1651 δεδεγμένον
808 1564 887 1644 τούς
898 1565 973 1653 παρ’
986 1572 1019 1635 έ-

67 1671 133 1749 μοῦ
163 1664 299 1748 λόγους,
341 1661 538 1748 ἀμφοτέρων
560 1669 622 1747 ἔφη
644 1665 844 1750 θαυμάζειν,
873 1667 928 1732 καὶ
950 1672 1018 1732 τῶν
1105 1676 1110 1684 ’

67 1758 261 1828 ἀκουόντων
282 1762 336 1827 καὶ
358 1768 427 1827 τῶν
445 1761 738 1846 πρεσβευσάντων,
759 1761 841 1828 όταν
862 1767 1019 1843 παρέντες
1035 1790 1083 1845 231

66 1858 126 1927 τόν
137 1860 278 1947 χρόνον,
301 1864 336 1926 οί
344 1861 406 1946 μὲν
422 1856 481 1927 τόν
495 1866 555 1925 τοῦ
575 1859 843 1944 βουλεύσασθαι,
867 1865 901 1926 σί
910 1861 945 1926 δὲ
958 1858 1017 1927 τόν

65 1967 126 2026 τού
137 1959 396 2045 συμβουλεύειν,
412 1956 669 2042 ἀποδιατρίβωσι
685 1952 746 2043 τὴν
764 1954 945 2042 ὑπερόριον
956 1967 1017 2024 λα-

66 2058 141 2124 λιὰν
154 2057 344 2141 ἀγαπῶντες
355 2059 392 2124 έν
402 2071 470 2134 τοῖς
479 2061 610 2134 οἰκείοις
621 2054 827 2140 πράγμασιν·
840 2053 940 2123 ούδδν
951 2054 1016 2140 γὰρ

17 2187 51 2238 50
66 2155 150 2222 εἶναι
163 2159 247 2244 ῥᾷον
263 2151 286 2241 ἦ
305 2162 484 2241 πρεσβείαν
495 2153 698 2241 ἀπαγγεῖλαι.
721 2206 742 2241 ,,
749 2155 914 2243 βούλομαι
925 2154 956 2222 δ’
976 2153 1017 2222 ύ-

68 2262 153 2340 μῖν“
185 2259 247 2340 ἔφη
271 2305 292 2338 ,,
300 2257 354 2323 καὶ
376 2258 549 2339 ἐπιδεῖξαι,
584 2251 627 2333 ῶς
647 2259 700 2322 δεῖ
717 2253 753 2321 τό
771 2262 906 2340 πρᾶγμα
923 2257 1018 2339 γενέ-

67 2360 180 2421 σθαι.“
215 2351 282 2438 ἀμα
301 2349 333 2420 δ’
352 2355 502 2421 ἐκέλευεν
520 2351 781 2438 ἀναγνωσθῆναι
803 2350 839 2419 τό
863 2353 1017 2436 ψήφισμα

66 2459 127 2517 τού
138 2452 261 2538 δήμου·
283 2449 559 2536 ἀναγνωσθέντος
570 2452 605 2518 δέ
617 2448 721 2534 εἶπεν,
734 2449 786 2516 ότι
798 2446 907 2532 ,κατά
918 2456 1016 2516 τούτο

67 2553 335 2635 ἐξεπέμφθημεν,
354 2553 523 2616 καὶταῦτα
537 2548 757 2633 ἐπράττομεν,
777 2543 1016 2631 ἀέντανθὶγέ-

66 2673 215 2732 γραπται.
249 2649 328 2733 λαβὲ
346 2647 387 2735 δή
400 2673 456 2733 μοι
472 2648 527 2714 καὶ
547 2643 609 2732 τὴν
624 2642 815 2731 ἐπιστολὴν,
836 2641 880 2730 ἣν
891 2642 1017 2730 ἥκομεν

66 2743 156 2832 παρά
177 2752 345 2813 Φιλίππου
374 2752 564 2830 φέροντες.“
611 2742 721 2830 ἐπειδὴ
745 2743 780 2810 δέ
806 2741 1015 2828 ἀνεγνώσθη,

67 2842 258 2930 ,,ἀπέχετε“
271 2850 335 2931 ἔφη
347 2841 439 2930 ,τὴν
449 2843 640 2930 ἀπόκρισιν,
663 2845 717 2910 καὶ
728 2838 848 2910 λοιπόν
859 2839 938 2927 ὑμῖν
948 2844 1016 2909 έστι

15 2959 51 3011 ⁶1
68 2943 326 3027 βουλεύσασθαι.
335 2950 355 2985 “
383 2940 649 3028 θορυβησάντων
661 2941 692 3008 δ’
705 2937 753 3008 ἐπ’
765 2938 855 3030 αύτῷ
866 2946 933 3006 τῶν
943 2938 1014 3024 μὲν,

67 3038 110 3118 ὡς
124 3040 233 3118 δεινός
243 3067 291 3119 τις
303 3050 351 3126 είη
363 3043 418 3108 καὶ
438 3040 616 3125 σύντομος,
639 3049 706 3109 τῶν
717 3043 752 3108 δὲ
763 3039 946 3125 πλειόνων,
972 3038 1015 3117 ῶς
1128 3074 1131 3079 ·

66 3138 276 3224 πονηρδςκαὶ
288 3136 472 3224 φθονερός,
495 3139 579 3222 ,καὶ
596 3142 764 3220 σκέψασθε
785 3144 822 3207 δέ
828 3146 849 3181 “
866 3143 928 3224 ἔφη
941 3135 1016 3223 ,ῶς

67 3237 240 3321 συντόμως
250 3239 305 3304 καὶ
316 3230 417 3305 τάλλα
429 3236 536 3305 πάντα
554 3232 737 3321 ἀπαγγελῶ.
768 3237 875 3306 έδόκει
886 3261 1015 3322 μνημο-

66 3336 160 3414 νικδς
178 3339 233 3403 καὶ
245 3335 352 3415 δεινὸς
369 3335 454 3403 εἶναι
471 3339 579 3419 λέγειν
589 3340 730 3423 Αἰσχίνη
742 3342 920 3421 Φίλιππος,
944 3332 1010 3400 ἀλλ’

68 3432 131 3501 οὐκ
144 3437 230 3521 ἐμοὶ,
250 3433 319 3502 ἀλλ’
333 3445 419 3513 εἴτις
430 3433 536 3502 αύτού
552 3432 614 3520 τὴν
629 3433 732 3519 τύχην
743 3432 904 3518 περιελῶν
915 3435 1013 3517 ἑτέρῳ
