2340 3916
57 186 86 242 p.
105 168 149 221 5⁰.
211 172 301 223 ΠΕΡΙ
316 170 393 222 ΤΟΤ
410 169 688 223 ΔΙΚΔΙΟΓΕΝΟΤΣ
704 174 868 225 ΚΛΙΙΡΟΤ.
982 180 1023 243 59

132 338 292 432 Ὠιόμεθα
307 344 384 431 μέν,
413 331 441 411 ὦ
465 340 602 434 ἄνδρες,
630 348 705 435 περὶ
732 335 780 415 οἷν
798 343 1024 435 διεφερόμεθα

58 441 142 533 πρός
168 446 408 532 Δικαιογένηυ,
439 441 480 512 τόν
506 440 740 533 ὡμολογημένα
767 449 819 515 ἐπὶ
844 450 906 516 τοῦ
932 454 1023 517 δικα-

58 551 198 633 στηρίον
227 541 327 633 κόριον
352 539 433 632 ἡμῖν
459 550 610 614 ἔσεσθαι
642 542 843 626 ἆποσταυτος
875 544 937 637 γὰρ
963 560 1024 618 Δι-

59 648 252 733 καιογένους
267 659 339 714 τοῖν
358 649 455 713 δυοῖν
461 662 594 765 μεροῖν
611 650 672 714 τοῦ
689 645 828 737 κλήρου,
856 650 911 716 καὶ
930 651 1024 735 ἕγγυ·

59 742 137 833 ητδς
164 742 426 832 καταστήσαντος
452 734 555 834 ήμήν
580 745 791 836 παραδώσειν
817 741 896 835 ἡμῖν
921 753 1024 817 ταῦτα

59 874 99 916 τα
86 842 198 934 μέρη
215 841 536 934 ἀναμφισβήτητα,’
516 845 691 934 αφήκοιμεν
708 843 871 935 ἀλλήλους
888 851 956 917 τεόν
973 851 1023 935 ἐγ-

59 942 248 1034 κληματων
277 942 391 1033 ἐπειδή
410 948 461 1033 δέ,
481 974 507 1014 οι
497 936 661 1036 όινδρες,
689 944 729 1016 οὕ
747 964 837 1017 ποιεῖ
852 951 1024 1036 Δικαιογέ-

58 1074 118 1133 υης
135 1041 157 1114 δ
175 1041 380 1135 ὡμολόγησε,
410 1044 607 1134 δικαζόμεθα
625 1046 794 1138 Λεωχάρει
813 1050 956 1138 ἐγγυητή
971 1076 1023 1138 γε-

58 1148 188 1239 νομένῳ
206 1148 460 1233 Δικαιογένους,
486 1143 595 1237 ὥσπερ
613 1143 856 1237 όντωμόσαμεν.
885 1156 955 1218 Καί
968 1177 1024 1237 μοι
1040 1174 1058 1223 2

58 1241 231 1333 ἀνάγνωθι
248 1242 310 1333 τήν
326 1242 543 1335 ἀντωμοσίαν.

426 1410 651 1462 ΑΝΤΩΜΟΣΙΑ.

129 1546 185 1630 Ὡς
201 1557 317 1620 τοίνυν
322 1546 445 1719 ὶἀληθῆ
460 1547 706 1640 ἆυτωμόσαμεν,
725 1548 1007 1639 Κηφισόδοτος
968 1580 1024 1621 ου·

57 1653 128 1721 τοσλ
155 1649 334 1738 οἶδε,καδ
279 1648 526 1741 καμόρτυρας
551 1647 634 1739 υμῖν
658 1649 867 1739 παρεξόμεθα
893 1654 1025 1739 πρῶτον

56 1746 170 1841 μὲν
144 1778 190 1831 νος
213 1747 338 1837 απὲστη
364 1754 582 1838 Δικαιογένης
608 1746 687 1840 ἡμῖν
705 1767 777 1820 τοῖν
796 1757 893 1821 δυοῖν
910 1766 1025 1839 μεροῖν

56 1879 117 1921 του
104 1847 277 1940 κλήρου,
306 1846 419 1920 εἷτα’
395 1879 439 1931 ως
457 1848 645 1939 ἠγγυήσατο
664 1849 849 1941 Λεωχαρης.
885 1858 956 1920 Καί
969 1878 1026 1939 μοι

57 1947 231 2039 ἀνάγνωθι
248 1948 310 2039 τήν
327 1959 519 2041 μαρτυρίαν.

442 2117 637 2166 ΜΛΡΤΤΡΙΑ.

140 2258 214 2324 Τῶν
231 2256 293 2345 μὲν
310 2253 488 2344 μαρτύρων
506 2251 682 2342 ἀκηκόατε,
702 2258 757 2324 καὶ
776 2251 821 2334 οδς
838 2252 879 2324 οὐ
896 2251 1027 2341 τᾶληθή
1043 2280 1060 2333 3

56 2353 364 2446 μεμαρτυρήκασιν,
391 2350 467 2424 οὐδ’
496 2348 538 2424 όιν
556 2351 657 2425 αὐτόν
675 2354 765 2443 οἶμαι
784 2354 964 2444 Λεωχάρην
982 2362 1026 2423 ελ-

57 2472 150 2527 πεῖν·
178 2465 257 2536 ἴσως
286 2456 323 2523 δὲ
349 2451 401 2522 ἐπ’
431 2457 559 2525 ἐκεῖνον
584 2458 737 2545 τρέψεται
762 2453 820 2524 τόν
838 2454 954 2541 λόγον,
982 2449 1027 2533 ὦς

56 2557 277 2643 Δικαιογένης
293 2582 329 2624 τε
347 2550 368 2622 δι’
384 2550 464 2642 ἡμῖν
482 2550 692 2643 ὡμολόγησεν
708 2552 836 2624 ἅπαντα
853 2559 1026 2641 πεποίηκε,

56 2658 113 2727 καὶ
130 2652 230 2736 αὐτός
255 2652 317 2743 τήν
336 2652 494 2742 ἐξεγγόην
519 2650 569 2723 ότι
586 2650 766 2724 ἀπέδωκεν.
804 2661 835 2723 εἰ
850 2643 914 2724 οὖν
929 2649 1025 2721 ταῦτ’

57 2760 143 2848 ἐρεῖ,
171 2754 328 2839 ψεύσεται
347 2757 402 2823 καὶ
421 2759 544 2845 ῥᾳδίως
564 2752 803 2843 ἐλεγχθήσεται.
838 2750 1026 2841 όυαγνοόσε-

55 2886 110 2927 ται
127 2853 191 2945 γδιρ
209 2850 290 2945 ὑμῖν
307 2853 368 2925 ὅσα
394 2857 545 2924 κατέλιπε
563 2858 781 2943 Δικαιογένης
797 2850 815 2925 ό
834 2857 1026 2938 Μενεξένου

56 2961 94 3028 ἐν
112 2960 162 3049 τῷ
178 2954 289 3048 κλήρῳ
308 2959 363 3025 καλ
380 2952 420 3024 τόν
438 2954 586 3045 χρήματα
604 2952 627 3024 δι’
645 2963 771 3044 ἔλαβεν.

438 3119 651 3169 ΑΠΟΓΡΛΦΗ.

139 3264 250 3330 Ταῦτα
268 3267 299 3329 εἰ
314 3260 376 3349 μὲν
393 3256 438 3348 μή
455 3279 537 3347 φασι
555 3261 776 3347 Δικαιογέυην
793 3256 852 3327 τόν
869 3254 1028 3345 ήμὲτερον
1044 3274 1062 3321 4

54 3374 155 3433 θεῖον
172 3364 278 3445 ζῶντα
295 3364 476 3449 κεκτῆσθαι
501 3361 556 3428 καὶ
573 3355 828 3447 ἀποθνήσκοντα
853 3353 933 3445 ἡμῖν
951 3357 1028 3423 δοῦ-

53 3492 122 3551 ναι,
142 3457 426 3544 ἆποδειξότωσαν
447 3467 477 3531 εἰ
495 3461 604 3528 δὲκαὶ
623 3462 751 3529 ἐκεῖνον
768 3465 961 3527 καταλιπεῖν
972 3454 1028 3522 καὶ
