<?xml version="1.0" encoding="UTF-8"?>
<!DOCTYPE html PUBLIC "-//W3C//DTD XHTML 1.0 Transitional//EN"
    "http://www.w3.org/TR/xhtml1/DTD/xhtml1-transitional.dtd">
<html xmlns="http://www.w3.org/1999/xhtml" xml:lang="en" lang="en">
 <head>
  <title>
</title>
<meta http-equiv="Content-Type" content="text/html;charset=utf-8" />
  <meta name='ocr-system' content='tesseract 3.04.00' />
  <meta name='ocr-capabilities' content='ocr_page ocr_carea ocr_par ocr_line ocrx_word'/>
</head>
<body>
  <div class='ocr_page' id='page_1' title='image "./orationescumali00isaegoog/orationescumali00isaegoog_0065.png"; bbox 0 0 2340 3916; ppageno 0'>
   <div class='ocr_carea' id='block_1_1' title="bbox 85 147 1056 266">
    <p class='ocr_par' dir='ltr' id='par_1_1' title="bbox 85 147 1056 266">
     <span class='ocr_line' id='line_1_1' title="bbox 85 147 1056 266; baseline 0.002 -18"><span class='ocrx_word' id='word_1_1' title='bbox 85 205 125 266; x_wconf 76' lang='lat'><strong><em>12</em></strong></span> <span class='ocrx_word' id='word_1_2' title='bbox 239 147 245 158; x_wconf 19' lang='grc' dir='ltr'>ἦ</span> <span class='ocrx_word' id='word_1_3' title='bbox 506 198 635 254; x_wconf 70' lang='lat' dir='ltr'><strong><em>mm</em></strong></span> <span class='ocrx_word' id='word_1_4' title='bbox 702 258 705 263; x_wconf 63' lang='grc'><strong><em>,</em></strong></span> <span class='ocrx_word' id='word_1_5' title='bbox 955 198 1007 251; x_wconf 71' lang='grc' dir='ltr'><strong><em>οι.</em></strong></span> <span class='ocrx_word' id='word_1_6' title='bbox 1023 180 1056 251; x_wconf 83' lang='grc' dir='ltr'><strong><em>ἰ.</em></strong></span> 
     </span>
    </p>
   </div>
   <div class='ocr_carea' id='block_1_2' title="bbox 48 359 1058 3594">
    <p class='ocr_par' dir='ltr' id='par_1_2' title="bbox 48 359 1058 3594">
     <span class='ocr_line' id='line_1_2' title="bbox 86 359 1057 461; baseline -0.001 -19"><span class='ocrx_word' id='word_1_7' title='bbox 86 370 188 453; x_wconf 88' lang='grc' dir='ltr'><strong><em>αύτας</em></strong></span> <span class='ocrx_word' id='word_1_8' title='bbox 208 369 387 461; x_wconf 76' lang='grc' dir='ltr'><strong><em>διαθήκας,</em></strong></span> <span class='ocrx_word' id='word_1_9' title='bbox 413 375 445 454; x_wconf 83' lang='grc' dir='ltr'><strong><em>ἐξ</em></strong></span> <span class='ocrx_word' id='word_1_10' title='bbox 464 359 512 442; x_wconf 66' lang='grc' dir='ltr'><strong><em>οἷν</em></strong></span> <span class='ocrx_word' id='word_1_11' title='bbox 529 365 592 443; x_wconf 88' lang='grc' dir='ltr'><strong><em>ούκ</em></strong></span> <span class='ocrx_word' id='word_1_12' title='bbox 610 373 732 443; x_wconf 83' lang='grc' dir='ltr'><strong><em>ἐκεῖνον</em></strong></span> <span class='ocrx_word' id='word_1_13' title='bbox 763 373 950 461; x_wconf 86' lang='grc' dir='ltr'><strong><em>ἐτιμωρεῖτο</em></strong></span> <span class='ocrx_word' id='word_1_14' title='bbox 968 367 1057 441; x_wconf 80' lang='grc' dir='ltr'><strong><em>ἀλλά</em></strong></span> 
     </span>
     <span class='ocr_line' id='line_1_3' title="bbox 85 465 1058 594; baseline 0.001 -52"><span class='ocrx_word' id='word_1_15' title='bbox 85 470 164 554; x_wconf 85' lang='grc' dir='ltr'><strong><em>τούς</em></strong></span> <span class='ocrx_word' id='word_1_16' title='bbox 181 470 402 554; x_wconf 76' lang='grc' dir='ltr'><strong><em>οἰκειοτάτους</em></strong></span> <span class='ocrx_word' id='word_1_17' title='bbox 419 468 542 594; x_wconf 81' lang='grc' dir='ltr'><strong><em>ήδίκει</em></strong></span> <span class='ocrx_word' id='word_1_18' title='bbox 561 474 640 542; x_wconf 80' lang='grc' dir='ltr'><strong><em>νυνὶ</em></strong></span> <span class='ocrx_word' id='word_1_19' title='bbox 659 473 696 542; x_wconf 96' lang='grc' dir='ltr'><strong><em>δε</em></strong></span> <span class='ocrx_word' id='word_1_20' title='bbox 714 470 881 563; x_wconf 75' lang='grc' dir='ltr'><strong><em>χρώμενος</em></strong></span> <span class='ocrx_word' id='word_1_21' title='bbox 898 465 979 561; x_wconf 79' lang='grc' dir='ltr'><strong><em>ἡμῖν</em></strong></span> <span class='ocrx_word' id='word_1_22' title='bbox 997 475 1058 543; x_wconf 81' lang='grc' dir='ltr'><strong><em>καὶ</em></strong></span> 
     </span>
     <span class='ocr_line' id='line_1_4' title="bbox 85 567 1056 697; baseline -0.001 -54"><span class='ocrx_word' id='word_1_23' title='bbox 85 577 161 696; x_wconf 83' lang='grc' dir='ltr'><strong><em>περὶ</em></strong></span> <span class='ocrx_word' id='word_1_24' title='bbox 173 582 329 644; x_wconf 80' lang='grc' dir='ltr'><strong><em>πλείστου</em></strong></span> <span class='ocrx_word' id='word_1_25' title='bbox 343 573 539 662; x_wconf 88' lang='grc' dir='ltr'><strong><em>ποιούμενος</em></strong></span> <span class='ocrx_word' id='word_1_26' title='bbox 551 567 723 663; x_wconf 78' lang='grc' dir='ltr'><strong><em>ἁπάντων,</em></strong></span> <span class='ocrx_word' id='word_1_27' title='bbox 738 571 865 697; x_wconf 84' lang='grc' dir='ltr'>μόνους</span> <span class='ocrx_word' id='word_1_28' title='bbox 884 572 1056 691; x_wconf 73' lang='grc' dir='ltr'><strong><em>ἐβουλήθη</em></strong></span> 
     </span>
     <span class='ocr_line' id='line_1_5' title="bbox 84 663 1057 795; baseline 0.001 -52"><span class='ocrx_word' id='word_1_29' title='bbox 84 673 162 756; x_wconf 85' lang='grc' dir='ltr'><strong><em>τούς</em></strong></span> <span class='ocrx_word' id='word_1_30' title='bbox 180 669 444 765; x_wconf 75' lang='grc' dir='ltr'><strong><em>ἀδελφιδοῦς,</em></strong></span> <span class='ocrx_word' id='word_1_31' title='bbox 420 703 464 755; x_wconf 89' lang='grc' dir='ltr'><strong><em>ως</em></strong></span> <span class='ocrx_word' id='word_1_32' title='bbox 481 663 577 744; x_wconf 87' lang='grc' dir='ltr'><strong><em>ούτοί</em></strong></span> <span class='ocrx_word' id='word_1_33' title='bbox 578 696 725 794; x_wconf 32' lang='grc' dir='ltr'><strong><em>ςυφασιν,</em></strong></span> <span class='ocrx_word' id='word_1_34' title='bbox 735 669 900 795; x_wconf 82' lang='grc' dir='ltr'><strong><em>ἀκλήρους</em></strong></span> <span class='ocrx_word' id='word_1_35' title='bbox 917 678 1057 762; x_wconf 89' lang='grc' dir='ltr'><strong><em>ποιήσαι</em></strong></span> 
     </span>
     <span class='ocr_line' id='line_1_6' title="bbox 83 763 1057 866; baseline 0.001 -22"><span class='ocrx_word' id='word_1_36' title='bbox 83 780 152 846; x_wconf 74' lang='grc' dir='ltr'><strong><em>τοῖν</em></strong></span> <span class='ocrx_word' id='word_1_37' title='bbox 177 778 308 847; x_wconf 76' lang='grc' dir='ltr'><strong><em>ἑαυτοῦ.</em></strong></span> <span class='ocrx_word' id='word_1_38' title='bbox 350 779 406 846; x_wconf 77' lang='grc' dir='ltr'><strong><em>καὶ</em></strong></span> <span class='ocrx_word' id='word_1_39' title='bbox 423 783 473 855; x_wconf 89' lang='grc' dir='ltr'><strong><em>τίς</em></strong></span> <span class='ocrx_word' id='word_1_40' title='bbox 491 769 533 844; x_wconf 85' lang='grc' dir='ltr'><strong><em>ἀν</em></strong></span> <span class='ocrx_word' id='word_1_41' title='bbox 552 763 591 843; x_wconf 77' lang='grc' dir='ltr'><strong><em>εὖ</em></strong></span> <span class='ocrx_word' id='word_1_42' title='bbox 608 804 761 866; x_wconf 86' lang='grc' dir='ltr'><strong><em>φρονων,</em></strong></span> <span class='ocrx_word' id='word_1_43' title='bbox 787 804 812 845; x_wconf 90' lang='grc' dir='ltr'><strong><em>ω</em></strong></span> <span class='ocrx_word' id='word_1_44' title='bbox 802 765 968 865; x_wconf 85' lang='grc' dir='ltr'><strong><em>ἀνδρες,</em></strong></span> <span class='ocrx_word' id='word_1_45' title='bbox 987 804 1057 846; x_wconf 87' lang='grc' dir='ltr'><strong><em>τοι·</em></strong></span> 
     </span>
     <span class='ocr_line' id='line_1_7' title="bbox 52 871 1058 966; baseline 0.004 -23"><span class='ocrx_word' id='word_1_46' title='bbox 52 880 170 947; x_wconf 83' lang='grc' dir='ltr'><strong><em>ῖαύτα</em></strong></span> <span class='ocrx_word' id='word_1_47' title='bbox 192 880 360 966; x_wconf 71' lang='grc' dir='ltr'><strong><em>περὶτῶν</em></strong></span> <span class='ocrx_word' id='word_1_48' title='bbox 384 871 488 946; x_wconf 82' lang='grc' dir='ltr'><strong><em>αύτου</em></strong></span> <span class='ocrx_word' id='word_1_49' title='bbox 476 874 743 963; x_wconf 87' lang='grc' dir='ltr'><strong><em>βουλεύσαιτο;</em></strong></span> <span class='ocrx_word' id='word_1_50' title='bbox 770 871 848 945; x_wconf 89' lang='grc' dir='ltr'><strong><em>ωστ’</em></strong></span> <span class='ocrx_word' id='word_1_51' title='bbox 869 878 905 945; x_wconf 88' lang='grc' dir='ltr'><strong><em>ἐκ</em></strong></span> <span class='ocrx_word' id='word_1_52' title='bbox 922 874 1058 948; x_wconf 88' lang='grc' dir='ltr'><strong><em>τούτων</em></strong></span> 
     </span>
     <span class='ocr_line' id='line_1_8' title="bbox 82 971 1056 1069; baseline 0 -21"><span class='ocrx_word' id='word_1_53' title='bbox 82 981 151 1048; x_wconf 78' lang='grc' dir='ltr'><strong><em>ταῖν</em></strong></span> <span class='ocrx_word' id='word_1_54' title='bbox 183 976 292 1066; x_wconf 89' lang='grc' dir='ltr'><strong><em>λόγων</em></strong></span> <span class='ocrx_word' id='word_1_55' title='bbox 316 982 439 1069; x_wconf 81' lang='grc' dir='ltr'><strong><em>ῥᾳδίαν</em></strong></span> <span class='ocrx_word' id='word_1_56' title='bbox 461 971 544 1064; x_wconf 83' lang='grc' dir='ltr'><strong><em>ύμῖν</em></strong></span> <span class='ocrx_word' id='word_1_57' title='bbox 565 973 627 1064; x_wconf 87' lang='grc' dir='ltr'><strong><em>τήν</em></strong></span> <span class='ocrx_word' id='word_1_58' title='bbox 651 975 833 1065; x_wconf 88' lang='grc' dir='ltr'><strong><em>διάγνωσιν</em></strong></span> <span class='ocrx_word' id='word_1_59' title='bbox 855 975 1056 1065; x_wconf 88' lang='grc' dir='ltr'><strong><em>πεποιήκασι</em></strong></span> 
     </span>
     <span class='ocr_line' id='line_1_9' title="bbox 83 1073 1056 1170; baseline 0 -22"><span class='ocrx_word' id='word_1_60' title='bbox 83 1081 159 1170; x_wconf 80' lang='grc' dir='ltr'><strong><em>περὶ</em></strong></span> <span class='ocrx_word' id='word_1_61' title='bbox 184 1075 305 1149; x_wconf 70' lang='grc' dir='ltr'><strong><em>αύτοὶν.</em></strong></span> <span class='ocrx_word' id='word_1_62' title='bbox 351 1086 382 1148; x_wconf 84' lang='grc' dir='ltr'><strong><em>εί</em></strong></span> <span class='ocrx_word' id='word_1_63' title='bbox 403 1079 465 1169; x_wconf 72' lang='grc' dir='ltr'><strong><em>μὲν</em></strong></span> <span class='ocrx_word' id='word_1_64' title='bbox 482 1075 545 1167; x_wconf 83' lang='grc' dir='ltr'><strong><em>γάρ</em></strong></span> <span class='ocrx_word' id='word_1_65' title='bbox 563 1073 698 1148; x_wconf 75' lang='grc' dir='ltr'><em>ἀνελεῖν</em></span> <span class='ocrx_word' id='word_1_66' title='bbox 714 1074 772 1158; x_wconf 85' lang='grc' dir='ltr'><strong><em>τάς</em></strong></span> <span class='ocrx_word' id='word_1_67' title='bbox 792 1076 956 1166; x_wconf 88' lang='grc' dir='ltr'><strong><em>διαθήκας</em></strong></span> <span class='ocrx_word' id='word_1_68' title='bbox 974 1086 1056 1166; x_wconf 86' lang='grc' dir='ltr'><strong><em>βου·</em></strong></span> 
     </span>
     <span class='ocr_line' id='line_1_10' title="bbox 83 1174 1056 1270; baseline 0.002 -22"><span class='ocrx_word' id='word_1_69' title='bbox 83 1177 221 1268; x_wconf 86' lang='grc' dir='ltr'><strong><em>λόμενος</em></strong></span> <span class='ocrx_word' id='word_1_70' title='bbox 233 1181 456 1269; x_wconf 83' lang='grc' dir='ltr'><strong><em>μετεπέμπετο</em></strong></span> <span class='ocrx_word' id='word_1_71' title='bbox 467 1175 529 1266; x_wconf 86' lang='grc' dir='ltr'><strong><em>τήν</em></strong></span> <span class='ocrx_word' id='word_1_72' title='bbox 546 1174 668 1269; x_wconf 89' lang='grc' dir='ltr'><strong><em>ἀρχήν,</em></strong></span> <span class='ocrx_word' id='word_1_73' title='bbox 687 1175 799 1270; x_wconf 73' lang='grc' dir='ltr'><strong><em>ὥσπερ</em></strong></span> <span class='ocrx_word' id='word_1_74' title='bbox 816 1174 911 1268; x_wconf 89' lang='grc' dir='ltr'><strong><em>ήμεῖς</em></strong></span> <span class='ocrx_word' id='word_1_75' title='bbox 929 1208 1056 1270; x_wconf 84' lang='grc' dir='ltr'><strong><em>φαμεν,</em></strong></span> 
     </span>
     <span class='ocr_line' id='line_1_11' title="bbox 82 1276 1055 1373; baseline 0.003 -24"><span class='ocrx_word' id='word_1_76' title='bbox 82 1276 157 1350; x_wconf 75' lang='grc' dir='ltr'><strong><em>οὐδ’</em></strong></span> <span class='ocrx_word' id='word_1_77' title='bbox 172 1276 219 1361; x_wconf 83' lang='grc' dir='ltr'><strong><em>εἷς</em></strong></span> <span class='ocrx_word' id='word_1_78' title='bbox 232 1287 339 1352; x_wconf 77' lang='grc' dir='ltr'><strong><em>ἔνεστι</em></strong></span> <span class='ocrx_word' id='word_1_79' title='bbox 351 1279 478 1361; x_wconf 83' lang='grc' dir='ltr'><strong><em>τούτοις</em></strong></span> <span class='ocrx_word' id='word_1_80' title='bbox 491 1277 602 1368; x_wconf 89' lang='grc' dir='ltr'><strong><em>λόγος·</em></strong></span> <span class='ocrx_word' id='word_1_81' title='bbox 624 1288 654 1350; x_wconf 86' lang='grc' dir='ltr'><strong><em>εί</em></strong></span> <span class='ocrx_word' id='word_1_82' title='bbox 672 1276 705 1349; x_wconf 83' lang='grc' dir='ltr'><strong><em>δ’</em></strong></span> <span class='ocrx_word' id='word_1_83' title='bbox 724 1276 811 1350; x_wconf 78' lang='grc' dir='ltr'><strong><em>οὕτω</em></strong></span> <span class='ocrx_word' id='word_1_84' title='bbox 824 1284 1055 1373; x_wconf 71' lang='grc' dir='ltr'><strong><em>παραφρονῶν</em></strong></span> 
     </span>
     <span class='ocr_line' id='line_1_12' title="bbox 82 1377 1056 1472; baseline 0.002 -22"><span class='ocrx_word' id='word_1_85' title='bbox 82 1387 199 1471; x_wconf 81' lang='grc' dir='ltr'><strong><em>έτυχεν</em></strong></span> <span class='ocrx_word' id='word_1_86' title='bbox 231 1377 320 1452; x_wconf 72' lang='grc' dir='ltr'><strong><em>ὥσθ’</em></strong></span> <span class='ocrx_word' id='word_1_87' title='bbox 344 1377 430 1472; x_wconf 83' lang='grc' dir='ltr'><strong><em>ήμάς</em></strong></span> <span class='ocrx_word' id='word_1_88' title='bbox 453 1381 530 1472; x_wconf 82' lang='grc' dir='ltr'><strong><em>περὶ</em></strong></span> <span class='ocrx_word' id='word_1_89' title='bbox 555 1384 728 1472; x_wconf 79' lang='grc' dir='ltr'><strong><em>ἐλαχίστου</em></strong></span> <span class='ocrx_word' id='word_1_90' title='bbox 757 1393 944 1471; x_wconf 88' lang='grc' dir='ltr'><strong><em>ποιεῖσθαι,</em></strong></span> <span class='ocrx_word' id='word_1_91' title='bbox 975 1379 1056 1464; x_wconf 83' lang='grc' dir='ltr'><strong><em>τούς</em></strong></span> 
     </span>
     <span class='ocr_line' id='line_1_13' title="bbox 82 1479 1053 1576; baseline 0.002 -25"><span class='ocrx_word' id='word_1_92' title='bbox 82 1484 171 1569; x_wconf 87' lang='grc' dir='ltr'><strong><em>γένει</em></strong></span> <span class='ocrx_word' id='word_1_93' title='bbox 194 1479 426 1573; x_wconf 71' lang='grc' dir='ltr'><strong><em>πρωτεύοντας</em></strong></span> <span class='ocrx_word' id='word_1_94' title='bbox 450 1485 505 1552; x_wconf 79' lang='grc' dir='ltr'><strong><em>καὶ</em></strong></span> <span class='ocrx_word' id='word_1_95' title='bbox 527 1484 717 1573; x_wconf 78' lang='grc' dir='ltr'><strong><em>χρωμένους</em></strong></span> <span class='ocrx_word' id='word_1_96' title='bbox 737 1479 828 1576; x_wconf 75' lang='grc' dir='ltr'><strong><em>αὐτῷ</em></strong></span> <span class='ocrx_word' id='word_1_97' title='bbox 852 1480 988 1553; x_wconf 85' lang='grc' dir='ltr'><strong><em>πάντων</em></strong></span> <span class='ocrx_word' id='word_1_98' title='bbox 1005 1490 1053 1553; x_wconf 89' lang='grc' dir='ltr'><strong><em>οι’·</em></strong></span> 
     </span>
     <span class='ocr_line' id='line_1_14' title="bbox 82 1578 1054 1672; baseline 0.003 -20"><span class='ocrx_word' id='word_1_99' title='bbox 82 1581 251 1672; x_wconf 88' lang='grc' dir='ltr'><strong><em>κειότατα,</em></strong></span> <span class='ocrx_word' id='word_1_100' title='bbox 277 1590 413 1665; x_wconf 87' lang='grc' dir='ltr'><strong><em>δικαίως</em></strong></span> <span class='ocrx_word' id='word_1_101' title='bbox 437 1578 479 1654; x_wconf 83' lang='grc' dir='ltr'><strong><em>ἀν</em></strong></span> <span class='ocrx_word' id='word_1_102' title='bbox 499 1583 607 1671; x_wconf 80' lang='grc' dir='ltr'><strong><em>δήπου</em></strong></span> <span class='ocrx_word' id='word_1_103' title='bbox 632 1580 691 1665; x_wconf 87' lang='grc' dir='ltr'><strong><em>τάς</em></strong></span> <span class='ocrx_word' id='word_1_104' title='bbox 713 1582 867 1664; x_wconf 81' lang='grc' dir='ltr'><strong><em>τοιαύτας</em></strong></span> <span class='ocrx_word' id='word_1_105' title='bbox 887 1582 1054 1672; x_wconf 79' lang='grc' dir='ltr'><strong><em>διαθήκας</em></strong></span> 
     </span>
     <span class='ocr_line' id='line_1_15' title="bbox 83 1680 430 1774; baseline 0.012 -23"><span class='ocrx_word' id='word_1_106' title='bbox 83 1680 232 1773; x_wconf 80' lang='grc' dir='ltr'><strong><em>ἀκύρους</em></strong></span> <span class='ocrx_word' id='word_1_107' title='bbox 250 1683 430 1774; x_wconf 80' lang='grc' dir='ltr'><strong><em>ποιήσαιτε.</em></strong></span> 
     </span>
     <span class='ocr_line' id='line_1_16' title="bbox 48 1782 1055 1876; baseline 0 -20"><span class='ocrx_word' id='word_1_108' title='bbox 48 1795 63 1844; x_wconf 82' lang='lat'><em>²</em></span> <span class='ocrx_word' id='word_1_109' title='bbox 150 1783 220 1856; x_wconf 80' lang='grc' dir='ltr'><strong><em>’Έτι</em></strong></span> <span class='ocrx_word' id='word_1_110' title='bbox 237 1794 354 1857; x_wconf 92' lang='grc' dir='ltr'><strong><em>τοίνυν</em></strong></span> <span class='ocrx_word' id='word_1_111' title='bbox 366 1785 572 1876; x_wconf 75' lang='grc' dir='ltr'><strong><em>ἐνθυμεῖσθε</em></strong></span> <span class='ocrx_word' id='word_1_112' title='bbox 588 1782 639 1855; x_wconf 82' lang='grc' dir='ltr'><strong><em>ὅτι</em></strong></span> <span class='ocrx_word' id='word_1_113' title='bbox 657 1783 840 1874; x_wconf 75' lang='grc' dir='ltr'><strong><em>φάσκοντες</em></strong></span> <span class='ocrx_word' id='word_1_114' title='bbox 858 1794 973 1856; x_wconf 85' lang='grc' dir='ltr'><strong><em>καλεῖν</em></strong></span> <span class='ocrx_word' id='word_1_115' title='bbox 991 1784 1055 1875; x_wconf 88' lang='grc' dir='ltr'><strong><em>τήν</em></strong></span> 
     </span>
     <span class='ocr_line' id='line_1_17' title="bbox 82 1881 1053 1977; baseline 0.003 -23"><span class='ocrx_word' id='word_1_116' title='bbox 82 1881 188 1975; x_wconf 86' lang='grc' dir='ltr'><strong><em>ἀρχήν</em></strong></span> <span class='ocrx_word' id='word_1_117' title='bbox 221 1887 445 1977; x_wconf 75' lang='grc' dir='ltr'><strong><em>Κλεώνυμον,</em></strong></span> <span class='ocrx_word' id='word_1_118' title='bbox 480 1892 537 1967; x_wconf 75' lang='grc' dir='ltr'><strong><em>ἵνα</em></strong></span> <span class='ocrx_word' id='word_1_119' title='bbox 573 1885 741 1976; x_wconf 75' lang='grc' dir='ltr'><strong><em>βεβαιώσῃ</em></strong></span> <span class='ocrx_word' id='word_1_120' title='bbox 765 1883 828 1974; x_wconf 86' lang='grc' dir='ltr'><strong><em>τήν</em></strong></span> <span class='ocrx_word' id='word_1_121' title='bbox 852 1881 965 1957; x_wconf 77' lang='grc' dir='ltr'><strong><em>αὑτοῖν</em></strong></span> <span class='ocrx_word' id='word_1_122' title='bbox 989 1895 1053 1957; x_wconf 87' lang='grc' dir='ltr'><strong><em>δω-</em></strong></span> 
     </span>
     <span class='ocr_line' id='line_1_18' title="bbox 82 1982 1051 2078; baseline 0.005 -24"><span class='ocrx_word' id='word_1_123' title='bbox 82 1984 179 2075; x_wconf 85' lang='grc' dir='ltr'><strong><em>ρεάν,</em></strong></span> <span class='ocrx_word' id='word_1_124' title='bbox 204 1989 415 2077; x_wconf 69' lang='grc' dir='ltr'><strong><em>προσταχθὲν</em></strong></span> <span class='ocrx_word' id='word_1_125' title='bbox 433 1982 627 2069; x_wconf 85' lang='grc' dir='ltr'><strong><em>αύτοῖς·ούκ</em></strong></span> <span class='ocrx_word' id='word_1_126' title='bbox 646 1985 830 2076; x_wconf 85' lang='grc' dir='ltr'><strong><em>ἐτόλμησαν</em></strong></span> <span class='ocrx_word' id='word_1_127' title='bbox 848 1995 1051 2078; x_wconf 83' lang='grc' dir='ltr'><strong><em>εἰσαγαγεῖν,</em></strong></span> 
     </span>
     <span class='ocr_line' id='line_1_19' title="bbox 82 2082 1053 2179; baseline 0.006 -25"><span class='ocrx_word' id='word_1_128' title='bbox 82 2082 166 2155; x_wconf 83' lang='grc' dir='ltr'><strong><em>ἀλλά</em></strong></span> <span class='ocrx_word' id='word_1_129' title='bbox 187 2089 244 2157; x_wconf 84' lang='grc' dir='ltr'><strong><em>καὶ</em></strong></span> <span class='ocrx_word' id='word_1_130' title='bbox 265 2086 325 2158; x_wconf 83' lang='grc' dir='ltr'><strong><em>τόν</em></strong></span> <span class='ocrx_word' id='word_1_131' title='bbox 349 2087 491 2159; x_wconf 88' lang='grc' dir='ltr'><strong><em>ἐλθόντα</em></strong></span> <span class='ocrx_word' id='word_1_132' title='bbox 513 2092 582 2158; x_wconf 74' lang='grc' dir='ltr'><strong><em>τοῖν</em></strong></span> <span class='ocrx_word' id='word_1_133' title='bbox 599 2084 770 2179; x_wconf 74' lang='grc' dir='ltr'><strong><em>ἀρχόντων</em></strong></span> <span class='ocrx_word' id='word_1_134' title='bbox 788 2091 842 2158; x_wconf 77' lang='grc' dir='ltr'><strong><em>ἐπὶ</em></strong></span> <span class='ocrx_word' id='word_1_135' title='bbox 859 2086 921 2176; x_wconf 80' lang='grc' dir='ltr'><strong><em>τήν</em></strong></span> <span class='ocrx_word' id='word_1_136' title='bbox 935 2087 1053 2179; x_wconf 83' lang='grc' dir='ltr'><strong><em>θύραν</em></strong></span> 
     </span>
     <span class='ocr_line' id='line_1_20' title="bbox 81 2183 1052 2282; baseline 0.003 -26"><span class='ocrx_word' id='word_1_137' title='bbox 81 2183 289 2276; x_wconf 79' lang='grc' dir='ltr'><strong><em>ἀπέπεμψαν.</em></strong></span> <span class='ocrx_word' id='word_1_138' title='bbox 337 2191 393 2258; x_wconf 84' lang='grc' dir='ltr'><strong><em>καὶ</em></strong></span> <span class='ocrx_word' id='word_1_139' title='bbox 424 2195 521 2259; x_wconf 89' lang='grc' dir='ltr'><strong><em>δυοῖν</em></strong></span> <span class='ocrx_word' id='word_1_140' title='bbox 547 2205 620 2259; x_wconf 91' lang='grc' dir='ltr'><strong><em>τοῖν</em></strong></span> <span class='ocrx_word' id='word_1_141' title='bbox 649 2188 900 2260; x_wconf 87' lang='grc' dir='ltr'><strong><em>ἐναντιωτάτοιν</em></strong></span> <span class='ocrx_word' id='word_1_142' title='bbox 922 2187 1052 2282; x_wconf 84' lang='grc' dir='ltr'><strong><em>θάτερα</em></strong></span> 
     </span>
     <span class='ocr_line' id='line_1_21' title="bbox 79 2284 1053 2384; baseline 0.005 -27"><span class='ocrx_word' id='word_1_143' title='bbox 79 2291 272 2378; x_wconf 81' lang='grc' dir='ltr'><strong><em>μέλλοντες,</em></strong></span> <span class='ocrx_word' id='word_1_144' title='bbox 296 2284 318 2378; x_wconf 89' lang='grc' dir='ltr'><strong><em>ή</em></strong></span> <span class='ocrx_word' id='word_1_145' title='bbox 336 2287 398 2378; x_wconf 86' lang='grc' dir='ltr'><strong><em>τήν</em></strong></span> <span class='ocrx_word' id='word_1_146' title='bbox 415 2286 535 2360; x_wconf 87' lang='grc' dir='ltr'><strong><em>ούσίαν</em></strong></span> <span class='ocrx_word' id='word_1_147' title='bbox 554 2293 639 2372; x_wconf 80' lang='grc' dir='ltr'><strong><em>ἕξειν</em></strong></span> <span class='ocrx_word' id='word_1_148' title='bbox 657 2294 874 2379; x_wconf 83' lang='grc' dir='ltr'><strong><em>βεβαιοτέραν</em></strong></span> <span class='ocrx_word' id='word_1_149' title='bbox 892 2285 913 2378; x_wconf 86' lang='grc' dir='ltr'><strong><em>ή</em></strong></span> <span class='ocrx_word' id='word_1_150' title='bbox 932 2295 1053 2384; x_wconf 74' lang='grc' dir='ltr'><strong><em>ἐκείνῳ</em></strong></span> 
     </span>
     <span class='ocr_line' id='line_1_22' title="bbox 79 2385 1053 2481; baseline 0.003 -21"><span class='ocrx_word' id='word_1_151' title='bbox 79 2385 124 2477; x_wconf 88' lang='grc' dir='ltr'><strong><em>μή</em></strong></span> <span class='ocrx_word' id='word_1_152' title='bbox 143 2388 340 2478; x_wconf 85' lang='grc' dir='ltr'><strong><em>ποιήσαντες</em></strong></span> <span class='ocrx_word' id='word_1_153' title='bbox 352 2386 622 2481; x_wconf 87' lang='grc' dir='ltr'><strong><em>ἀπεχθήσεσθαι,</em></strong></span> <span class='ocrx_word' id='word_1_154' title='bbox 641 2388 703 2479; x_wconf 89' lang='grc' dir='ltr'><strong><em>τήν</em></strong></span> <span class='ocrx_word' id='word_1_155' title='bbox 721 2387 904 2481; x_wconf 85' lang='grc' dir='ltr'><strong><em>ἀπέχθειαν</em></strong></span> <span class='ocrx_word' id='word_1_156' title='bbox 924 2397 1053 2463; x_wconf 82' lang='grc' dir='ltr'><strong><em>εἵλοντο</em></strong></span> 
     </span>
     <span class='ocr_line' id='line_1_23' title="bbox 48 2487 1053 2583; baseline 0.003 -23"><span class='ocrx_word' id='word_1_157' title='bbox 48 2494 206 2578; x_wconf 75' lang='grc' dir='ltr'><strong><em>Βμάλλον</em></strong></span> <span class='ocrx_word' id='word_1_158' title='bbox 234 2490 357 2579; x_wconf 82' lang='grc' dir='ltr'><strong><em>ταύτης</em></strong></span> <span class='ocrx_word' id='word_1_159' title='bbox 385 2496 443 2580; x_wconf 82' lang='grc' dir='ltr'><strong><em>τῆς</em></strong></span> <span class='ocrx_word' id='word_1_160' title='bbox 473 2495 608 2582; x_wconf 79' lang='grc' dir='ltr'><strong><em>δωρεάς.</em></strong></span> <span class='ocrx_word' id='word_1_161' title='bbox 657 2499 764 2562; x_wconf 89' lang='grc' dir='ltr'><strong><em>καίτοι</em></strong></span> <span class='ocrx_word' id='word_1_162' title='bbox 793 2496 863 2574; x_wconf 76' lang='grc' dir='ltr'><strong><em>πῶς</em></strong></span> <span class='ocrx_word' id='word_1_163' title='bbox 887 2487 930 2563; x_wconf 85' lang='grc' dir='ltr'><strong><em>ἀν</em></strong></span> <span class='ocrx_word' id='word_1_164' title='bbox 955 2496 1053 2583; x_wconf 80' lang='grc' dir='ltr'><strong><em>ἕτερα</em></strong></span> 
     </span>
     <span class='ocr_line' id='line_1_24' title="bbox 78 2589 1052 2684; baseline 0.005 -25"><span class='ocrx_word' id='word_1_165' title='bbox 78 2591 208 2663; x_wconf 89' lang='grc' dir='ltr'><strong><em>τούτων</em></strong></span> <span class='ocrx_word' id='word_1_166' title='bbox 225 2595 354 2680; x_wconf 93' lang='grc' dir='ltr'><strong><em>γένοιτο</em></strong></span> <span class='ocrx_word' id='word_1_167' title='bbox 372 2589 585 2684; x_wconf 86' lang='grc' dir='ltr'><strong><em>ἀπιστότερα;</em></strong></span> <span class='ocrx_word' id='word_1_168' title='bbox 603 2589 680 2673; x_wconf 85' lang='grc' dir='ltr'><strong><em>τούς</em></strong></span> <span class='ocrx_word' id='word_1_169' title='bbox 698 2594 760 2682; x_wconf 76' lang='grc' dir='ltr'><strong><em>μὲν</em></strong></span> <span class='ocrx_word' id='word_1_170' title='bbox 776 2596 957 2681; x_wconf 77' lang='grc' dir='ltr'><strong><em>τηλικαῦτα</em></strong></span> <span class='ocrx_word' id='word_1_171' title='bbox 974 2597 1052 2683; x_wconf 91' lang='grc' dir='ltr'><strong><em>μέλ·</em></strong></span> 
     </span>
     <span class='ocr_line' id='line_1_25' title="bbox 78 2691 1052 2785; baseline 0.003 -23"><span class='ocrx_word' id='word_1_172' title='bbox 78 2702 196 2773; x_wconf 90' lang='grc' dir='ltr'><strong><em>λοντας</em></strong></span> <span class='ocrx_word' id='word_1_173' title='bbox 220 2698 256 2763; x_wconf 89' lang='grc' dir='ltr'><strong><em>ἐκ</em></strong></span> <span class='ocrx_word' id='word_1_174' title='bbox 278 2694 545 2785; x_wconf 75' lang='grc' dir='ltr'><strong><em>τοῦπράγματος</em></strong></span> <span class='ocrx_word' id='word_1_175' title='bbox 562 2699 769 2783; x_wconf 85' lang='grc' dir='ltr'><strong><em>κερδαίνειν,</em></strong></span> <span class='ocrx_word' id='word_1_176' title='bbox 796 2691 906 2784; x_wconf 75' lang='grc' dir='ltr'><strong><em>ὥσπερ</em></strong></span> <span class='ocrx_word' id='word_1_177' title='bbox 919 2704 1052 2785; x_wconf 80' lang='grc' dir='ltr'><strong><em>Ιζημιω-</em></strong></span> 
     </span>
     <span class='ocr_line' id='line_1_26' title="bbox 77 2791 1054 2886; baseline 0.005 -24"><span class='ocrx_word' id='word_1_178' title='bbox 77 2796 305 2883; x_wconf 85' lang='grc' dir='ltr'><strong><em>θησομένονς,</em></strong></span> <span class='ocrx_word' id='word_1_179' title='bbox 324 2794 537 2884; x_wconf 85' lang='grc' dir='ltr'><strong><em>φυλάξασθαι</em></strong></span> <span class='ocrx_word' id='word_1_180' title='bbox 551 2791 614 2883; x_wconf 89' lang='grc' dir='ltr'><strong><em>τήν</em></strong></span> <span class='ocrx_word' id='word_1_181' title='bbox 633 2800 824 2885; x_wconf 84' lang='grc' dir='ltr'><strong><em>διακονίαν,</em></strong></span> <span class='ocrx_word' id='word_1_182' title='bbox 842 2793 1054 2886; x_wconf 73' lang='grc' dir='ltr'><strong><em>Κλεώνυμον</em></strong></span> 
     </span>
     <span class='ocr_line' id='line_1_27' title="bbox 81 2888 1053 2985; baseline 0.006 -23"><span class='ocrx_word' id='word_1_183' title='bbox 81 2888 118 2962; x_wconf 90' lang='grc' dir='ltr'><strong><em>δ’</em></strong></span> <span class='ocrx_word' id='word_1_184' title='bbox 143 2888 229 2985; x_wconf 74' lang='grc' dir='ltr'><strong><em>ύπέρ</em></strong></span> <span class='ocrx_word' id='word_1_185' title='bbox 251 2898 310 2981; x_wconf 80' lang='grc' dir='ltr'><strong><em>τῆς</em></strong></span> <span class='ocrx_word' id='word_1_186' title='bbox 333 2894 461 2965; x_wconf 87' lang='grc' dir='ltr'><strong><em>τούτων</em></strong></span> <span class='ocrx_word' id='word_1_187' title='bbox 479 2891 641 2983; x_wconf 77' lang='grc' dir='ltr'><strong><em>ἀφελείας</em></strong></span> <span class='ocrx_word' id='word_1_188' title='bbox 658 2894 824 2984; x_wconf 84' lang='grc' dir='ltr'><strong><em>τοσαύτην</em></strong></span> <span class='ocrx_word' id='word_1_189' title='bbox 845 2893 1053 2984; x_wconf 86' lang='grc' dir='ltr'><strong><em>ποιήσασθαι</em></strong></span> 
     </span>
     <span class='ocr_line' id='line_1_28' title="bbox 78 2992 1051 3090; baseline 0.005 -26"><span class='ocrx_word' id='word_1_190' title='bbox 78 2992 232 3082; x_wconf 90' lang='grc' dir='ltr'><strong><em>σπουδήν</em></strong></span> <span class='ocrx_word' id='word_1_191' title='bbox 261 2992 346 3067; x_wconf 73' lang='grc' dir='ltr'><strong><em>ὥστε</em></strong></span> <span class='ocrx_word' id='word_1_192' title='bbox 368 3001 587 3090; x_wconf 77' lang='grc' dir='ltr'><strong><em>Ποσειδίππῳ</em></strong></span> <span class='ocrx_word' id='word_1_193' title='bbox 617 3000 694 3085; x_wconf 88' lang='grc' dir='ltr'><strong><em>μέν,</em></strong></span> <span class='ocrx_word' id='word_1_194' title='bbox 731 2993 782 3067; x_wconf 82' lang='grc' dir='ltr'><strong><em>ότι</em></strong></span> <span class='ocrx_word' id='word_1_195' title='bbox 811 3000 1051 3088; x_wconf 86' lang='grc' dir='ltr'><strong><em>κατημέλησεν,</em></strong></span> 
     </span>
     <span class='ocr_line' id='line_1_29' title="bbox 78 3090 1051 3185; baseline 0.004 -20"><span class='ocrx_word' id='word_1_196' title='bbox 78 3090 294 3185; x_wconf 73' lang='grc' dir='ltr'><strong><em>ὀργισθῆναι,</em></strong></span> <span class='ocrx_word' id='word_1_197' title='bbox 319 3099 501 3178; x_wconf 84' lang='grc' dir='ltr'><strong><em>Διοκλέους</em></strong></span> <span class='ocrx_word' id='word_1_198' title='bbox 521 3098 558 3166; x_wconf 73' lang='grc' dir='ltr'><strong><em>δὲ</em></strong></span> <span class='ocrx_word' id='word_1_199' title='bbox 576 3093 680 3167; x_wconf 86' lang='grc' dir='ltr'><strong><em>ταύτά</em></strong></span> <span class='ocrx_word' id='word_1_200' title='bbox 703 3095 804 3169; x_wconf 89' lang='grc' dir='ltr'><strong><em>πάλιν</em></strong></span> <span class='ocrx_word' id='word_1_201' title='bbox 823 3101 855 3179; x_wconf 86' lang='grc' dir='ltr'><strong><em>ἐς</em></strong></span> <span class='ocrx_word' id='word_1_202' title='bbox 872 3095 935 3185; x_wconf 87' lang='grc' dir='ltr'><strong><em>τήν</em></strong></span> <span class='ocrx_word' id='word_1_203' title='bbox 953 3093 1051 3169; x_wconf 78' lang='grc' dir='ltr'><strong><em>ἀστε-</em></strong></span> 
     </span>
     <span class='ocr_line' id='line_1_30' title="bbox 78 3201 382 3286; baseline 0.003 -21"><span class='ocrx_word' id='word_1_204' title='bbox 78 3203 179 3286; x_wconf 88' lang='grc' dir='ltr'><strong><em>ραίαν</em></strong></span> <span class='ocrx_word' id='word_1_205' title='bbox 199 3201 382 3286; x_wconf 84' lang='grc' dir='ltr'><strong><em>δεηθήναι;</em></strong></span> 
     </span>
     <span class='ocr_line' id='line_1_31' title="bbox 48 3288 1050 3392; baseline -0.001 -20"><span class='ocrx_word' id='word_1_206' title='bbox 48 3323 61 3372; x_wconf 74' lang='grc' dir='ltr'><strong><em>ι</em></strong></span> <span class='ocrx_word' id='word_1_207' title='bbox 152 3304 198 3368; x_wconf 76' lang='grc' dir='ltr'><strong><em>Εἰ</em></strong></span> <span class='ocrx_word' id='word_1_208' title='bbox 213 3295 277 3389; x_wconf 83' lang='grc' dir='ltr'><strong><em>γάρ</em></strong></span> <span class='ocrx_word' id='word_1_209' title='bbox 297 3297 357 3390; x_wconf 89' lang='grc' dir='ltr'><strong><em>δή,</em></strong></span> <span class='ocrx_word' id='word_1_210' title='bbox 382 3291 408 3369; x_wconf 75' lang='grc' dir='ltr'><strong><em>ἀ</em></strong></span> <span class='ocrx_word' id='word_1_211' title='bbox 432 3297 570 3392; x_wconf 82' lang='grc' dir='ltr'><strong><em>ἀνδρες,</em></strong></span> <span class='ocrx_word' id='word_1_212' title='bbox 595 3294 639 3380; x_wconf 74' lang='grc' dir='ltr'><strong><em>ὡς</em></strong></span> <span class='ocrx_word' id='word_1_213' title='bbox 663 3288 761 3369; x_wconf 85' lang='grc' dir='ltr'><strong><em>ούτοί</em></strong></span> <span class='ocrx_word' id='word_1_214' title='bbox 775 3321 895 3390; x_wconf 82' lang='grc' dir='ltr'><strong><em>φασιν,</em></strong></span> <span class='ocrx_word' id='word_1_215' title='bbox 920 3303 958 3371; x_wconf 83' lang='grc' dir='ltr'><strong><em>ἐν</em></strong></span> <span class='ocrx_word' id='word_1_216' title='bbox 974 3317 1050 3382; x_wconf 87' lang='grc' dir='ltr'><strong><em>ταῖς</em></strong></span> 
     </span>
     <span class='ocr_line' id='line_1_32' title="bbox 77 3397 1049 3491; baseline 0.005 -24"><span class='ocrx_word' id='word_1_217' title='bbox 77 3401 143 3468; x_wconf 79' lang='grc' dir='ltr'><strong><em>νύν</em></strong></span> <span class='ocrx_word' id='word_1_218' title='bbox 166 3405 408 3490; x_wconf 81' lang='grc' dir='ltr'><strong><em>γεγραμμέναις</em></strong></span> <span class='ocrx_word' id='word_1_219' title='bbox 432 3398 610 3488; x_wconf 87' lang='grc' dir='ltr'><strong><em>διαθήκαις</em></strong></span> <span class='ocrx_word' id='word_1_220' title='bbox 629 3405 755 3472; x_wconf 80' lang='grc' dir='ltr'><strong><em>ἔδωκεν</em></strong></span> <span class='ocrx_word' id='word_1_221' title='bbox 779 3397 892 3482; x_wconf 78' lang='grc' dir='ltr'><strong><em>αὐτοῖς</em></strong></span> <span class='ocrx_word' id='word_1_222' title='bbox 909 3398 973 3491; x_wconf 86' lang='grc' dir='ltr'><strong><em>τήν</em></strong></span> <span class='ocrx_word' id='word_1_223' title='bbox 991 3397 1049 3472; x_wconf 87' lang='grc' dir='ltr'><strong><em>ού·</em></strong></span> 
     </span>
     <span class='ocr_line' id='line_1_33' title="bbox 76 3499 1049 3594; baseline 0.006 -26"><span class='ocrx_word' id='word_1_224' title='bbox 76 3506 170 3586; x_wconf 88' lang='grc' dir='ltr'><strong><em>σίαν,</em></strong></span> <span class='ocrx_word' id='word_1_225' title='bbox 195 3503 252 3570; x_wconf 84' lang='grc' dir='ltr'><strong><em>καὶ</em></strong></span> <span class='ocrx_word' id='word_1_226' title='bbox 268 3499 359 3579; x_wconf 81' lang='grc' dir='ltr'><strong><em>τοῦτ’</em></strong></span> <span class='ocrx_word' id='word_1_227' title='bbox 384 3499 476 3586; x_wconf 84' lang='grc' dir='ltr'><strong><em>ἀξιον</em></strong></span> <span class='ocrx_word' id='word_1_228' title='bbox 501 3501 592 3571; x_wconf 79' lang='grc' dir='ltr'><strong><em>εἷναί</em></strong></span> <span class='ocrx_word' id='word_1_229' title='bbox 605 3528 661 3590; x_wconf 91' lang='grc' dir='ltr'><strong><em>μοι</em></strong></span> <span class='ocrx_word' id='word_1_230' title='bbox 685 3506 778 3572; x_wconf 87' lang='grc' dir='ltr'><strong><em>δοκεῖ</em></strong></span> <span class='ocrx_word' id='word_1_231' title='bbox 798 3499 1003 3594; x_wconf 75' lang='grc' dir='ltr'><strong><em>θαυμάζειν,</em></strong></span> <span class='ocrx_word' id='word_1_232' title='bbox 1028 3499 1049 3574; x_wconf 81' lang='grc' dir='ltr'><em>ὅ</em></span> 
     </span>
    </p>
   </div>
   <div class='ocr_carea' id='block_1_3' title="bbox 0 0 1174 3916">
    <p class='ocr_par' dir='ltr' id='par_1_3' title="bbox 0 0 1174 3916">
     <span class='ocr_line' id='line_1_34' title="bbox 0 0 1174 3916; baseline 0 0"><span class='ocrx_word' id='word_1_233' title='bbox 0 0 1174 3916; x_wconf 95' lang='lat' dir='ltr'><strong><em> </em></strong></span> 
     </span>
    </p>
   </div>
  </div>
 </body>
</html>
