2340 3916
123 194 165 260 56
494 192 711 245 ιαιοιωιοτ

124 335 258 423 ἀγαθὸν
290 337 373 423 ε’μοῦ
407 335 623 424 ἐπαυρέσθαι.
672 338 726 403 δεῖ
755 332 820 424 γάρ
856 332 985 415 αύτούς
1021 332 1096 422 ἤτοι

125 437 380 527 ἀμαθεστάτους
399 434 485 506 εἶναι
504 437 643 505 πάντων
661 433 876 525 ἀνθρώπων,
895 431 916 523 ἢ
933 437 975 524 τῇ
994 437 1091 508 πόλει

125 541 232 628 ταύτῃ
264 538 565 627 δυσμενεστάτους.
606 543 638 607 el
666 537 730 624 μέν
761 565 800 624 γε
830 545 1004 625 νομίζουσι
1033 541 1093 627 τῆς

126 643 256 722 πόλεως
287 632 326 710 εῦ
358 638 569 729 πραττούσης
600 638 724 707 καὶτὰ
757 643 826 709 ῖδια
851 640 950 728 σφῦν
976 638 1098 710 αὐτῶν

126 742 263 832 ἀμεινων
281 737 325 810 ἀν
343 743 527 831 φέρεσθαι,
552 739 785 829 ἀμαθέστατοί
800 747 865 811 εἰσι
887 740 929 809 τά
955 742 1095 811 ἐναντία

92 878 108 926 3
126 849 193 915 νῦν
211 848 252 933 τῇ
275 845 406 914 έαυτῶν
421 841 568 935 ὠφελείᾳ
582 841 803 924 σπεύδοντες·
822 849 856 913 εἰ
870 842 909 913 δὲ
922 843 967 931 μὴ
985 841 1095 913 ταύτά

126 946 290 1036 ἡγοῦνται
308 948 403 1032 σφίσι
420 970 456 1013 τε
470 942 587 1025 αὐτοῖς
601 944 788 1034 συμφέρειν
803 946 860 1014 καὶ
874 949 922 1037 τῷ
941 943 1100 1039 ύμετέρῳ

126 1050 251 1139 κοινῷ,
268 1052 446 1133 δυσμενεῖς
460 1041 503 1114 ἀν
517 1049 558 1135 τῇ
573 1044 669 1115 πόλει
684 1044 767 1115 εἷεν·
787 1051 907 1127 οἵτινες
921 1053 1094 1134 εἰσαγγεί-

127 1148 249 1228 λαντός
280 1173 346 1234 μου
378 1145 552 1237 ἀπόρρητοι
582 1154 632 1229 εἰς
662 1147 725 1234 τὴν
755 1147 885 1236 βουλὴν
917 1150 994 1238 περὶ
1025 1151 1097 1217 τῶν

128 1248 336 1340 πραγμάτων
347 1300 357 1336 ,
383 1240 431 1317 ὧν
450 1247 748 1319 ἀποτελεσθέντων
766 1247 830 1319 ούκ
849 1250 916 1319 εἰσὶ
939 1254 982 1338 τῇ
1000 1251 1098 1319 πόλει

127 1351 235 1440 ταύτῃ
251 1358 396 1440 μειζονες
412 1349 568 1439 ὠφέλειαι
577 1403 587 1439 ,
607 1350 665 1419 καὶ
684 1349 817 1420 τούτων
831 1349 1098 1432 ἀποδεικνύντος

128 1481 194 1542 μου
218 1467 290 1533 τοῖς
320 1460 523 1541 βουλευταῖς
555 1467 675 1541 σαφεῖς
699 1478 734 1522 τε
758 1453 815 1523 καὶ
845 1460 1007 1542 βεβαίους
1034 1451 1098 1533 τάς

128 1556 333 1642 ἀποδείξεις,
358 1558 428 1625 ἐκεῖ
451 1553 515 1641 μὲν
539 1551 619 1623 οῦτε
644 1552 777 1623 τούτων
800 1558 870 1623 τάν
896 1553 1035 1644 ἀνδρῶν
1062 1559 1103 1623 οἱ

129 1655 397 1748 παραγενόμενοι
417 1656 609 1742 ἐλέγχοντες
628 1650 742 1725 οἷοίτ’
765 1646 852 1745 ἦσαν
870 1654 1046 1738 ἀποδεῖξαι
1064 1665 1102 1726 εῖ

128 1760 221 1847 τιμὴ
239 1756 353 1847 ὀρθῶς
373 1758 523 1846 ἐλέγετο,
542 1754 615 1826 οὔτ’
636 1754 738 1837 ἀλλος
756 1755 890 1845 ούδείς,
914 1757 1040 1828 ἐνθάδε
1057 1756 1099 1826 δὲ

94 1864 196 1941 ινῦν
221 1864 402 1949 πειρῶνται
427 1857 635 1947 διαβάλλειν.
672 1874 810 1947 σημεῖον
836 1849 901 1928 οῦν
925 1861 1027 1928 τοῦτο
1045 1855 1101 1927 ὅτι

130 1953 224 2031 οῦτοι
247 1961 310 2030 οῦκ
336 1958 397 2048 ἀφ’
425 1960 541 2030 αύτῶν
565 1963 674 2029 ταῦτα
691 1961 897 2049 πράττουσιν
918 1999 962 2010 -
989 1958 1105 2042 εύθδς

129 2064 195 2152 γάρ
214 2058 257 2130 ἀν
275 2063 352 2131 τότε
369 2060 593 2146 ἠναντιοῦντο
613 2101 658 2111 -
685 2060 759 2130 ἀλλ’
781 2061 840 2131 ἀπ’
862 2061 1000 2152 ἀνδρῶν
1026 2063 1101 2131 ἑτέ·

131 2191 220 2255 ρων,
238 2158 309 2233 οἶοί
324 2169 410 2232 εἰσιν
424 2167 462 2233 ἐν
479 2165 521 2253 τῇ
536 2163 632 2234 πόλει
644 2163 771 2253 ταύτῃ,
790 2163 932 2244 ούδενδς
951 2160 994 2232 ἀν
1012 2163 1101 2253 χρή·
1136 2221 1142 2231 .

130 2291 233 2353 ματος
260 2265 433 2353 δεξάμενοι
456 2263 545 2354 ύμάς
569 2293 601 2333 τι
631 2263 766 2351 ἀγαθὸν
790 2267 823 2347 ἐξ
856 2267 938 2354 ἐμοῦ
965 2266 1099 2354 πρᾶξαι.

131 2369 189 2436 καὶ
215 2365 315 2436 αύτολ
345 2366 409 2454 μέν
434 2357 530 2436 οῦτοι
555 2369 592 2436 ολ
619 2364 741 2456 ἀνδρες
764 2366 806 2437 ού
838 2367 985 2455 τολμῶσι
1010 2371 1105 2455 σφᾶς
1162 2376 1167 2387 “

132 2468 260 2549 αὐτούς
285 2475 334 2549 εἰς
357 2468 393 2537 τδ
418 2469 522 2555 μέσον
546 2468 814 2555 καταστήσαντες
838 2472 1103 2558 διισχυρίζεσθαι

132 2572 210 2661 περὶ
233 2569 385 2658 τούτων,
408 2570 617 2657 φοβούμενοι
636 2575 773 2657 ἔλεγχον
792 2570 925 2639 διδόναι
948 2580 984 2640 εῖ
995 2596 1027 2639 τι
1050 2577 1103 2651 εἰς

132 2671 222 2760 ύμάς
252 2670 460 2757 τυγχάνουσι
490 2670 535 2759 μὴ
567 2662 605 2740 εὖ
638 2674 864 2761 φρονοῦντες·
899 2672 1036 2761 ἑτέρους
1061 2672 1103 2741 δὲ

132 2773 373 2860 εἰσπέμπουσι,
396 2770 572 2852 τοιούτους
590 2771 798 2862 ἀνθρώπους
823 2768 875 2854 οἷς
896 2773 1104 2860 εδθισμένοις

132 2872 195 2962 ἤδη
231 2872 473 2958 ἀναισχυντεῖν
508 2872 611 2942 οῦδὲν
646 2876 797 2965 διαφέρει
832 2881 942 2945 εἰπεῖν
973 2901 1008 2943 τε
1043 2877 1102 2943 καὶ

98 2973 277 3056 ςάκοῦσαι
307 2975 348 3042 τά
384 2976 523 3062 μέγιστα
553 2977 623 3043 τῶν
654 2979 778 3047 κακῶν.
820 2976 858 3045 τὸ
891 2975 924 3044 δ’
959 2976 1103 3066 ἰσχυρὸν

133 3079 234 3146 τοῦτο
253 3076 360 3163 μόνον
379 3073 472 3165 εῦροι
484 3102 533 3157 τις
551 3071 594 3145 ἀν
608 3076 725 3147 αύτῦν
745 3080 782 3146 έν
799 3093 872 3159 τοῖς
891 3077 1023 3166 λόγοις,
1041 3077 1103 3159 τάς

201 3312 226 3360 3.
245 3306 340 3358 malim
357 3303 422 3370 περὶ
442 3298 617 3373 πραγμάτων
636 3309 688 3373 (ita
709 3305 806 3370 Dobr.)
830 3324 852 3360 ε.
875 3306 941 3370 περὶ
963 3301 1105 3362 τοιούτων

133 3368 316 3442 πραγμάτων.
334 3407 368 3416 -
385 3365 549 3441 ἐλέγχοντες
567 3390 633 3427 sen:
653 3368 818 3443 ἐλέγξοντες
836 3369 1017 3443 (έλέγξακτες
1042 3391 1104 3428 cum

134 3440 420 3578 Ταγιάἓῦῗχάνουσι
439 3525 499 3563 cum
517 3509 564 3560 AB
585 3510 647 3564 add.
666 3511 718 3562 Bk.
1027 3478 1037 3495 ⁹

55 3650 130 3664 *aa
