2340 3916
169 210 232 270 144
584 199 731 274 126106
1015 201 1067 254 OB.
1088 200 1133 264 11.

168 372 240 448 οῦτ’
259 365 304 445 αῦ
322 373 376 445 διά
392 378 497 445 ταῦτα
515 376 653 453 ἐκείνοις
670 389 739 454 τοῖς
756 369 960 464 προσήκουσι
976 375 1039 442 τοῦ
1054 370 1134 462 κλή-

169 507 230 569 ρου
247 474 309 547 οῦκ
327 475 524 565 ἐλάγχανον,
543 469 587 555 ὡς
601 477 682 563 ἐμοῦ
692 471 896 562 μεταδώσειν
908 468 1133 562 ὁμολογήσαν-

168 608 239 667 τος,
258 575 332 648 ἀλλ’
351 575 401 648 ὅτι
419 572 496 647 οὐδ’
516 571 630 645 ὁτιοῦν
647 569 759 656 αῦτοίς
777 573 905 644 τούτων
922 573 1132 664 τῦυχρήμά-

116 697 151 749 29
167 709 235 751 των
260 683 436 770 προσῆκεν.
482 667 522 746 εῦ
549 673 582 745 δ’
601 671 716 745 οἷδ’“
695 705 747 746 οτι
764 671 885 747 οῦδἐ
867 674 1133 804 είσυνεχρῦρρυν

167 811 213 875 τφ
203 784 334 851 παιδὶ
361 787 479 867 λαβεῖν
506 779 769 870 ἐπιδικασαμένφ
796 772 876 869 παρ’
905 779 987 866 ἐμοῦ
1002 773 1039 846 τῦ
1058 772 1133 866 ήμι-

167 880 318 974 κλήριον,
337 877 399 951 οῦκ
416 877 458 950 άν
476 906 555 949 ποτε
570 881 653 947 ταῦτ
657 874 850 966 ’ἐποίησαν
866 873 943 1000 οὐδ’
965 881 1133 967 ἐπεχείρη-

167 1005 283 1071 σαν,ε
267 978 427 1062 είδότες“
408 1008 475 1068 οτι,
500 976 538 1049 ὅτ
542 975 667 1048 ’ἐν
623 1006 665 1068 τχ
677 975 863 1104 ἀγχιστεία
868 975 931 1097 μή
930 976 1023 1059 ὄντες
1042 977 1134 1068 εἶχόν

167 1114 198 1154 τι
215 1086 283 1154 των
300 1081 345 1171 μή
358 1079 611 1173 προσηκόντων,
629 1076 720 1155 τοῦτ’
739 1075 782 1151 ἀν
798 1075 866 1151 ῦπὸ
883 1083 951 1150 τῦν
969 1078 1134 1168 ἐγγύτατα

166 1187 284 1272 γένους
303 1186 426 1274 ῥαδίως
443 1178 674 1272 ἀφῃρέθησαν.
715 1178 797 1273 ὅπερ
808 1179 877 1304 γάρ
895 1180 1134 1273 καὶπρότερον

168 1285 280 1406 εἷπογ,
307 1311 347 1353 ου
337 1280 485 1353 ’δίδωσι
503 1278 582 1372 μεθ’
601 1279 686 1372 ήμάς
712 1299 780 1363 τοῖς
798 1278 967 1406 ἡμετέροις
980 1280 1130 1353 παισὶ
1094 1311 1131 1352 το

167 1384 324 1474 παράπαν
346 1383 408 1473 τήν
434 1380 624 1507 ἀγχιστείαν
647 1379 691 1471 Ι
675 1382 840 1474 ονόμος,
855 1381 937 1453 ἀλλὰ
962 1400 1031 1464 τοῖς
1048 1380 1132 1505 πρὸς

115 1502 149 1554 30
166 1483 286 1577 μητρὸς
309 1489 371 1555 τοῦ
392 1480 655 1573 τελευτήσαντος.
685 1475 784 1605 ήκεν
806 1479 850 1555 ἀν
879 1475 942 1555 οῦν
967 1480 1020 1554 ἐπ’
1046 1481 1134 1554 αῦτά

165 1591 262 1657 τοῦτο
286 1582 385 1675 μέν’
369 1615 387 1656 ο
405 1584 569 1657 Γλαύκων
593 1580 611 1655 6
636 1589 698 1655 τοῦ
710 1580 844 1674 Ἁγνίου
868 1581 1030 1708 ἀδελφός,
1033 1583 1134 1754 ὶπρὸς

165 1683 205 1758 δν
222 1685 266 1778 μή
283 1685 333 1757 ὅτι
356 1686 501 1775 γένος
470 1715 559 1775 ειχον
582 1683 718 1775 άμειυον
743 1695 865 1775 εἰπεῖν,
889 1683 972 1756 ἀλλά
989 1715 1032 1756 κα
1033 1689 1132 1768 λε’ξω

164 1793 222 1876 τῆς
239 1786 425 1878 ἀγχιστείας
450 1783 620 1877 ἐφαίνοντ’
645 1781 688 1858 ἀν
704 1784 814 1876 ὄντες,
838 1791 935 1857 τοῦτο
954 1782 1006 1876 δ’,
1032 1794 1063 1856 εί
1083 1784 1129 1876 μή

167 1889 321 1976 ἐβούλετο
343 1879 455 2010 οῦτος,
480 1885 501 1977 6
521 1885 656 1977 Ἁγνίου
677 1883 835 1959 κάκείνου
857 1887 982 2006 μήτηρ,
1008 1892 1134 2015 προσή-

166 2018 226 2060 κον
252 1991 307 2059 καλ
334 1986 421 2079 αῦτή
436 1993 494 2077 τῆς
511 1986 696 2079 ἀγχιστείας
713 1993 775 2059 τοῦ
792 1985 895 2077 αῦτής
911 1990 1017 2077 υίέος,
1038 1984 1132 2059 ὅσθ’

165 2085 247 2159 ὁπότ
250 2086 455 2196 ’ἠγωνίζετο
472 2087 554 2179 πρὸς
570 2087 649 2171 τοῦς
661 2091 767 2212 μήδέν
784 2095 873 2178 γένει
891 2087 1132 2181 προσήκοντας,

48 2217 51 2223 ·
166 2218 321 2280 φανερως
344 2183 387 2258 ἀν
411 2188 559 2276 ἔλαβε
525 2218 562 2259 το
580 2185 776 2314 ήμικλήριογ
793 2187 873 2280 παρ’
892 2187 1005 2280 ῦμιῦν,
1032 2194 1133 2261 τοῦτο

113 2304 146 2356 31
165 2294 227 2360 τοῦ
251 2296 343 2360 δικαί
328 2298 382 2360 ίου
405 2293 461 2360 καὶ
483 2319 551 2414 τφν
574 2290 688 2380 νόμων
716 2287 804 2381 αῦτή
828 2290 1032 2362 δεδωκότων.
1073 2289 1132 2361 06-

165 2395 249 2515 κοῦν
274 2388 329 2460 διά
352 2387 449 2461 ταῦτ’
479 2387 542 2461 οῦκ
572 2390 769 2515 ἐλάγχανεν,
800 2389 863 2515 οῦχ
887 2388 931 2473 ῦς
956 2387 1002 2461 δι’
1030 2395 1046 2461 ἐ
1045 2388 1132 2513 μὲή

164 2490 243 2574 τοῦς
275 2491 399 2581 νόμους
431 2491 656 2616 κωλφόμενος,
688 2488 772 2562 ἀλλά
798 2491 920 2573 ταύτας
946 2491 1132 2582 προφάσεις

165 2591 361 2683 ποιούμενος
374 2595 428 2664 ἐπὶ
445 2592 566 2674 ταύτας
583 2590 641 2674 τάς
657 2603 883 2689 συκοφαντίας
902 2590 1078 2682 ἐλήλυθεν,
1098 2597 1132 2678 ἐξ

164 2684 214 2764 τήν
239 2692 375 2784 γραφήν
399 2693 610 2786 γραψάμενος
636 2697 691 2764 καὶ
719 2696 775 2784 ἐμὲ
802 2692 992 2783 διαβάλλων
1010 2698 1133 2779 ἐλπιζει

165 2792 315 2883 χρήματα
332 2793 500 2882 λήψεσθαι
512 2799 567 2865 καὶ
587 2796 702 2884 ἐμὲ
659 2823 717 2884 της
731 2799 907 2888 ἐπιτροπῆς
918 2792 1130 2879 ἀπαλλάξειν.

168 2897 223 2963 καὶ
241 2905 344 2964 οίεται
364 2899 480 2966 δεινοῦ
495 2923 584 2977 τινος
602 2892 725 2987 ἀνδρὸς
743 2904 841 2986 ἔργον
868 2894 1133 2988 διαπράττεσθαι

165 2993 300 3076 ταύταις
326 3012 397 3076 ταῖς
424 3012 664 3119 παρασκευαῖς,
691 2993 741 3067 ὅτι
765 2994 811 3086 μή
836 2995 1051 3088 κατορθώσας
1069 2998 1132 3087 μὲν

165 3091 266 3166 οῦδὲν
292 3092 504 3167 ἀπολείπων
530 3093 651 3185 αῦτοῦ,
681 3093 1034 3189 διαπραξάμενοςδ’
1012 3127 1033 3167 α
1050 3097 1133 3186 βοῦ-

164 3206 254 3266 λεται
273 3194 382 3266 καὶ
345 3225 386 3266 τα
402 3225 462 3267 του
450 3196 597 3280 παιδὸς
614 3195 721 3279 ἀδειῦς
738 3194 803 3286 ήδη
823 3196 1027 3289 διαφορήσει.

112 3313 146 3366 32
242 3293 391 3369 Οὐκοῦν
404 3295 445 3368 οῦ
472 3305 526 3369 δεῖ
549 3294 768 3389 προσέχειν
748 3302 834 3388 νμῦς
851 3316 920 3381 τοῖς
936 3297 1058 3370 τούτου
1076 3298 1132 3370 λῦ-

163 3427 233 3486 γοις
258 3396 318 3469 τόν
334 3401 434 3489 νοῦν,
461 3396 538 3470 οὐδ’
568 3403 769 3491 ἐπιτρέπειν,
796 3395 872 3470 οῦδ’
885 3405 1015 3485 ἐθίζειν
1042 3399 1131 3471 εἶναι

162 3496 292 3589 γραφάς
318 3490 448 3593 περί
420 3529 469 3571 ων
496 3507 583 3582 ἰδίας
610 3506 704 3582 δίκας
731 3499 820 3570 οί’
779 3529 875 3591 νομοι
898 3499 1130 3591 πεποιήκασιν.
