2340 3916
128 217 168 282 86
543 204 671 256 ΙΣΑΙΟΤ
950 264 954 276 Ι
983 202 1035 255 03.
1054 201 1083 255 6.

129 379 229 473 ,μήτε
251 377 326 450 υίδυ
349 380 592 470 Χαιρέστρατον
619 369 831 464 ἐποιήσατο;”
860 369 975 454 οδςδ
934 401 996 461 μυ
1018 373 1084 464 γάρ

127 511 177 563 τις
199 482 411 572 παρεγένετο,
436 485 582 601 δίκαιρν,
608 490 634 546 6
622 466 788 566 ἄνδρες,
812 489 1085 599 μαρτυρειυ,ος
1033 472 1085 556 οἷς

130 581 229 671 δδμή
246 582 442 704 πριρεγίνετο
465 574 539 648 ἄλλ’
563 575 686 665 ήκουσί
705 603 811 664 τινος,
835 570 938 662 ἀκοήν
961 603 1084 665 μαρτυ-

76 703 111 756 04
128 698 217 774 ρεῑυ·
243 678 286 804 σή
313 677 347 752 δ’
365 677 406 751 06
432 675 696 770 παραγενόμενος
719 674 902 798 διαρρήδην
920 675 1084 766 μεμαρτύ-

130 809 232 874 ρηκας
258 777 302 862 ὦς
327 777 368 852 06
396 782 525 851 διέθετο
552 775 785 866 Φιλοκτήμοιν,
811 771 884 845 ἀλλ’
902 772 1001 855 ἅπαις
1020 779 1085 846 ἐτε-

129 883 277 972 λεήτησε.
329 888 435 951 καίτοι
469 882 538 959 πῶς
563 875 695 947 οἷόντε
722 865 924 966 είδίναι,
896 904 922 945 6
948 873 1086 967 ἄνδρες,

130 980 245 1073 ὅμοιον
260 978 324 1072 γὰρ
342 977 453 1102 ὥσπερ
470 974 513 1049 66
531 985 560 1048 εί
576 985 659 1067 φαίη
679 1005 694 1047 ε
696 981 818 1066 δέναι,
846 974 960 1046 καὶ
919 1005 963 1099 μή
981 1003 1086 1068 παρα·

128 1080 321 1171 γενόμενος,
344 1076 406 1150 ὅσα
426 1075 520 1168 ὑμεῖς
543 1077 662 1158 πάντες
685 1076 850 1169 πράττετε.
892 1073 932 1146 06
956 1074 1019 1165 γὰρ
1045 1076 1087 1165 δή

26 1229 32 1240 s
128 1179 226 1252 τοῦτό
251 1207 289 1268 γε
316 1183 401 1271 ἐρεῖ,
428 1188 545 1270 καίπερ
571 1175 787 1268 ἀναίσχυντος
831 1175 895 1267 66,
923 1173 967 1257 ὥς
984 1174 1087 1247 ἅπασι

128 1283 329 1373 παρεγένετο
352 1282 407 1350 καὶ
431 1276 530 1350 πάντ’
554 1279 648 1349 οἶδεν
671 1274 733 1349 ὅσα
751 1275 968 1366 Φιλοκτήμων
986 1281 1023 1347 ἐν
1040 1283 1089 1371 τῷ

76 1405 110 1457 55
128 1389 192 1474 βίρι
212 1378 415 1471 διεπράξατο.
442 1376 651 1471 παντοινγδιρ
669 1376 772 1449 αὐτὸν
790 1383 914 1458 ἐκεῖνος
932 1385 1087 1468 ἔχθιστον

65 1554 68 1558 ,
128 1480 255 1571 ἐνόμιζε
283 1479 337 1551 δια’
361 1508 398 1550 τε
422 1478 484 1567 τήν
509 1477 612 1568 ἄλλην
638 1487 817 1570 πονηρίαν,
844 1482 899 1551 καὶ
917 1477 1002 1549 διότι
1018 1483 1087 1550 τῶν

128 1584 302 1670 συγγευοῖυ
324 1579 422 1670 μόνος
446 1578 527 1669 μετὰ
549 1583 605 1667 τής
625 1577 738 1668 Ἀλκής
763 1584 890 1668 ἐκείνης
906 1577 1012 1672 τούτῳ
1030 1581 1087 1648 καὶ

7 1723 11 1730 1
57 1742 65 1756 .
127 1699 196 1762 τοῖς
222 1678 332 1761 ἄλλοις
358 1679 661 1768 συνεπιβουλευσας
692 1696 759 1760 τοῖς
789 1684 850 1751 τοῦ
874 1676 1087 1768 Εὐκτήμονος

128 1781 270 1875 χρήμασι
286 1783 422 1851 τοιαῦτα
440 1780 651 1872 διεπράξατο,
675 1777 729 1851 οἷά
746 1807 807 1872 περ
823 1776 905 1870 ὑμίν
921 1776 1086 1863 ἀπέδειξα

77 1908 112 1961 56
205 1880 349 1952 Πάντων
377 1881 414 1952 δὲ
439 1880 580 2000 666006
605 1878 833 1970 ἆγανακτήσαί
862 1885 950 1950 ἐστιν
981 1877 1087 1970 ἄξιον,

128 1979 209 2053 ὅταν
226 1971 319 2054 οὖτοι
336 1986 561 2073 καταχρῶνται
584 1987 631 2104 τρῖ
648 1978 859 2071 Εὐκτήμονος
876 1977 1023 2070 ὀνόματι,
1040 1983 1090 2073 τῷ

128 2083 224 2151 τονδὶ
250 2079 382 2174 πάππῳ.
429 2089 460 2151 εί
483 2081 563 2173 γάρ,
591 2077 635 2162 οἱς
660 2109 753 2152 ουτοι
778 2084 927 2205 λέγρυσι,
953 2085 1001 2172 τῷ
1026 2082 1090 2169 μὲν

130 2178 350 2269 Φιλοκτήμουι
368 2209 412 2269 μη
402 2178 508 2268 ἐξῆν
526 2183 721 2271 διαθέσθαι,
747 2209 806 2251 του
794 2177 857 2250 δ’
876 2150 1089 2304 E666660669

130 2275 248 2350 ίστιυὸ
267 2283 403 2370 κλήρος,
421 2279 562 2372 πότερον
576 2280 843 2372 δικαιότερον
796 2311 863 2351 των
875 2278 1089 2370 Εὐκτήμονος

128 2389 346 2471 κληρονομεῖν
362 2376 420 2463 τὰς
439 2384 568 2453 ἐκείνου
590 2385 792 2472 θυγατέρας,
817 2377 1090 2505 ὁμρλογουμίνως

127 2478 229 2561 οὔσας
254 2488 409 2603 γνησίας,
433 2483 438 2571 l
462 2485 517 2552 και
505 2477 627 2604 ιήμᾶς
651 2478 728 2562 τοδς
752 2486 788 2551 ἐκ
810 2482 938 2552 τούτων
935 2479 1089 2604 γεγονή·

77 2593 110 2645 57
126 2610 201 2669 τας,
220 2575 443 2668 ήτοδςοδδδν
456 2581 697 2705 προσήκοντας;
688 2579 798 2653 σίου
809 2611 912 2672 μονον
924 2576 981 2669 ὑφ’
993 2577 1091 2670 ήμῶν

130 2685 332 2771 ἐλέγχονται,
360 2677 443 2752 ἄλλα
468 2687 524 2753 καὶ
551 2673 649 2766 ίξοδυ
666 2680 760 2753 αὐτοὶ
778 2711 810 2753 οι
802 2686 997 2773 ’ἐπίτροποι
1017 2688 1090 2751 δια-

128 2784 353 2871 πεπραγμένοι
379 2789 451 2851 εί.σί
495 2787 592 2853 τοῦτο
606 2780 681 2905 γὰρ
703 2779 798 2873 ὁμοῖν
817 2786 931 2873 δέομαι
949 2785 1004 2852 και
1024 2787 1091 2851 ίκε-

127 2879 214 2951 τεύω
227 2878 358 2970 σφόδρα
368 2886 572 2971 μεμνήσθαι,
592 2912 617 2952 ω
606 2875 807 2975 Ηᾶνδρες,
789 2910 871 2975 οπερ
888 2880 989 2976 ὀλίγῳ
1009 2881 1091 2972 πρό-

127 3008 225 3071 τερον
242 2975 434 3063 ἀπέδειξα
413 2999 512 3072 υμῖν,
530 2980 580 3053 ὅτι
595 2980 792 3076 Ἀνδροκλῆς
803 2980 915 3055 οὑτοσί
926 2986 1009 3106 φρσδ
1022 2983 1091 3106 μὲν

129 3079 216 3150 εἶναι
243 3080 482 3171 ἐπίτροπος’
440 3087 552 3154 αυτοῐν
569 3079 613 3166 ὥς
629 3083 736 3156 ὅντων
752 3092 900 3173 γνησίων
917 3080 1090 3206 E666660

128 3208 203 3269 νος,
222 3186 332 3270 εἴληχε
349 3177 382 3250 δ
407 3180 517 3266 αὐτὸς
530 3188 638 3278 ἑαυτῷ
654 3213 713 3255 του
701 3182 944 3275 Εὐκτήμονος
962 3183 1090 3275 κλήρου

61 3330 66 3339 ,
128 3284 185 3352 καὶ
210 3283 268 3369 τής
294 3283 461 3373 θνγατρδς
487 3281 592 3356 αυτοῦ
616 3280 660 3366 ὥς
686 3283 786 3374 οὔσης
813 3284 1005 3377 ἐπικλήρου
1033 3287 1091 3354 καὶ

77 3400 112 3452 08
127 3385 231 3451 ταῦτα
252 3380 503 3509 μεμαρτύρηται
515 3381 606 3475 ὗμιν.
641 3393 748 3456 καίτοι
764 3388 834 3466 πῶς
851 3383 892 3456 06
912 3385 1042 3474 δεινόν,
1060 3375 1090 3454 6

129 3479 265 3572 ἄνδρες,
289 3479 371 3572 πρδς
387 3489 480 3556 θεοῖν
494 3483 698 3577 Ὀλυμπίων,
717 3480 754 3556 εί
763 3487 824 3576 μὲν
841 3492 877 3557 oc
889 3489 1006 3568 παῖδές
1025 3513 1040 3554 ε
1042 3492 1088 3556 σι
