2340 3916
409 196 495 243 vrri
516 196 719 247 nrrnmnrs.
933 181 1054 247 XXIX

79 352 251 436 κρινομένῃ
275 349 484 431 ευνεξητάεθη
499 399 644 416 .......
658 370 665 384 ·
687 351 786 418 αύτὸε
807 353 870 430 γὰρ
891 355 989 417 τοῦτο
1013 349 1049 417 ἐν

80 439 163 523 ἀρχῇ
190 441 249 503 τοῦ
277 436 379 513 λόγου
406 438 514 516 δηλοῖ·
542 436 718 516 μελλούτηε
746 436 776 501 δ’
802 436 901 514 αύτῆε
928 436 1049 502 ἁλίεκε-

80 531 161 606 (θαι,
183 522 382 602 παραγαγὼν
405 521 450 586 εἰε
465 521 560 600 μέεον
579 522 632 586 καὶ
645 523 835 601 περιρρῆξαι
850 523 908 602 τὴν
924 521 1048 607 έεῦῆτα,

80 610 221 676 ἐπέδειξε
248 609 289 673 τὰ
316 606 430 686 ετέρνα
451 610 507 685 τῆτ
529 607 694 690 γυναικάε,
721 607 773 672 καὶ
798 613 864 672 τῶν
893 610 1049 673 δικαετιῦν
1118 662 1123 673 .

80 695 125 761 εἰ(
152 694 191 759 τό
220 691 339 758 κάλλοε
373 691 558 758 ἀπιδόντων
595 691 720 774 ἀφείθη.
760 728 799 737 -
832 693 985 758 ευνετίθει
1013 694 1049 757 δέ
1068 704 1100 755 19

79 780 179 858 ἡευχῆ
201 780 282 843 κατὰ
302 781 361 842 τοῦ
376 776 607 857 Δημοεῦένουε
629 777 818 860 ἐγκλήματα,
842 777 888 844 ibe
909 777 960 842 καὶ
978 798 1048 857 φω-

81 867 230 944 ραθῆναι·
259 866 437 929 νοεοῦντοε
463 864 526 943 γὰρ
552 865 612 929 τοῦ
641 862 829 941 Ὑπερείδου
856 862 978 942 ἥκοντα
1006 861 1050 929 εἰ(

79 950 138 1027 τὴν
162 946 264 1014 οἰκίαν
286 948 345 1014 τὸν
367 947 570 1031 Δημοεῦένη,
593 949 640 1014 ὼε
661 948 932 1031 έπιεκεψόμενον,
955 968 1049 1013 κατα-

80 1037 192 1116 λαβεῖν
219 1033 398 1113 κατέχοντα
425 1034 462 1098 τὸ
490 1035 564 1098 καθ’
593 1032 693 1099 αὑτοῦ
716 1035 852 1116 βιβλίον’
880 1033 998 1100 τούτου
1022 1031 1050 1098 δ’

82 1119 344 1196 ἀγανακτοῦντα(
372 1117 457 1183 εἷπε·
486 1118 608 1201 ,,Φίλον
637 1120 694 1198 μὲν
722 1118 803 1185 ὄντα
828 1118 925 1184 οὐδέν
948 1119 1049 1197 λυπή-

81 1225 137 1287 εει,
161 1203 279 1284 ἐχθρὸν
303 1205 339 1269 δέ
360 1203 539 1283 γενόμενον
561 1205 696 1269 κωλύεει
723 1226 752 1269 τι
773 1204 846 1269 κατ’
868 1204 947 1284 ἐμοῦ
969 1207 1050 1283 πρᾶ-

80 1289 164 1357 ξαι.“
190 1325 232 1335 -
259 1288 441 1370 ἐψηφίεατο
468 1290 504 1353 δέ
531 1289 582 1355 καὶ
608 1290 699 1368 τιμὰ(
726 1289 809 1374 Ἰόλᾳ
830 1295 877 1374 τῷ
900 1293 1051 1354 δοκοῦντι
1067 1298 1101 1350 20

80 1374 280 1458 Ἀλεξάνδρῳ
307 1375 345 1439 τό
374 1373 545 1456 φάρμακον
574 1378 697 1440 δοῦναι.
726 1411 765 1420 -
796 1375 989 1453 ἐκοινώνηεε
1014 1375 1051 1440 δ“ε
1067 1385 1100 1435 21

80 1461 133 1523 καὶ
158 1459 336 1525 Λεωεθένει
362 1463 422 1525 τοῦ
449 1459 612 1540 Λαμιακοῦ
640 1462 803 1542 πολέμου,
829 1460 881 1525 καὶ
907 1460 960 1524 ἐπὶ
981 1463 1051 1525 rote

80 1683 131 1733 335
151 1685 179 1731 et
196 1683 246 1733 338
264 1682 322 1742 W.;
346 1681 441 1745 Quint.
459 1683 500 1744 11,
521 1683 567 1746 15,
586 1684 610 1734 9.
647 1679 703 1732 Sed
726 1695 798 1746 quae
820 1679 850 1729 hi
869 1679 1049 1746 Hyperidem,

82 1748 179 1799 eedem
199 1748 250 1799 elii
268 1747 365 1810 (schol.
383 1749 476 1800 Herm.
493 1748 557 1813 VII,
577 1751 592 1800 7
610 1749 666 1805 W.;
683 1749 763 1800 Sext.
782 1747 860 1813 Emp.
881 1747 943 1801 adv.
962 1748 1049 1798 math.

80 1815 118 1878 11,
137 1815 192 1878 54)
210 1815 341 1880 Phrynen
358 1816 448 1880 ipsam
466 1816 567 1866 fecisse
585 1815 708 1874 tradunt,
727 1831 762 1865 ac
779 1815 982 1866 dubitationem
994 1832 1050 1866 mo-

80 1888 147 1935 vent
169 1887 317 1948 praeterea
335 1899 395 1933 eum
419 1899 465 1943 aa,
494 1898 567 1948 quae
589 1882 745 1935 Athenaeus
767 1883 923 1935 narrationi
949 1884 1051 1935 subicit

81 1950 138 2012 (καὶ
161 1948 311 2014 ἀφεθείεηε
335 1948 445 2016 ἐγράφη
470 1949 541 2014 μετὰ
563 1953 655 2002 ταῦτα
673 1949 815 2015 ψήφιεμα,
841 1949 948 2016 μηδένα
966 1947 1050 2004 οἰκτί-

80 2020 172 2072 Ζεεθαι
189 2021 250 2069 τῶν
268 2017 416 2080 λεγόντων
433 2017 506 2083 ύπέρ
523 2033 615 2083 τινος,
640 2017 709 2083 μηδὲ
732 2018 910 2081 βλεπόμενον
931 2017 985 2071 τόν
1003 2033 1050 2071 κα-

79 2085 294 2152 τηγορούμενον
312 2085 330 2150 ἢ
343 2086 398 2151 τὴν
410 2085 661 2152 κατηγορουμένην
674 2083 824 2150 spuerent
844 2114 876 2124 -
895 2087 965 2138 haee
977 2088 1052 2138 enim
1152 2104 1155 2109 ·

80 2157 162 2207 nimis
185 2154 361 2206 incredibilia
384 2160 448 2206 sunt
469 2160 583 2205 -tum
607 2155 752 2221 Posidippi
774 2154 872 2206 comici
888 2170 987 2206 versus
1005 2172 1050 2221 ap.

80 2224 143 2274 Ath
162 2226 211 2275 591
230 2225 266 2283 E,
291 2224 391 2288 quibus
414 2222 448 2274 de
466 2221 516 2274 illo
539 2222 641 2274 iudicio
658 2223 742 2289 longe
761 2223 872 2275 diversa
889 2228 1050 2274 nouantur:

81 2290 178 2356 Φρύνη
197 2290 254 2356 πρὸ
272 2289 355 2353 ἡμῶν
377 2289 496 2354 γέγονεν
519 2290 730 2355 έπιφανεετάτη
749 2290 823 2343 πολύ
840 2294 902 2343 τῶν
919 2291 1051 2356 ἑταιρῶν·

81 2360 127 2410 καὶ
144 2358 199 2423 γάρ
218 2357 243 2411 εἰ
260 2357 387 2425 νεωτέρα
403 2361 466 2410 τῶν
483 2358 552 2412 τότε
570 2358 684 2424 χρόνων
702 2357 744 2423 εἴ,
762 2357 814 2410 τόν
832 2357 860 2421 γ’
877 2357 967 2421 ἀγῶν’
984 2357 1051 2423 ἀκή-

80 2441 157 2479 κοαε.
187 2425 322 2489 βλάπτειν
334 2427 456 2479 δοκοῦεα
466 2426 535 2478 τούε
548 2424 623 2489 βίουε
637 2424 745 2490 μεὶΖουε
758 2424 860 2488 βλάβα(
871 2425 926 2490 τὴν
938 2423 1052 2489 ἡλιαίαν

81 2493 142 2557 εἶχε
159 2492 223 2557 περὶ
240 2496 292 2545 τοῦ
306 2493 444 2558 τώματοε,
463 2493 510 2545 καὶ
525 2496 586 2545 τιῦν
598 2494 738 2546 δικαετιῦν
750 2494 813 2546 καθ’
824 2492 874 2544 ἕνα
887 2492 1050 2558 δεξιουμένη

82 2560 153 2625 μετὰ
175 2560 308 2624 δακρύων
330 2560 443 2613 διέεωεε
466 2561 521 2625 τὴν
543 2561 638 2626 ψυχὴν
665 2559 752 2624 μόλιτ.
776 2588 809 2597 -
835 2566 958 2613 osterum
979 2563 1052 2612 Her-

80 2630 205 2694 mippum
222 2643 280 2679 rem
298 2630 428 2694 attigisse
447 2633 566 2694 apparet
585 2644 619 2680 ex
636 2629 700 2684 Ath.
718 2629 787 2680 XIII
805 2631 855 2680 590
872 2631 907 2680 D.
924 2656 958 2666 -
975 2631 991 2690 ἕ
1010 2631 1051 2681 le.

81 2699 180 2748 merito
192 2696 257 2746 hqu
269 2697 497 2748 narratiunculae
510 2696 590 2748 fidem
602 2697 720 2764 derogat
732 2697 876 2748 Scheefer.
887 2697 939 2760 III,
953 2698 1012 2760 elo,
1027 2699 1050 2750 1.

81 2794 116 2802 -
132 2766 147 2827 β
165 2767 208 2816 20.
227 2780 242 2814 e
261 2764 379 2816 rhetoris
398 2764 541 2816 cuiusdam
559 2764 663 2832 μελέτῃ
677 2766 868 2831 depromptum
881 2780 943 2816 esse
955 2766 1052 2817 Kiess·

82 2835 142 2899 ling
164 2834 231 2899 Lye.
255 2832 310 2898 frg.
333 2849 360 2898 p.
379 2835 428 2884 147
452 2837 481 2884 et
498 2833 634 2885 Schaefer
650 2832 706 2896 ΙΙΙ,
726 2835 788 2892 322,
808 2836 822 2883 1
841 2832 992 2884 affirmant.
1018 2866 1052 2874 -

84 2904 159 2964 521.
179 2901 252 2951 Plut.
273 2901 307 2950 de
327 2902 392 2955 frat.
412 2916 464 2951 am.
483 2904 527 2952 15:
552 2898 579 2952 ot
601 2899 632 2952 δέ
653 2898 720 2964 βίοι(
742 2898 884 2966 χρώμενοι
906 2899 1051 2966 διαφόροιτ

83 3001 116 3010 -
134 2971 313 3034 curreretur
331 2967 464 3034 ἀλλήλοιε
482 2969 598 3032 μᾶλλον,
618 2968 658 3021 ωε
680 2996 709 3006 -
736 2967 784 3021 καὶ
805 2968 845 3022 Ὑ.
864 2968 910 3021 καλ
928 2968 1052 3021 Λεωεθέ-

83 3050 143 3100 νηε,
161 3035 189 3090 οἱ
207 3036 259 3101 μέν
277 3035 408 3100 λέγοντες
427 3035 519 3102 ἐντῷ
537 3035 618 3103 δήμῳ
631 3035 678 3089 καὶ
693 3036 864 3102 γράφοντες,
883 3035 910 3089 οἱ
928 3037 959 3089 δὲ
972 3051 1051 3103 croc-

83 3106 240 3169 πηγοῦντετ
262 3105 309 3157 καὶ
333 3102 517 3169 πράττοντες.
557 3105 632 3156 Plut.
656 3105 740 3158 Phoc.
764 3109 805 3160 23.
841 3106 963 3172 Dexipp.
983 3106 1052 3158 fat

83 3174 145 3235 (III,
164 3176 214 3225 669
231 3190 273 3239 sq.
291 3174 418 3238 Miller),
438 3175 485 3240 qui
501 3173 673 3240 Hyperidem
691 3173 867 3236 suadentem,
886 3174 1051 3225 Phocionem

83 3241 290 3293 dissuadentem
307 3241 411 3293 bellum
429 3242 590 3293 introduxit.
609 3267 644 3279 ·-
661 3241 742 3293 Diod.
760 3241 863 3306 XVIII,
884 3243 928 3293 13:
948 3239 1052 3305 ταφέν-

82 3323 132 3361 τοε
151 3307 354 3374 (Λεωεθένουε)
376 3308 509 3375 ἡρωϊκιῦε
536 3308 579 3361 διὰ
601 3309 656 3374 τὴν
679 3307 711 3362 ἐν
732 3313 776 3376 τῷ
795 3307 913 3375 πολέμῳ
931 3307 1017 3363 δόξαν
1035 3309 1052 3362 ό

83 3376 134 3440 μὲν
151 3377 239 3442 δῆμος
251 3381 313 3428 τιῦν
331 3376 556 3443 Ἀθηναίωντὸν
569 3375 721 3442 ἐπιτάφιον
733 3377 852 3430 έπαινον
865 3374 956 3429 εἰπεῖν
968 3390 1053 3443 προε-

84 3443 182 3498 έταξεν
205 3444 353 3513 Ὑπερείδῃ
376 3449 419 3511 τῷ
443 3446 622 3512 πρωτεύοντι
644 3447 706 3498 τῶν
727 3445 862 3512 ῥητόρων
880 3449 919 3512 τη
935 3448 987 3498 τοῦ
1007 3444 1053 3496 λό-

82 3526 136 3575 γου
153 3511 296 3580 δεινότητι
314 3513 360 3566 καὶ
377 3517 413 3582 τῇ
432 3514 505 3568 κατὰ
520 3518 583 3568 τύιν
602 3513 781 3569 Μακεδόνων
800 3511 1025 3578 meorumnam·
1039 3530 1075 3541 -
