2340 3916
143 186 186 250 64
520 184 733 237 Δωωκεκον

143 361 278 435 τρεγεν,
302 350 460 431 φείσεσθε
483 346 545 413 τού
562 346 700 425 Ιτοιαῦτα
724 345 1031 433 διαπεπραγμένον,
1055 348 1113 415 καὶ

143 450 181 521 τὸ
201 453 304 541 πέρας
322 458 452 538 ἔχοντες
475 447 633 520 ἀπάντων
650 452 719 518 τών
742 451 779 518 ἐν
796 452 837 539 τῇ
855 449 950 519 πόλει
969 456 1115 522 δικαίων

144 556 355 649 ἀτιμώρητον
373 554 517 646 ἀφήσετε
535 555 595 626 τὸν
610 555 804 646 δωροδόκον
818 557 874 624 καὶ
888 557 1025 627 πάντων
1043 563 1115 628 τών

145 666 377 753 γεγενημένων
395 667 507 733 κανών
526 671 644 749 αίτιον,
663 660 711 749 ὅς,
730 659 812 752 ὅπερ
831 665 886 731 καί
905 669 1011 757 μικρῷ
1030 666 1115 756 πρό·

144 799 241 862 τερον
260 769 370 856 εἶπον,
393 770 496 858 μόνος
512 772 581 838 τών
604 771 764 859 πονηρῶν
786 768 922 838 πόντων
940 776 1026 861 τρίς,
1049 768 1117 861 οὐχ

145 876 242 966 ἀπαξ,
271 874 517 965 ἀποπέφανται,
545 871 609 944 κάν
631 877 703 966 τρὶς
724 872 791 965 ήδη
816 880 954 959 δικαίως
975 880 1116 968 ἐζημιω-

96 998 128 1048 17
145 986 244 1072 μένος
271 983 410 1074 θανάτφ
438 980 521 1051 κατά
553 980 590 1051 τὸ
621 985 743 1052 ἑαυτοῦ
770 982 935 1071 ψήφισμα.
983 991 1020 1053 τί
1035 977 1118 1056 ,οὖν

145 1089 349 1178 ἀναμενεῖτε,
368 1081 393 1159 ἀ
410 1085 599 1177 Ἀθηναῖοι;
618 1090 674 1158 καλ
692 1103 772 1158 ποῖα
787 1085 973 1180 ἀδικήματα
993 1099 1118 1180 ζητεῖτε

147 1200 241 1285 ἔτερα
259 1203 357 1283 μείζω
376 1197 445 1264 τών
464 1197 648 1285 εἰρημένων
666 1192 823 1276 ἀκοῦσαι;
848 1192 910 1283 ούχ
928 1193 1023 1285 ὑμεῖς
1042 1201 1117 1269 έστε

145 1303 201 1370 καί
220 1306 256 1370 οί
270 1298 423 1392 ὑμέτεροι
441 1302 603 1392 πρόγονοι
622 1306 657 1371 οί
676 1303 830 1395 Τιμοθέῳ
849 1304 1119 1393 Πελοπόννησον

144 1407 400 1499 περιπλεύσαντι
419 1409 475 1476 καί
493 1408 555 1496 τήν
573 1411 611 1476 έν
628 1409 784 1499 Κερκύρᾳ
802 1417 992 1498 ναυμαχίαν
1006 1419 1117 1482 Λακε-

147 1520 344 1603 δαιμονίους
371 1514 545 1604 νικήσαντι
575 1516 631 1583 καὶ
657 1514 818 1596 Κόνωνος
850 1520 920 1585 υἱεῖ
944 1520 1006 1587 τοῦ
1034 1516 1119 1602 τοὺς

138 1619 300 1710 Ἕλληνας
332 1620 622 1711 ἐλευθερώσαντος
652 1623 708 1690 καὶ
736 1621 855 1709 Σοίμον
887 1622 1026 1710 λαβόντι
1058 1628 1118 1694 καὶ

145 1729 320 1818 Μεθώνην
338 1731 394 1798 καὶ
412 1726 556 1800 Πύδναν
574 1729 630 1798 καὶ
649 1733 835 1797 Ποτίδαιαν
858 1731 914 1796 καὶ
932 1727 1016 1820 πρὸς
1035 1733 1118 1801 ταύ-

145 1863 217 1918 ταις
246 1839 358 1928 έτέρας
385 1846 490 1908 είκοσι
512 1834 637 1924 πόλεις,
661 1831 763 1905 ούδδν
785 1834 915 1904 τούτων
942 1831 1120 1924 ὑπόλογον

146 1943 382 2032 ποιησάμενοι,
405 1941 486 2014 οὐδὲ
509 1947 567 2033 τής
589 1943 663 2013 τότε
690 1941 874 2030 ἐνεστώσης
895 1947 1036 2031 κρίσεως
1059 1948 1120 2014 καὶ

147 2052 215 2118 τών
238 2048 350 2140 ὅρκων
374 2047 434 2134 οὓς
458 2047 667 2142 ὀμωμοκότες
690 2049 806 2138 φέρετε
827 2045 889 2136 τήν
911 2051 1030 2137 φήφον
1055 2048 1119 2120 ἀν-

146 2157 460 2246 τικαταλλαξάμενοι
491 2156 550 2238 τδις
576 2154 774 2244 τηλικαύτας
801 2150 1004 2242 εὐεργεσίας,
1039 2155 1117 2228 ἀλλ’

148 2260 266 2331 ἑκατὸν
297 2265 470 2334 ταλάντων
505 2261 716 2350 τιμήσαντες,
748 2256 799 2326 ότι
830 2257 971 2347 χρήματ’
1007 2261 1121 2334 αύτδν

144 2365 352 2459 Ἀριστοφῶν
375 2379 440 2461 ἔφη
464 2368 553 2460 παρὰ
572 2374 665 2436 Χίων
689 2367 859 2451 εἰληφέναι
881 2364 937 2432 καὶ
957 2359 1120 2455 Ῥοδίων;

97 2502 129 2552 18
146 2474 206 2544 τὸν
231 2477 268 2545 δὲ
291 2477 413 2568 μιαρὸν
436 2477 621 2568 ἀνθρώπον
644 2475 699 2543 καὶ
717 2470 901 2561 προδότην,
924 2464 965 2537 ὃν
984 2468 1048 2560 ούχ
1069 2473 1121 2560 εἷς

147 2579 234 2673 ἀνήρ
262 2580 346 2653 ἀλλά
373 2589 463 2654 πάσα
486 2580 506 2674 ή
532 2585 565 2665 ἐξ
590 2579 719 2672 Ἀρείον
746 2578 856 2666 πάγον
883 2575 989 2667 βουλή
1020 2585 1118 2672 ζητή-

148 2708 234 2756 σασα
258 2686 473 2778 ἀποπέφαγκε
495 2685 633 2781 χρήματ’
659 2695 746 2777 έχειν
763 2683 843 2756 καθ’
864 2680 975 2774 ὑμῶν,
999 2682 1036 2766 ὃς
1057 2688 1117 2758 ού-

147 2889 270 2942 τοιαύτοι
288 2893 337 2943 NA
356 2895 420 2946 Bk:
440 2887 476 2946 τά
495 2893 624 2948 τοιαῦτα.
642 2922 676 2931 -
700 2887 837 2948 ἁπάντων
855 2889 913 2943 τῶν
929 2883 961 2943 έν
980 2890 1014 2958 τῇ
1031 2888 1118 2948 πόλει

147 2957 171 3009 N
189 2959 255 3012 Mn:
273 2958 330 3010 τῶν
348 2953 380 3011 έν
398 2960 432 3026 τῇ
450 2954 534 3014 πόλει
552 2955 698 3014 ἁπάντων.
717 2989 748 2998 -
767 2947 822 3011 κάν
842 2957 881 3036 Βμ
900 2956 959 3010 καί.

217 3028 256 3076 17.
293 3018 345 3093 ούχ
368 3019 452 3092 ὑμεῖς
474 3021 544 3094 κτλ]
568 3031 652 3096 cf.1‚
673 3033 713 3083 14.
740 3056 774 3066 -
798 3028 955 3078 πλεύσαντι
978 3026 1002 3077 Α
1024 3027 1116 3092 (teste

147 3090 211 3158 Bk.)
228 3093 327 3144 BLZM
339 3095 438 3146 Ald.-
461 3088 553 3165 νικήσ.
567 3100 639 3154 Αακ.
649 3113 689 3151 or.
700 3100 722 3148 l.
734 3123 766 3132 -
785 3093 837 3146 τοῦ
856 3099 920 3145 καῖε
939 3088 1007 3155 τούς
1026 3113 1079 3149 om.
1090 3096 1123 3151 N'

149 3165 178 3211 et
190 3161 261 3227 γωδ
272 3162 360 3217 τοτε).
368 3189 401 3198 -
413 3155 517 3216 έλενθε
537 3159 642 3218 ω’σοιντι
659 3165 683 3216 N
695 3169 724 3217 et
733 3161 805 3230 pr.A
816 3160 905 3213 eorr.².
919 3190 952 3198 —
966 3160 1116 3229 λαβόντιΝ

149 3237 177 3280 et
186 3231 258 3295 μή
269 3229 350 3282 νοντ’
361 3231 452 3282 Tum
465 3231 602 3300 λαβοντος
613 3233 697 3297 (sicut
708 3236 731 3295 1,
740 3233 771 3282 14
782 3230 848 3281 libri
857 3231 975 3297 omnes).
983 3258 1015 3268 —
1025 3225 1114 3286 ούδδν

148 3291 268 3364 τούτων]
285 3291 337 3351 ούκ
350 3315 389 3348 or.
399 3299 422 3349 I.
433 3331 465 3339 -
483 3299 534 3353 καλ
546 3299 613 3367 τῶν]
634 3291 705 3354 ούδδ
717 3297 773 3350 τῶν
792 3313 830 3349 οε.
840 3299 862 3349 Ι.
874 3325 907 3336 -
950 3296 1028 3366 έρετε
1040 3301 1114 3352 ΝΑΒ

148 3365 210 3419 Bk:
225 3359 342 3434 ἐφέρετε
361 3366 446 3429 (sieut
465 3374 555 3420 exstat
572 3385 610 3420 or.
629 3368 660 3431 1).
679 3395 712 3404 -
731 3357 906 3448 εύηργεαιζοις]
925 3316 1062 3434 δργασίας
1080 3371 1114 3424 N.

217 3436 258 3486 18.
296 3426 460 3503 ἀνθρώπων
474 3437 690 3503 pr.A001·r.².-
707 3451 751 3488 vv.
769 3451 804 3488 ον
827 3450 879 3503 ονχ
890 3463 923 3472 -
939 3428 1014 3488 καθ’
1033 3429 1114 3502 ὑμῶν

148 3504 216 3552 item
233 3502 361 3568 leguntur
379 3505 401 3567 1,
421 3506 460 3556 15.
478 3531 511 3541 -
