2340 3916
267 245 387 301 ΠΕΡΙ
405 244 839 303 ΠΑΡΑΠΡΕΣΒΕΙΑΣ.
965 240 1026 304 103

76 414 264 491 μιμεῖσθαι,
288 402 311 491 ἢ
329 403 443 473 συκαῖ
460 407 495 469 οῖ
508 399 589 486 μετά
601 409 663 468 σοῦ
674 402 912 488 συνεστηκότες
921 404 974 471 ἐπὶ
985 401 1027 469 τά

20 498 36 513 ”
77 502 254 580 κοινάςκαὶ
267 502 407 586 πότερον
417 493 461 587 ἦν
472 496 699 586 ἀσφαλεστέρα
710 502 764 568 καὶ
775 506 919 568 καλλίων
928 499 1027 586 Ἀθη-

77 611 182 679 ναίοις
199 600 219 689 ἡ
237 606 363 684 ἔξοδος,
384 598 483 687 ἡνίκα
499 599 646 686 ἤκμαζον
662 604 700 668 ἐν
716 607 756 687 τῇ
774 608 876 689 μανίη
888 606 1025 686 Φωκεῖς,

76 704 261 786 ἐπολέμουν
271 702 308 768 δὲ
318 705 480 789 Φιλίππῳ,
494 698 582 785 είχον
593 701 628 767 δέ
640 694 805 767 Ἀλπωνον
815 700 870 767 καῖ
880 704 1028 767 Νίκαιαν

78 796 172 889 οὔπω
183 797 389 884 παραδόντος
407 804 578 866 Φαλαίκου
595 797 785 882 Μακεδόσι,
806 794 865 876 τάς
881 793 1028 875 σπονδὰς

78 897 124 981 δὲ,
136 892 185 975 οἷς
197 899 372 982 ἐμέλλομεν
382 905 533 984 βοηθεῖν,
544 894 602 976 τάς
611 896 873 983 μυστηριώτιδας
883 893 946 963 οὐκ
957 897 1029 963 ἐδέ-

77 1018 192 1079 χοντο,
217 1002 383 1082 Θηβαίους
394 993 427 1061 δ’
439 994 582 1062 ὄπισθεν
594 1002 843 1080 κατελείπομεν,
862 1018 1029 1078 μεταπεμ-
1043 1007 1095 1063 306

78 1094 225 1176 πομένου
240 1093 302 1177 μὲν
316 1098 501 1178 Φιλίππου,
523 1088 635 1177 ὅρκων
647 1088 679 1159 δ’
690 1088 769 1178 ἡμῖν
779 1093 834 1160 καλ
845 1098 1029 1178 συμμαχίας

78 1193 313 1277 γεγενημένης,
332 1198 506 1260 Θετταλῶν
517 1191 553 1259 δέ
565 1193 620 1260 καὶ
630 1199 698 1258 τῶν
708 1190 821 1259 ἀλλων
829 1188 1028 1276 Ἀμφικτυό-

9 1304 60 1365 139
78 1313 148 1356 νων
167 1286 433 1373 στρατευόντωνς
462 1286 504 1356 οὐ
527 1294 641 1377 πολλῶ
660 1294 803 1356 καλλίων
825 1280 922 1367 οὗτος
944 1281 1027 1373 ἧνὸ

78 1384 191 1470 καιρός
208 1389 352 1470 ἐκείνου,
375 1389 411 1451 ἐν
429 1376 457 1475 ᾦ
471 1382 525 1453 διά
542 1383 604 1471 τὴν
620 1385 683 1471 σὴν
699 1384 884 1471 ἀνανδρίαν
894 1388 950 1453 καὶ
959 1384 1028 1471 ἅμα

79 1485 214 1569 φθόνον
248 1483 522 1570 ἐσκευαγώγησαν
550 1487 587 1553 ἐκ
612 1493 679 1553 τῶν
705 1482 820 1570 ἀγρῶν
848 1483 1027 1571 Ἀθηναῖοι,

79 1584 321 1677 πρεσβεύοντος
336 1587 418 1669 ἐμοῦ
434 1582 495 1669 τὴν
512 1592 625 1671 τρίτην
640 1584 703 1671 ἤδη
723 1591 900 1670 πρεσβείαν
918 1585 971 1651 ἐπὶ
991 1583 1028 1650 τὸ

79 1681 194 1750 κοινὸν
211 1689 278 1749 τῶν
298 1681 564 1768 Ἀμφικτυόνων,
589 1682 643 1768 ἐφ’
665 1681 709 1769 ἣν
726 1692 849 1770 τολμηῖς
863 1708 903 1768 με
921 1686 1029 1767 λέγειν

79 1779 426 1867 ῶςούχειροτονηθελς
445 1778 592 1872 ᾠχόμην,
615 1781 734 1868 ἐχθρός
755 1780 784 1848 δ’
804 1778 852 1857 ῶν
868 1778 963 1848 οόπω
975 1784 1029 1846 καλ

78 1882 221 1967 τήμερον
246 1880 413 1966 ἠθέληκάς
440 1908 480 1966 με
509 1888 705 1967 εἰσαγγεῖλαι
731 1879 1029 1967 παραπρεσβεύσα-
1044 1896 1096 1953 307

79 1989 175 2059 σθαις
199 1980 240 2047 οό
250 1979 315 2066 γάρ
328 1978 367 2067 δή
381 1984 520 2066 φθονεῖς
530 1985 570 2067 γε’
578 2008 634 2066 μοι
644 1989 712 2049 τῶν
723 1987 768 2060 είς
779 1979 815 2049 τό
829 1990 922 2065 σῶμα
933 2006 1029 2065 τιμη-

10 2093 61 2149 140
77 2078 199 2162 μάτων.
222 2080 386 2165 τοιγάρτοι
409 2086 563 2167 Θηβαίων
583 2084 644 2166 μὲν
666 2083 957 2167 παρακαθημένων
973 2080 1029 2147 καὶ

79 2183 261 2264 δεομένων,
285 2187 342 2264 τῆς
360 2178 389 2247 δ’
409 2179 566 2265 ἡμετέρας
583 2182 709 2260 πόλεως
725 2178 778 2249 διά
792 2181 827 2249 σέ
839 2187 1027 2267 τεθορυβη-
1045 2196 1098 2251 308

78 2280 176 2361 με’νης
187 2280 240 2346 καὶ
252 2286 320 2345 τῶν
330 2276 514 2366 Ἀθηναίων
527 2277 670 2348 ὁπλιτῶν
682 2277 723 2347 οό
735 2280 921 2366 παρόντων,
945 2286 1027 2346 Θετ-

78 2383 187 2442 ταλῶν
210 2379 244 2444 δέ
267 2384 423 2464 Θηβαίοις
447 2381 687 2464 προσθεμένων
710 2375 764 2445 διά
784 2378 846 2462 τὴν
868 2374 1029 2461 ὑμετέραν

80 2470 241 2560 ἀβουλίαν
256 2475 382 2562 καλιὴν
399 2474 482 2560 πρὸς
492 2480 629 2556 Φωκέας
640 2481 779 2561 ἔχθραν,
802 2473 1027 2561 ἢπροῦπῆρχε

82 2579 253 2650 Θετταλοῖς
270 2577 306 2642 ἐκ
325 2582 476 2643 παλαιῶν
490 2576 638 2661 χρόνων,
660 2573 714 2649 ὅτε
732 2572 844 2641 αὐτῶν
855 2571 933 2652 τούς
944 2569 1028 2657 ὁμη-

80 2699 159 2754 ρους
170 2674 327 2761 λαβόντες
339 2682 464 2754 Φωκεῖς
475 2675 699 2762 κατηλόησαν,
719 2679 889 2741 Φαλαίκου
902 2673 937 2740 δὲ
949 2674 1027 2756 πρὶν

80 2773 134 2857 ἐμὲ
146 2776 258 2841 ἐλθεῖν
275 2776 330 2841 καὶ
341 2778 517 2860 Στέφανον
535 2777 589 2842 καὶ
605 2774 782 2859 Δερκύλον
794 2773 849 2840 καὶ
865 2770 944 2850 τοὺς
952 2768 1030 2858 Ἀμ-

11 2882 61 2937 141
80 2871 260 2953 φικτόονας
277 2875 427 2959 πρέσβεις
445 2871 695 2961 ἀπεληλυθότος
710 2870 946 2956 ὑποσπόνδου,
958 2868 1030 2957 Ὀρ-
1047 2884 1098 2942 300

79 2976 241 3053 χομενίων
258 2972 293 3039 δὲ
312 2971 504 3059 περιφόβων
521 2973 630 3040 ὄντων
645 2975 701 3042 καὶ
718 2968 865 3048 σπονδάς
882 2983 950 3046 τοῖς
961 2966 1030 3034 σοι’·

79 3090 179 3151 μασιν
206 3071 413 3157 αίτησόντων
438 3070 521 3139 ῶστε
545 3068 705 3139 ἀπελθεῖν
725 3073 762 3138 ἐκ
783 3074 840 3154 της
860 3070 1029 3148 Βοιωτίοις,

80 3167 335 3252 παρεστηκότων
352 3168 413 3254 μὲν
431 3174 498 3235 τῶν
518 3174 673 3252 Θηβαίων
683 3171 872 3254 πρέσβεων,
894 3162 1029 3229 ὑπολει-

81 3269 224 3351 πομένης
240 3264 271 3333 δ’
290 3271 411 3352 ἔχθρας
429 3273 576 3348 φανερᾶς
592 3273 743 3355 Φιλίππφ
762 3263 844 3348 πρός
863 3268 1030 3349 Θηβαίους

80 3366 133 3431 καὶ
152 3365 352 3451 Θετταλοὺς,
375 3367 447 3433 τότε
460 3364 632 3433 ἀπῶλουτο
651 3368 687 3431 αδ
695 3363 829 3448 πράξεις
846 3359 887 3430 οὐ
906 3356 948 3427 δι’
963 3360 1028 3445 ἐμὲ,

80 3462 162 3531 ἀλλά
187 3462 241 3531 διά
259 3465 321 3550 τὴν
339 3460 402 3551 σὴν
418 3469 600 3549 προδοσίαν
618 3465 672 3532 καὶ
688 3460 750 3549 την
769 3460 851 3546 πρὸς
864 3465 1034 3546 Θηβαίους
