2340 3916
130 176 190 239 142
473 176 728 234 ΑΙΣΧΙΝΟΥ

130 340 274 424 βλέπτου
288 335 450 417 σύνεδρος
461 331 523 402 ούκ
536 334 694 420 ἐκάθητο
707 333 836 417 γράψας
848 335 884 402 δὲ
896 333 1081 415 τούςσυνε-

132 436 312 519 δρεύοντας
328 429 471 518 ὀμνύναι
487 433 548 499 τόν
566 435 822 519 Κερσοβλέπτην
839 430 879 500 ού
898 435 1081 518 συνεδρεύ-

130 560 208 601 οντα
226 536 379 621 ἐξέκλῃσε
402 539 470 598 τῶν
488 529 608 614 ὅρκων.
626 528 684 600 ’ὅτι
700 526 734 597 δ’
751 528 862 619 ἀληθῆ
873 535 974 619 λέγω,
996 532 1081 599 άνά-
1097 536 1131 591 75

129 641 241 719 γνωθί
249 659 321 719 μοι,
343 636 391 710 τίς
402 622 447 718 ἦν
458 627 475 698 ὁ
487 637 591 697 ταῦτα
602 630 731 717 γράψας
740 633 795 698 καὶ
806 637 853 710 τίς
865 627 883 698 ὁ
895 639 997 698 ταῦτα
1008 635 1082 699 έπι-

129 739 276 818 ψηφίσας
288 727 459 816 πρόεδρος.

352 834 584 895 ΨΗΦΙΣΜΑ.
605 834 856 896 ΠΡΟΕΔΡΟΣ.

214 925 338 1008 Καλόν,
353 919 379 992 ά
387 923 568 1012 Ἀθηναῖοι,
580 921 712 1012 καλόνὴ
721 933 789 993 τῶν
799 930 1082 1014 δημοσίωνγραμ-

56 1039 113 1098 Ι466
130 1027 245 1113 μάτων
263 1027 396 1112 φυλακή
406 1053 412 1065 ·
435 1023 594 1111 άκίνητον
609 1026 674 1111 γάρ
692 1027 832 1092 ἐστικαὶ
850 1023 892 1092 ού
913 1048 1082 1112 συμμετα-

130 1134 240 1194 πίπτει
248 1139 315 1204 ιοίς
325 1126 568 1210 αὐτομολοῦσιν
579 1126 616 1190 έν
624 1132 665 1211 τῇ
676 1130 832 1210 πολιτεία,
844 1120 920 1190 ἀλλ’
932 1121 1082 1193 ἀπέδωκε

130 1232 174 1312 τῷ
188 1223 298 1311 δήμῳ,
320 1220 448 1290 ὁπόταν
459 1222 635 1309 βούληται,
659 1224 806 1288 συνιδεῖν
816 1218 895 1299 τούς
907 1223 1008 1288 πάλαι
1019 1222 1080 1306 μὲν

130 1322 314 1408 πονηρούς,
336 1326 371 1389 έκ
387 1328 569 1408 μεταβολῆς
586 1319 618 1387 δ’
632 1317 805 1399 άξιοῦντας
816 1318 899 1387 εἶναι
909 1320 1079 1407 χρηστούς.

210 1420 407 1489 ’Ῥπόλοιπον
420 1425 457 1488 δέ
464 1446 521 1506 μοι
532 1421 599 1488 ἐστὶ
616 1416 678 1505 τὴν
689 1423 866 1485 κολακείαν
877 1415 983 1485 αὐτοῦ
994 1422 1080 1498 διεξ·
1095 1428 1130 1486 76

130 1529 251 1588 ελθεῐν.
281 1521 504 1605 Δημοσθένης
519 1516 583 1603 γάρ
602 1514 757 1584 ἐνιαυτόν
774 1516 960 1603 βουλεύσας
983 1514 1082 1584 ούδε-

129 1623 208 1704 μίαν
222 1615 353 1684 πώποτε
372 1630 524 1701 φανεῖται
540 1621 719 1702 πρεσβείαν
736 1621 782 1694 είς
792 1618 973 1702 προεδρίαν
984 1618 1082 1684 καλέ-

130 1735 205 1801 σας,
229 1712 311 1782 άλλά
331 1714 404 1782 τότε
423 1715 529 1801 μόνον
544 1717 597 1782 καὶ
616 1721 749 1799 πρῶτον
760 1717 913 1801 πρέσβεις
924 1720 970 1794 είς
980 1739 1082 1798 προε-

65 1829 112 1884 ί67
130 1817 230 1897 δρίαν
240 1816 374 1882 ἐκάλεσε
386 1816 440 1883 καὶ
452 1812 703 1898 προσκεφάλαια
717 1819 818 1899 ἔθηκε
829 1815 884 1881 καὶ
895 1818 1082 1898 φοινικίδας

130 1916 341 1998 περιεπέτασε
359 1914 412 1980 καὶ
431 1909 499 1997 ἅμα
515 1919 555 1999 τῇ
572 1909 678 2000 ἡμέρᾳ
693 1909 803 1998 ἡγεῖτο
821 1925 888 1990 τοῖς
904 1916 1082 1998 πρέσβεσιν

131 2018 176 2090 είς
187 2011 223 2079 τό
243 2015 405 2096 θέατρον,
433 2009 516 2078 όόστε
534 2014 590 2077 καὶ
608 2017 822 2093 συρίττεσθαι
839 2009 892 2078 διά
903 2007 966 2096 τὴν
978 2009 1082 2097 άσχη-

130 2109 281 2194 μοσύνην
292 2109 347 2174 καὶ
358 2112 542 2174 κολακείαν.
562 2109 615 2173 καλ
627 2105 677 2174 ὅτ’
690 2104 855 2195 άπῄεσαν,
873 2106 1081 2192 ἐμισθώσατο

80 2244 83 2250 ·
131 2204 243 2282 αὐτοῖς
260 2210 334 2286 τρία
352 2204 450 2290 ζεύγη
470 2201 566 2288 όρικόι
584 2206 639 2271 καὶ
656 2202 873 2291 προύπεμψεν
890 2210 935 2284 είς
957 2204 1081 2292 Θήβας,

131 2305 376 2387 καταγέλαστον
391 2300 453 2388 τὴν
469 2301 567 2369 πόλιν
585 2308 699 2369 ποιάν.
721 2306 778 2370 ’ίνα
801 2299 832 2369 δ’
852 2303 904 2370 ἐπὶ
919 2311 976 2389 τῆς
996 2299 1082 2370 ὑπο-

129 2402 255 2480 θέσεως
266 2408 384 2487 μείνω,
407 2402 489 2487 λαβέ
497 2426 554 2486 μοι
565 2397 602 2467 τὸ
615 2399 815 2486 ψήφισματὸ
827 2402 969 2487 περὶτῆς
980 2424 1082 2485 προε-

130 2504 231 2585 δρίας.

491 2605 722 2668 ΨΗΦΙΣΜΑ.

215 2689 323 2775 Οὗτος
333 2704 460 2782 τοίνυν,
473 2691 500 2767 οἶ
507 2697 687 2785 Ἀθηναῖοι,
700 2694 717 2764 ὁ
729 2705 922 2783 τηλικοῦτος
933 2697 969 2767 τὰ
982 2702 1081 2783 μέγε-
1098 2710 1132 2766 77

61 2807 112 2864 468
130 2806 193 2874 θος
204 2797 303 2874 κόλαξ
316 2803 445 2882 πρῶτος
456 2795 510 2862 διά
522 2805 589 2864 τῶν
600 2795 820 2863 κατασκόπων
829 2805 896 2864 τῶν
908 2794 997 2879 παρά
1008 2803 1082 2864 Χα-

128 2894 270 2978 ριδήμου
288 2894 478 2978 πυθόμενος
495 2890 556 2979 τὴν
574 2901 742 2962 Φιλίππου
758 2893 915 2981 τελευτὴν
934 2900 1003 2961 τῶν
1018 2893 1081 2979 μὲν

127 3001 220 3061 θεῶν
240 2992 434 3079 συμπλάσας
458 2994 567 3081 ἑαυτῷ
590 2991 749 3060 ἐνύπνιον
770 2992 1010 3073 κατεψεύσατο,
1036 2991 1081 3068 ὡς

127 3088 169 3156 ού
193 3090 282 3173 παρόι
310 3090 505 3175 Χαριδήμου
528 3090 565 3158 τό
593 3099 727 3178 πρᾶγμα
749 3094 973 3177 πεπυσμένος,
996 3087 1080 3157 άλλόι

127 3191 215 3273 παρὰ
239 3199 300 3258 τοῦ
320 3192 403 3268 Διὸς
423 3193 477 3258 καὶ
497 3199 555 3278 τῆς
579 3188 738 3279 Ἀθηνᾶς,
770 3190 829 3271 οὓς
850 3189 928 3279 μεθ’
951 3188 1080 3277 ἡμέραν

127 3292 293 3372 ἐπιορκῶν
315 3289 446 3371 νύκτωρ
470 3292 573 3376 φησὶν
600 3294 705 3381 ἑαυτῷ
728 3293 940 3376 διαλέγεσθαι
961 3291 1016 3357 καὶ
1038 3288 1079 3356 τά

126 3390 287 3455 μέλλοντα
306 3393 442 3455 ἔσεσθαι
460 3394 651 3475 προλέγειν,
675 3390 821 3475 ἑβδόμην
838 3387 871 3456 δ’
884 3385 1009 3475 ἡμέραν·
1022 3395 1080 3473 τῆς
