2340 3916
156 198 221 249 XIV
478 193 589 244 VITAE
608 189 796 245 DINARCHI.

152 347 199 431 τῷ
226 343 465 410 πολιτεύεσθαι
492 339 575 425 μετά
603 338 666 448 την
691 338 914 421 Ἀλεξάνδρου
946 335 1121 418 τελευτήν,

151 411 220 493 τάν
242 427 339 511 μὲυ’
319 426 542 528 αυηρημένων
557 427 722 531 ῥητόρων,
745 423 867 490 τῶνδὲ
889 419 1121 505 πεφευγότων.

123 568 126 573 .
151 516 250 597 φίλος
277 513 314 577 66
344 495 562 618 Κασσάνδρῳ
585 511 767 594 γενόμενος
800 503 844 584 63
872 506 928 573 ἐπὶ
962 508 1122 570 πλεῖστον

152 599 321 682 προέκοψε
343 596 493 681 χρήματα
516 620 585 661 των
607 597 718 678 λόγων
743 592 1036 698 είςπραττόμευος,
1061 586 1123 663 063

152 693 221 758 τοῖς
243 683 415 765 δεομένοις
437 679 728 787 συνέγραφεν-
688 674 953 755 -άντετάξατο
976 675 1014 739 δὲ
1036 671 1123 757 πρός

119 785 135 832 3
154 790 233 842 τους
256 766 560 876 ἐπιφανεστάτους
566 766 635 830 τάν
636 764 838 874 ῥητόρων,
859 761 921 827 οὐκ
944 761 991 836 εἰς
1014 760 1124 842 δῆμον

153 852 348 932 παριω’ν-
373 848 413 914 06
435 849 501 933 γάρ
524 842 644 926 οἷόςτ’
668 874 777 933 ηυ-
785 845 905 932 ,ἄλλά
927 859 997 924 τοῖς
1020 845 1122 908 ἐναυ-

153 938 339 1020 τιουμένοις
366 935 489 1018 λόγους
517 935 737 1041 συγγράφων.
783 899 840 999 καὶ
863 930 980 1015 ἐπειδη
994 927 1123 1037 “Apua-

154 1027 213 1096 λος
240 1021 375 1103 διέδρα,
409 1022 547 1097 πλείους
574 1020 697 1102 λόγους
722 1021 915 1128 συνέγραψε
942 1015 1027 1082 κατά
1055 1035 1125 1077 των

154 1108 265 1170 αίτίαν
288 1105 435 1186 ἐχόντων
450 1105 703 1209 δωροδοκῆσαι,
727 1105 783 1169 καὶ
805 1105 949 1180 τούτους
969 1112 1039 1177 τοῖς
1061 1120 1124 1161 κα-

116 1189 310 1272 4τηγόροις
333 1188 573 1266 ἐξέδωκευμ-
602 1183 766 1298 χρόνφδ
792 1187 938 1270 ὕστερον
960 1180 1124 1258 αἰτιαθεὶς

157 1276 203 1350 είς
232 1275 355 1378 λόγους
377 1276 626 1373 παραγίνεσθαι
644 1272 852 1360 Ἀντιπάτρῳ
879 1275 936 1339 καλ
958 1269 1124 1336 Κασσάν-

155 1360 222 1467 6666
249 1355 343 1466 παρά
371 1351 432 1441 τὴν
465 1359 655 1442 κατάληψιν
687 1364 746 1441 τῆς
777 1362 988 1464 Μουνυχίας,
1021 1351 1124 1459 ἡνίκα

155 1440 215 1507 ὑπ’
249 1439 446 1525 Ἀντιγόνου
490 1442 547 1507 καὶ
583 1448 782 1528 Δημητρίου
826 1443 1030 1548 ἐφρουρήθη
1069 1433 1123 1502 6²⁷!

153 1526 453 1609 Ἀυαξικράτους”
433 1550 612 1610 αρχοντος,
637 1529 945 1611 ἐξαργυρισάμενος
965 1525 1006 1593 τά
1029 1526 1125 1587 πλεῖ·

155 1630 217 1676 στα
241 1616 298 1713 663
320 1611 437 1687 οὐσίας
459 1614 588 1718 ἔφυγεν
612 1615 658 1689 είς
679 1614 843 1687 Χαλκίδα,
889 1607 1122 1725 διατρίψαςδ

156 1697 210 1760 ἐπὶ
232 1700 290 1775 τῆς
317 1699 428 1781 φυγῆς
451 1693 495 1774 τός
518 1698 549 1763 66
569 1700 625 1781 ἔτη
653 1700 710 1762 καί
732 1697 863 1807 606666
891 1696 1012 1781 ουσίαν
1034 1714 1119 1773 κτη-

155 1797 300 1863 σαμενος
327 1784 490 1865 κατῆλθε,
520 1782 721 1862 πραξάντων
749 1781 840 1870 αὐτῷ
873 1783 936 1869 666
968 1780 1124 1886 κάθοδον

154 1867 223 1931 των
256 1866 334 1947 περὶ
368 1865 646 1972 Θεόφραστου”
624 1891 691 1950 αμα
727 1880 797 1945 τοῖς
816 1849 943 1946 ἄλλοις
976 1865 1121 1967 φυγάσι

117 1950 346 2026 ὁκαταλάσας
375 1949 542 2059 δὲπαρά
549 1953 709 2039 Προξένῳ
717 1951 850 2060 εταίρῳ
879 1951 985 2020 αὑτοῦ
1007 1946 1124 2021 καὶτὸ

155 2038 298 2141 χρυσίου
320 2033 499 2142 ἀπολέσας,
521 2034 586 2120 666
607 2037 747 2121 γηραιός
768 2032 820 2103 τόν
827 2020 947 2103 καὶ
909 2063 969 2115 τας
990 2039 1126 2122 δράσεις

156 2118 314 2202 ἀσθενής,
339 2118 411 2228 (οδ)
426 2124 640 2205 βουλομένου
662 2145 723 2187 του
708 2123 915 2226 Προξένου
935 2123 1124 2229 άναζητεῑν,

156 2205 316 2287 λαγχάνει
344 2204 437 2291 αὐτῷ
464 2204 580 2290 δίκην,
609 2207 665 2269 καὶ
692 2205 769 2271 τότε
796 2211 933 2289 πρῶτον
962 2203 1057 2272 εἶπεν
1086 2205 1125 2269 ἐν

156 2289 371 2393 δικαστηρίω
412 2271 555 2367 σοι’ζεται
592 2287 624 2354 δ’
656 2287 762 2355 αὐτοῦ
798 2290 855 2354 καλ
887 2287 906 2354 6
940 2291 1050 2372 λόγος.
1082 2327 1125 2337 -

121 2375 318 2505 6666066666
338 2353 371 2437 δ’
397 2373 503 2440 αότου
490 2372 576 2437 καὶ
597 2373 692 2456 λόγοι
711 2373 848 2458 γνήσιοι
865 2373 1026 2457 εξήκουτα
1048 2376 1124 2438 τέσ-

149 2496 498 2629 ‘A666666606Westerm
519 2561 579 2597 eum
597 2546 745 2626 Dionysio:
760 2537 945 2612 Ἀντιπάτρου
962 2562 988 2597 v
1007 2551 1035 2597 st
1052 2545 1125 2596 Pho

156 2616 263 2666 tius-
233 2608 315 2673 -63
328 2606 375 2666 6666
389 2616 525 2667 πλεῖστον
537 2609 713 2680 προέκοψεν]
727 2606 775 2666 ίπλ
788 2615 922 2667 πλεῖστον
936 2606 1126 2679 εὐδαιμονίας

157 2672 281 2747 ἄφίκετο
292 2682 422 2735 Ρλιοι.-
434 2686 457 2736 3.
470 2682 550 2733 Ηοοο
564 2697 598 2733 ex
611 2681 667 2732 slio
680 2686 794 2734 auctore
813 2683 884 2733 male
905 2685 1024 2763 scriptor
1041 2684 1127 2731 inter-

157 2751 304 2816 posuitoe-
315 2749 443 2812 πλείους]
453 2749 604 2810 πλείστους
614 2749 732 2800 Ρλιοι.-
699 2747 909 2818 -συνέγραψε
920 2750 1031 2816 scripsi.
1042 2744 1126 2800 συνέ-

157 2834 262 2896 γραφε
289 2845 323 2855 -
351 2821 377 2873 4.
400 2811 571 2887 Ἀντιπάτρῳ
594 2814 644 2868 καὶ
666 2834 720 2870 om.
739 2819 865 2870 Photius.
890 2820 927 2869 ef.
951 2817 986 2866 οδ
1007 2818 1065 2878 §2
1092 2843 1126 2852 -

157 2878 247 2951 παρά]
267 2882 336 2967 περὶ
354 2901 415 2936 cum
433 2886 456 2936 P
474 2888 630 2949 Βοττιαῖοι,
650 2878 701 2935 διά
719 2887 755 2939 οἱ.
766 2888 797 2937 Β.
824 2886 904 2937 Haec
923 2891 1016 2935 antem
1035 2885 1126 2934 omnia

157 2968 246 3017 usque
262 2953 297 3004 sd
310 2969 448 3035 αρχουτος
462 2968 513 3005 om.
524 2953 614 3017 Phos,
629 2953 711 3005 srsdo
716 2955 789 3032 quia
803 2968 885 3006 sensu
895 2967 991 3004 carere
1000 2952 1125 3003 videbat.

157 3024 233 3074 -5,
254 3015 286 3071 τδ
304 3038 338 3086 χρ
322 3019 421 3085 ρύσιου
441 3022 526 3071 etiam
544 3020 672 3071 Phot.-
638 3012 725 3073 -οό
744 3020 806 3072 add.
822 3021 930 3084 266.-
895 3022 971 3070 -6
991 3017 1042 3070 καλ
1061 3025 1126 3069 snte

159 3081 239 3153 λόγοι
258 3087 311 3139 del.
330 3087 392 3138 mal.
411 3089 443 3139 Β
457 3114 489 3123 -
507 3079 648 3153 ἑξήκοντα
666 3085 808 3154 τέσσαρες]
827 3087 878 3139 LX
897 3093 1040 3138 enumerat
1057 3087 1124 3136 Dio-

158 3157 255 3221 nysius
276 3155 517 3218 Din.e.10.12;
546 3156 661 3207 eundem
689 3159 870 3236 genninnrum
897 3170 1037 3205 nnmerum
1065 3170 1124 3204 ora·

158 3224 262 3275 tionum
281 3223 366 3274 etiam
377 3221 478 3275 Suidas
496 3223 591 3274 habet
615 3224 795 3290 Numigitnr.
814 3215 969 3301 εξήκοντα·
988 3216 1126 3300 τέσσαρας

159 3282 268 3343 τοότων
286 3284 358 3341 ἔνιοι
381 3282 660 3357 παραλαμβάνουσιν
678 3288 914 3356 (παραιροῦνται)
941 3283 979 3348 63
992 3280 1062 3354 ’.Αρλ
1091 3288 1125 3337 cf.

157 3360 239 3412 Phot.
275 3357 389 3422 spurias
411 3358 525 3424 Dionys.
545 3360 607 3426 plus
624 3359 730 3411 XXVII
754 3359 941 3421 enumeravi63
969 3357 1127 3408 Demetrius

158 3428 276 3492 Magnes
303 3423 357 3490 (ap.
380 3425 496 3493 Dionys.
521 3443 546 3483 ο.
565 3430 593 3488 1,
622 3427 658 3478 ci.
682 3426 770 3489 Suid.)
798 3427 860 3492 plus
888 3426 960 3477 CLX
986 3425 1127 3476 orationes

158 3493 300 3545 Dinareho
322 3493 434 3559 tribuit,
457 3511 510 3561 quo
528 3495 562 3546 de
580 3510 706 3558 numero,
724 3500 755 3545 ut
774 3495 815 3544 ait
831 3495 958 3559 Dionys,
976 3499 1127 3543 ceterorum
