2340 3916
146 189 187 247 56
500 192 755 249 ΑΙΣΧΙΝΟΥ

146 346 284 432 ἐραστής
302 348 384 415 εἶναι
401 350 456 415 καὶ
473 345 508 414 τὸ
528 347 699 432 μειράκιον
711 354 756 426 εἰς
766 349 827 431 τήν
837 357 1095 436 φιλανθρωπίαν
1120 368 1123 373 ’

146 444 271 529 ταύτην
293 445 616 529 προσκαλεσάμενος,
639 449 781 513 ε’λπίδων
801 457 910 514 κενῶν
928 450 1095 535 ἐμπλήσας

76 556 126 610 168
146 538 190 617 ῶς
202 539 320 609 αάτίκα
332 540 371 626 δή
383 541 470 625 μάλα
481 549 548 614 τῶν
562 543 712 627 ῥητόρων
725 544 976 628 πρωτεύσοντα,
994 547 1096 613 κατά-

144 646 245 722 λογον
263 638 478 724 ἀποφαίνων,
501 640 661 707 τοιούτων
679 642 849 726 εἰσηγητής
867 641 958 733 αύτῷ
975 649 1029 711 καὶ
1043 649 1094 710 δι-·
1116 653 1157 710 λλλ

146 738 308 817 δάσκαλος
320 745 427 823 ἔργων
439 740 577 824 ἐγένετο,
593 742 625 817 ἐξ
639 731 687 805 ῶν
697 742 822 817 ἐκεῖνος
832 743 893 825 μέν
905 744 1022 828 φεύγει
1034 742 1096 827 τήν

145 841 302 918 πατρίδα,
326 829 423 914 οὗτος
441 835 471 903 δ’
484 836 589 903 αὐτοῦ
602 835 639 904 τά
652 844 710 922 τής
720 847 829 922 φνγής
840 837 957 923 ἐφόδια
968 849 1096 921 προλα-

147 932 218 1019 βῶν
229 943 302 1017 τρία
314 937 457 1002 τάλαντα
469 934 684 1020 ἀπεστέρηκε,
706 935 896 1020 Νικόδημος
918 932 981 1001 δ’ὁ
1002 937 1096 1020 Ἀφι-

150 1035 261 1110 δναίος
272 1030 327 1099 ὑπ’
344 1032 556 1118 Ἀριστάρχου
567 1033 1097 1124 τετελεύτηκεβιαίφθανάτφ,ἐκ-

83 1214 88 1221 ,
146 1128 286 1207 κοπεὶςὸ
300 1135 440 1210 δείλαιος
451 1130 658 1216 ἀμφοτέρους
668 1130 746 1209 τούς
757 1129 957 1217 ὀφθαλμούς
968 1135 1022 1200 καὶ
1034 1131 1097 1217 τήν

144 1235 294 1310 γλῶτταν
311 1228 528 1316 ἀποτμηθεὶς,
549 1222 571 1316 ή
583 1231 835 1315 ἐπαρρησιάζετο
848 1231 1014 1297 πιστεύων
1028 1245 1097 1307 τοῖς

144 1324 258 1408 νόμοις
269 1328 322 1392 καὶ
332 1325 420 1412 ύμῖν.
444 1324 552 1394 ἔπειθ’
564 1325 667 1412 ὑμεῖς,
682 1320 708 1393 ῶ
716 1325 897 1412 Ἀθηναῖοι,
909 1326 1096 1413 Σωκράτην
1118 1340 1157 1394 1λέ

79 1443 129 1497 169
146 1421 206 1506 μὲν
218 1421 278 1488 τόν
290 1425 451 1510 σοφιστήν
462 1423 688 1511 ἀπεκτείνατε,
702 1423 752 1491 ότι
764 1431 903 1510 Κριτίαν
915 1424 1021 1510 ἐφάνη
1034 1449 1094 1490 πε-

145 1520 344 1607 παιδενκῶς,
368 1527 427 1591 ένα
443 1532 512 1592 τῶν
527 1525 704 1609 τριάκοντα
721 1532 789 1590 τῶν
799 1525 858 1590 τόυ
871 1529 976 1608 δήμου
991 1549 1092 1589 κατα-

145 1620 337 1706 λυσάντων,
360 1628 581 1710 Λημοσθένης
599 1621 632 1689 δ’
644 1620 723 1707 ύμῖν
735 1623 884 1706 ἑταίρους
893 1620 1094 1706 ἐξαιτήσεται

145 1719 162 1789 ὁ
182 1725 377 1807 τηλικαύτας
393 1733 549 1811 τιμωρίας
565 1725 744 1810 λαμβάνων
760 1720 849 1805 παρά
867 1729 935 1788 τῶν
952 1726 1094 1820 ἰδιωτῶν

145 1823 200 1888 καί
218 1827 404 1908 δημοτικῶν
422 1820 615 1907 ἀνθρώπων
632 1821 714 1904 ὑπὲρ
724 1830 782 1906 τῆς
793 1826 977 1906 ἰσηγορίαςς
989 1820 1015 1907 β
1028 1843 1094 1882 πα-

145 1926 382 2009 ρακεκλημένοι
406 1926 492 2002 τινὲς
520 1932 588 1990 τῶν
613 1929 775 2008 μαθητῶν
796 1918 938 2005 ήκονσιν
959 1921 1014 1986 ἐπί
1031 1916 1094 2002 τὴν

146 2016 320 2103 ἀκρόασιν·
343 2023 636 2104 κατεπαγγέλλεται
654 2018 717 2106 γάρ
729 2016 813 2104 πρὸς
824 2011 1092 2099 αύτούςέργολα-

145 2125 216 2201 βῶν
228 2115 283 2200 ἐφ’
296 2116 398 2202 ὑμᾶς,
418 2115 461 2195 ῶς
475 2116 539 2201 έγῶ
552 2119 784 2202 πυνθάνομαι,
808 2116 919 2200 λήσειν
931 2112 1092 2198 μεταλλά-

146 2219 201 2292 ξας
212 2215 272 2279 τὸν
284 2213 399 2298 ἀγῶνα
409 2216 465 2282 καὶ
477 2213 539 2300 τήν
551 2214 714 2299 ὑμετέραν
725 2213 902 2298 ἀκρόασιν,
915 2214 970 2278 καὶ
981 2235 1091 2294 παρα·
1114 2224 1157 2278 174

144 2312 277 2398 στήσειν
293 2319 338 2402 τῶ
356 2315 417 2397 μὲν
434 2314 594 2398 φεύγοντι
611 2322 767 2396 θαρρεῖν,
790 2310 871 2377 ὅταν
882 2309 981 2387 αύτός
992 2314 1092 2394 δεῦρο

144 2415 312 2498 παρέλθῃ,
336 2415 560 2496 ἐκπεπλῆχθαι
578 2410 614 2477 δέ
629 2419 676 2499 τῶ
693 2409 866 2498 κατηγόρῳ
878 2410 932 2475 καί
943 2414 1093 2491 πεφοβή-

144 2519 224 2575 σθαι
237 2511 311 2592 περὶ
324 2507 445 2596 αὑτοῦ,
468 2509 647 2587 τοσούτους
659 2509 693 2574 δὲ
704 2509 758 2575 καὶ
769 2508 983 2592 τηλικούτους
993 2509 1093 2571 ε’κκα-

143 2611 297 2674 λέσεσθαι
310 2607 399 2692 παρά
411 2617 478 2675 τῶν
486 2612 654 2674 δικαστῶν
666 2605 839 2690 θορύβους
850 2603 1091 2688 παρεμβάλλων

75 2715 126 2771 170
144 2706 201 2782 τάς
222 2705 301 2790 ἐμάς
323 2709 523 2789 δημηγορίας
539 2707 594 2771 καὶ
610 2706 723 2786 ψέγων
739 2704 801 2785 τήν
818 2701 955 2786 εἰρήνην
971 2696 1033 2784 τήν
1046 2697 1090 2765 δι’

142 2805 226 2886 ἐμοῦ
236 2805 290 2867 καί
303 2803 527 2885 Φιλοκράτους
543 2803 776 2887 γεγενημένην,
801 2796 878 2866 ὥστ’
892 2798 970 2865 οὐδὲ
983 2796 1091 2864 ἀπαν-

142 2898 304 2983 τήσεσθαί
331 2925 371 2983 με
396 2902 453 2965 ἐπὶ
483 2899 518 2966 τό
551 2901 764 2986 δικαστήριον
785 2897 1089 2983 ἀπολογησόμενον,

143 2994 224 3061 ὅταν
242 2996 299 3072 τάς
312 3003 369 3081 τῆς
386 3005 559 3082 πρεσβείας
576 2997 726 3076 εὐθύνας
749 3004 845 3082 διδῶ,
868 2996 943 3065 ἀλλ’
961 2995 1091 3083 ἀγαπή-

143 3113 227 3175 σειν,
253 3091 312 3159 έάν
328 3101 448 3183 μετρίῳ
469 3096 621 3181 τιμήματι
638 3101 801 3181 περιπέσω
818 3101 872 3163 καί
889 3095 933 3182 μή
952 3097 1090 3185 θανάτῳ

143 3195 316 3275 ζημιῶμαι·
333 3194 450 3276 μηδενὶ
462 3193 501 3280 δή
512 3196 624 3285 τρόπῳ
639 3194 720 3262 καθ’
732 3194 829 3281 ὑμῶν
840 3194 951 3264 αὐτῶν
962 3204 1088 3282 γέλωτα
1112 3209 1157 3264 175

142 3295 189 3357 τῶ
199 3296 340 3377 σοφιστή
354 3292 409 3356 καί
420 3292 592 3380 διατριβήν
603 3294 799 3380 παράσχητε,
812 3291 885 3362 ἀλλ’
900 3292 1089 3381 ὑπολάβεθ’

142 3392 227 3468 ὁρᾶν
244 3390 480 3474 εἰσεληλυθότα
499 3389 563 3457 ἀπό
582 3397 642 3457 τοῦ
660 3395 871 3476 δικαστηρίου
883 3398 994 3459 οἰκαδε
1036 3398 1090 3461 καὶ
