2340 3916
303 203 432 260 κΑνΑ
453 203 826 281 mmmmm
972 203 1032 268 151

440 368 671 429 ΨΗΦΙΣΜΑ.

167 457 269 526 Τοῦτ’
283 461 349 527 ἐστὶ
360 459 397 528 τό
409 459 575 546 ψήφισμα,
590 453 805 549 ώἈθηναῖοι,
818 463 958 551 αἰσχύνη
970 471 1032 552 μὲν

80 567 136 644 τῆς
156 559 282 636 πόλεως
289 610 298 643 ,
320 564 450 644 ἔλεγχος
467 558 503 626 δὲ
521 557 562 626 ού
579 558 696 645 μικρός
712 567 1032 648 τώνΔημοσθένους

79 658 345 742 πολιτευμάτων,
369 655 498 743 φανερά
516 657 552 725 δὲ
569 666 748 745 κατηγορία
759 667 820 725 τοῦ
831 666 1032 744 Κτησιφών-

77 781 147 834 τος·
171 755 232 824 τόν
249 755 313 842 γάρ
328 754 433 834 οὕτως
451 763 591 842 αἰσχρῶς
602 761 856 839 δωροδοκοῦντα
868 754 930 825 ούκ
942 762 1031 824 ἔστιν

78 856 185 940 ἄνδρα
197 862 369 944 γεγονέναι
381 855 530 944 ἀγαθόν,
553 855 786 944 δτετόλμηκεν
797 851 895 937 ούτος
904 857 1030 944 γράψαι

78 956 114 1018 ἐν
124 961 169 1042 τῷ
182 961 375 1041 ψηφίσματι.

10 1069 59 1124 106
160 1051 316 1122 Ἐνταῦθ’
335 1053 398 1141 ἤδη
416 1056 564 1121 τέτακται
581 1055 635 1120 καλ
653 1052 670 1121 ὁ
689 1061 796 1140 τρίτος
812 1063 880 1123 τών
891 1062 1027 1139 καιρῶν,

78 1163 204 1240 μάλλον
216 1153 246 1221 δ’
267 1152 433 1224 ὁπάντων
450 1156 644 1241 πικρότατος
660 1156 796 1243 χρόνος,
820 1149 897 1247 ἑνῷ
912 1165 1028 1241 Δημο-

79 1253 201 1336 σθένης
222 1248 371 1318 ἀπώλεσε
392 1250 450 1330 τὰς
471 1260 539 1319 τών
556 1249 722 1338 Ἑλλήνων
746 1255 800 1320 καλ
822 1261 878 1338 τῆς
901 1253 1027 1331 πόλεως

79 1349 210 1434 πράξεις
221 1346 384 1435 ἀσεβήσας
394 1349 455 1434 μὲν
467 1355 512 1428 είς
523 1348 559 1419 τό
572 1351 665 1435 ἱερὸν
675 1351 711 1419 τό
724 1354 760 1420 ἐν
771 1360 935 1437 Δελφοῖς,
954 1350 1029 1419 ἀδι-

78 1473 139 1513 κον
158 1449 264 1514 δὲκαὶ
288 1446 441 1532 ου’δαμώς
465 1457 540 1534 ίσην
562 1448 623 1535 τὴν
648 1448 731 1535 πρός
753 1455 919 1536 Θηβαίους
941 1471 1026 1535 συμ-

78 1556 197 1634 μαχίαν
220 1548 357 1635 γράψας.
380 1548 519 1635 ἀρξομαι
537 1554 572 1618 δὲ
589 1547 654 1618 ἀπό
673 1558 741 1617 τών
763 1556 808 1629 είς
828 1548 905 1628 τούς
924 1548 1029 1628 θεούς
1044 1558 1097 1616 498

77 1647 183 1716 αὐτού
194 1648 480 1734 πλημμελημάτων
491 1651 608 1734 λέγειν.

10 1766 58 1821 107
151 1747 241 1815 ’Ἐστι
253 1746 333 1832 γάρ,
347 1738 505 1829 ώόῖνδρες
516 1745 698 1835 Ἀθηναῖοι,
715 1748 752 1815 τό
764 1756 928 1834 Κιρραῖον
941 1747 1029 1817 ώνο-

78 1852 247 1935 μασμένον
263 1852 379 1915 πεδίον
396 1848 452 1915 καὶ
468 1846 569 1934 λιμὴν
585 1846 603 1916 ὁ
621 1856 686 1916 νῦν
703 1848 869 1932 ἐξάγιστος
880 1851 934 1915 καὶ
946 1849 1028 1916 ε’πά-

79 1974 175 2029 ρατος
187 1944 429 2031 ὠνομασμένος.
452 1944 577 2030 ταύτην
588 1943 665 2012 ποτὲ
681 1943 743 2028 τὴν
753 1944 865 2029 χώραν
876 1946 1028 2036 κατώκη-

20 2056 23 2061 ’
78 2068 141 2111 σοιν
152 2052 305 2128 Κιρραῖοι
316 2046 371 2110 καί
379 2039 647 2128 Ἀκραγαλλίδαι,
659 2046 738 2128 γένη
750 2043 1025 2130 παρανομώτατα,

78 2151 111 2210 οἳ
121 2149 165 2221 είς
182 2140 217 2209 τὸ
237 2140 328 2228 ίερδν
346 2138 382 2208 τό
402 2146 440 2209 ἐν
455 2149 601 2226 Δελφοῖς
618 2138 935 2227 καὶτάἀναθηματα
946 2139 1026 2228 ἠσέ-
1042 2151 1094 2209 499

77 2251 172 2328 βουν,
184 2240 410 2327 ἐξημάρτανον
427 2238 462 2307 δὲ
473 2241 528 2307 καὶ
541 2246 585 2319 είς
595 2237 673 2318 τούς
682 2236 929 2325 Ἀμφικτύονας.
942 2236 1025 2322 ἀγα-

77 2343 299 2428 νακτήσαντες
317 2345 337 2408 δ
341 2337 349 2362 ’
368 2341 420 2408 ἐπὶ
431 2353 498 2418 τοῖς
515 2345 706 2425 γενομένοις
723 2339 863 2424 μάλιστα
880 2339 956 2422 μὲν,
981 2333 1025 2414 ώς

77 2444 213 2526 λέγεται,
226 2444 260 2508 οί
267 2439 426 2525 πρόγονοι
437 2441 470 2506 οί
479 2435 641 2525 ὑμέτεροι,
652 2441 762 2504 ἔπειτα
774 2438 809 2503 δὲ
820 2437 875 2503 καὶ
887 2439 920 2520 υί
931 2434 1026 2502 ἀλλοι

73 2538 310 2623 Ἀμφικτύονες
327 2544 484 2620 μαντείαν
501 2536 743 2623 ἐμαντεύσαντο
762 2532 852 2621 παρά
875 2539 920 2622 τῷ
942 2540 1024 2623 θεῷ,

77 2645 142 2703 τίνι
158 2633 217 2720 χρη
233 2641 371 2722 τιμωρία
384 2633 462 2714 τούς
478 2634 681 2719 ἀνθρώπους
692 2634 832 2714 τούτους
842 2641 1024 2719 μετελθεῖν.

10 2749 59 2806 108
78 2734 131 2800 καὶ
150 2729 262 2809 αὐτοῖς
278 2729 409 2813 ἀναιρεῖ
420 2731 440 2818 ἡ
464 2739 580 2801 Πυθία
603 2743 758 2819 πολεμεῖν
777 2737 948 2819 Κιρραίοις
971 2733 1027 2800 καὶ

75 2828 444 2917 Ἀκραγαλλίδαιςπάντ’
456 2828 564 2916 ἤματα
575 2834 629 2899 καὶ
640 2832 746 2910 πάσας
755 2831 886 2914 νύκτας,
898 2833 954 2898 καὶ
965 2827 1027 2914 την

77 2931 188 3018 χώραν
205 2927 317 2997 αὐτῶν
334 2930 608 3014 ἐκπορθήσαντας
622 2931 677 2997 καὶ
689 2928 812 3008 αὐτούς
822 2927 1027 3014 ἀνδραποδι-

79 3032 241 3113 σαμένους
259 3024 436 3094 ἀναθεῖναι
453 3033 499 3112 τώ
508 3023 689 3094 Ἀπόλλωνι
699 3034 747 3111 τῷ
757 3033 877 3115 Πυθίῳ
888 3027 943 3093 καὶ
952 3023 1026 3108 Ἀρ-

77 3130 180 3211 τέμιδι
192 3125 245 3192 καὶ
256 3132 362 3210 Λητοῖ
375 3127 428 3191 καὶ
438 3122 562 3212 Ἀθηνᾷ
573 3130 723 3212 Προνοίᾳ
734 3125 786 3191 ἐπὶ
797 3123 888 3212 πάση
900 3122 1026 3213 ἀεργίᾳ,

77 3229 130 3293 καὶ
147 3225 271 3311 ταύτην
289 3224 350 3310 την
368 3223 481 3309 χώραν
498 3221 574 3309 μη’τ’
595 3221 717 3300 αύτούς
734 3222 931 3305 ἐργάζεσθαι
948 3223 1027 3308 μήτ’

77 3325 179 3392 ἀλλον
195 3328 262 3391 ἐάν.
291 3324 448 3411 λαβόντες
468 3327 503 3390 δὲ
514 3320 576 3391 τόν
585 3318 734 3407 χρησμὸν
746 3320 779 3387 οί
792 3316 1028 3404 Ἀμφικτύονες

76 3427 278 3508 ἐψηφίσαντο
291 3421 447 3499 Σόλωνος
460 3420 609 3498 είπόντος
617 3415 798 3504 Ἀθηναίου
809 3414 870 3502 τὴν
878 3416 1031 3501 γνώμην,
