2340 3916
302 216 437 272 ΚΑΤΑ
457 215 837 276 ΚΤΗΣΙΦΩΝΤΟΣ.
988 215 1050 279 137

53 458 55 463 Α
97 374 221 459 χρόνον
241 371 318 455 παρ’
338 371 483 441 ἑκόντων
506 381 574 439 τῶν
594 370 762 459 Ἑλλήνων
784 372 964 463 ἀπολαβεῖν
987 376 1049 461 τὴν

100 469 292 556 ἡγεμονίαν·
315 473 370 538 καὶ
388 470 516 537 τούτων
534 469 779 558 ἀπεστερήθητε
797 471 850 538 διαὶ
868 480 1048 561 Δημοσθέ-

98 595 161 654 νηυ
178 573 232 637 καὶ
251 569 460 655 Φιλοκράτην
477 570 532 635 καὶ
548 568 605 647 τάς
622 569 752 636 τούτων
768 574 987 654 δωροδοκίας,
1010 569 1048 651 δὶς

97 667 351 752 ἐδωροδόκησαν
367 666 548 744 συστάντες
563 668 616 734 ἐπὶ
632 664 668 732 τὸ
689 667 851 753 δημόσιον
873 667 910 735 τό
931 666 1048 754 ὑμέτε-

50 784 82 836 59
99 790 169 849 ρον.
183 771 213 831 εί
223 767 261 832 δέ
269 785 355 831 τισιν
368 761 465 850 ὑμῶν
475 767 630 850 ἐξαίφνης
639 767 824 833 ἀκούσασιν
835 766 1048 852 ἀπιστότερος

97 864 354 943 προσπέπτωκεν
371 861 388 930 ὁ
401 871 548 941 τοιοῦτος
559 863 673 948 λόγος,
692 867 824 943 ἐκείνως
836 863 897 950 την
908 862 1047 932 ύπόλοι-

96 983 161 1024 πον
172 959 356 1045 ποιήσασθε
366 956 545 1044 ἀκρόασιν,
569 958 680 1046 ὥσπερ
693 961 774 1027 ὅταν
786 967 859 1045 περὶ
870 962 1047 1048 χρημάτων

96 1051 318 1141 ἀνηλωμένων
330 1055 383 1124 διά
396 1065 524 1124 πολλοῦ
534 1057 660 1143 χρόνον
673 1060 893 1145 καθεζόμεθα
905 1062 957 1127 ἐπὶ
968 1086 1046 1138 τους

94 1157 280 1241 λογισμούς.
304 1157 469 1241 ἐρχόμεθα
488 1159 528 1243 δη’
545 1182 612 1224 που
628 1164 760 1237 ψευδεῖς
784 1168 921 1226 οίκοθεν
943 1161 1045 1224 ἐνίοτε

95 1256 190 1335 δόξας
207 1262 336 1340 ἔχοντες
351 1255 432 1322 κατά
444 1264 511 1324 των
523 1266 708 1343 λογισμων·
728 1255 801 1326 ἀλλ’
815 1255 904 1342 ὅμως
914 1255 1046 1324 ἐπειδάν
1060 1266 1110 1324 447

94 1349 111 1418 ὁ
126 1351 281 1437 λογισμός
293 1362 594 1441 συγκεφαλαιωθῇ,
617 1353 726 1433 οὐδεὶς
741 1353 838 1440 ἡμῶν
856 1358 944 1422 ἐστιν
956 1352 1044 1421 οὕτω

95 1451 256 1528 δύσκολος
267 1450 329 1538 την
342 1452 463 1538 φύσιν,
487 1451 576 1531 ὅστις
593 1452 655 1520 ούκ
668 1450 840 1538 ἀπέρχεται
852 1449 950 1520 τοῦθ’
964 1450 1044 1536 ὁμο-

94 1547 236 1631 λογήσας
253 1550 308 1614 καὶ
326 1548 501 1627 ἐπινεύσας
518 1548 641 1635 ἀληθὲς
659 1548 760 1634 εἶναι,
785 1548 847 1615 ὅτι
859 1543 902 1614 ἀν
913 1545 1042 1626 αύτὸςὸ

40 1661 74 1714 ου
92 1643 246 1729 λογισμὸς
268 1649 353 1732 αἱρῇ.
379 1644 466 1713 ούτω
484 1648 538 1714 καὶ
555 1654 621 1713 νῦν
638 1646 700 1732 την
717 1644 879 1729 ἀκρόασιν
902 1645 1045 1730 ποιησα-

94 1752 166 1810 σθε.
180 1752 212 1810 εί
220 1769 306 1822 τινες
318 1741 413 1829 ὑμῶν
425 1747 460 1811 ἐκ
472 1752 540 1812 τοῖν
558 1750 750 1832 ἔμπροσθεν
760 1744 891 1830 χρόνων
902 1742 1043 1829 ἥκουσιν

94 1850 230 1909 οίκοθεν
247 1842 404 1928 τοιαύτην
421 1849 549 1928 ἔχοντες
560 1844 622 1929 την
634 1844 751 1928 δόξαν,
766 1839 809 1921 ὡς
820 1840 885 1922 ἀρα
898 1836 915 1906 ὁ
927 1850 1044 1924 Λημο-

93 1945 216 2027 σθένης
234 1939 335 2010 οὐδὲν
353 1941 484 2009 πώποτε
503 1952 635 2028 εἴρηκεν
646 1939 728 2028 ὑπὲρ
742 1948 910 2008 Φιλίππου
921 1940 1044 2017 συστάς

92 2037 172 2123 μετά
185 2042 423 2127 Φιλοκράτους,
436 2081 478 2090 -
488 2036 578 2118 ὅστις
589 2037 677 2107 οὕτω
691 2039 859 2123 διάκειται,
872 2033 947 2123 μήτ’
959 2033 1043 2103 ἀπο-

92 2138 207 2219 γνώτω
216 2139 319 2224 μηδὲν
327 2139 407 2225 μήτε
415 2139 626 2225 καταγνώτω,
634 2142 712 2224 πρὶν
719 2135 761 2205 ἀν
769 2138 911 2225 ἀκούση·
925 2135 966 2204 οὐ
978 2135 1042 2223 γάρ

93 2241 231 2304 δίκαιον.
255 2237 329 2305 ἀλλ’
350 2238 410 2307 ἐάν
425 2243 507 2327 ἐμοῦ
519 2240 573 2308 διά
584 2246 734 2328 βραχέων
745 2239 908 2326 ἀκούσητε
921 2237 1043 2324 ὑπομι-

92 2333 300 2418 μνήσκοντος
318 2337 397 2416 τούς
417 2338 554 2423 καιρούς
568 2341 621 2407 καὶ
637 2336 674 2405 τό
693 2338 847 2424 ψήφισμα
859 2343 1043 2423 παρεχομέ-

91 2457 169 2515 νου,
194 2429 214 2500 δ
234 2434 314 2518 μετὰ
332 2437 560 2519 Φιλοκράτους
583 2443 705 2522 ἔγραψε
722 2438 961 2521 Δημοσθένης,
983 2432 1042 2501 ἐάν

92 2529 191 2606 αὐτὸς
215 2527 232 2595 ὁ
253 2538 310 2616 τῆς
334 2531 492 2617 ἀληθείας
510 2532 665 2618 λογισμὸς
687 2531 962 2617 ἐγκαταλαμβάνῃ
983 2530 1042 2597 τὸν

92 2629 318 2713 Δημοσθένην
334 2637 433 2698 πλείω
451 2632 512 2716 μὲν
528 2629 717 2716 γεγραφότα
736 2636 928 2716 ψηφίσματα
941 2635 1042 2696 Φιλο-

42 2846 75 2899 61
93 2821 174 2890 καθ’
186 2820 378 2911 ὑπερβολὴν
390 2826 425 2892 δὲ
437 2825 592 2911 αἰσχύνης
605 2825 866 2894 κεκολακευκότα
878 2832 1044 2893 Φίλιππον

92 2921 242 3000 καὶτούς
261 2920 341 3006 παρ’
361 2926 491 2991 ἐκείνου
507 2927 675 3010 πρέσβεις,
699 2934 805 2992 αίτιον
827 2923 861 2990 δέ
882 2922 1043 3009 γεγονότα
1058 2939 1111 2995 449

91 3027 139 3106 τῷ
151 3021 242 3109 δήμῳ
255 3030 317 3089 τοῦ
328 3021 371 3108 μη
385 3021 464 3107 μετά
482 3031 598 3090 κοινού
609 3028 788 3108 συνεδρίου
801 3019 1041 3108 τῶνἙλλήνων
1055 3041 1111 3099 450

93 3120 295 3203 ποιήσασθαι
307 3120 368 3207 την
380 3122 526 3208 εἰρήνην,
545 3127 681 3190 ἔκδοτον
693 3125 728 3190 δὲ
740 3128 892 3210 Φιλίππω
904 3146 1042 3207 πεποιη-

93 3217 173 3281 κότα
185 3223 440 3306 Κερσοβλέπτην
450 3222 510 3287 τδν
521 3222 655 3310 Θρηίκης
665 3224 810 3308 βασιλέα,
823 3219 930 3304 ἀνδρα
941 3227 1041 3305 φίλον

92 3318 145 3381 καὶ
158 3316 328 3402 σύμμαχον
343 3328 383 3405 τῇ
394 3320 496 3405 πόλει,
514 3319 618 3387 -ἐάν
631 3318 732 3387 ταῦθ’
753 3317 834 3405 ὑμίν
845 3327 960 3403 σαφεῖς
971 3321 1041 3384 ἐπι-

93 3418 196 3500 δείξω,
211 3417 368 3503 δεήσομαι
380 3415 478 3504 ὑμῶν
489 3425 626 3504 μετρίαν
638 3422 768 3504 δέησιν·
781 3417 976 3485 ἐπινεύσατέ
985 3443 1041 3503 μοι
