2340 3916
142 191 182 254 16
498 186 716 242 εαεοαιεον

90 349 122 399 37
142 339 365 421 συλληφθείη.
403 333 564 421 ἐπαρθεὶς
583 322 646 399 οὖν
665 345 735 410 τοῖς
759 333 819 418 τής
837 329 966 412 πόλεως
989 348 1110 414 κακοῖς

142 437 350 521 εἰσαγγέλλει
380 436 580 520 Διοκλείδης
611 438 660 512 είς
690 430 753 520 τήν
779 432 933 520 βουλήν,
964 432 1110 519 φάσκων

142 539 269 607 εἰδέναι
290 535 372 616 τοδς
396 534 644 625 περικόψαντας
667 533 749 613 τούς
774 532 914 623 Ἑρμᾶς,
937 535 994 603 καλ
1022 533 1110 604 εἶναι

142 637 269 718 αύτούς
293 645 342 718 είς
364 643 595 727 τριακοσίους·
628 633 675 715 οδς
705 634 738 704 δ’
767 640 831 704 ίδοι
855 636 912 704 καλ
937 636 1111 726 περιτύχοι

141 743 188 831 τῷ
207 739 395 830 πράγματι,
415 746 515 825 ἔλεγε.
548 739 604 806 καί
618 738 770 822 τούτοις,
790 727 973 825 άάνδρες,
991 739 1111 826 δέομαι

142 840 241 929 ύμῶν
260 843 487 931 προσέχοντας
510 839 571 907 τὸν
589 841 676 906 νοῦν
694 837 1024 928 ἀναμιμνήσκεσθαι,
1050 840 1111 910 ἐὰν

142 943 254 1032 άληδή
271 945 380 1031 λέγω,
398 943 456 1010 καί
475 940 646 1010 διδάσκειν
664 938 848 1028 άλλήλονς·
878 943 915 1008 έν
933 938 1018 1028 ύμῖν
1043 942 1110 1029 γάρ

142 1035 228 1132 ήσαν
247 1050 283 1113 οί
298 1043 411 1131 λύγοι,
429 1048 489 1110 καί
503 1069 558 1131 μοι
572 1041 670 1130 ύμεῖς
690 1040 823 1110 τούτων
841 1041 1011 1132 μάρτυρές
1027 1045 1110 1112 ἐστε.

92 1167 125 1218 38
146 1153 208 1233 ἔφη
226 1145 292 1231 γάρ
311 1144 397 1214 εἶναι
413 1143 477 1233 μὲν
495 1143 716 1232 ἀνδράποδόν
730 1148 766 1212 οί
783 1145 838 1212 ἐπὶ
854 1150 996 1235 Λαυρίῳ
1006 1195 1016 1230 ,
1036 1150 1111 1214 δεῖν

144 1246 181 1314 δὲ
192 1254 397 1334 κομίσασθαι
411 1244 604 1336 ἀποφοράν.
637 1244 785 1324 άναστδις
804 1243 843 1313 δέ
854 1244 928 1338 πρχδ
945 1248 1110 1327 ψευσθεὶς

143 1352 201 1435 τής
228 1345 317 1437 ὥρας
341 1352 503 1437 βαδίζειν·
535 1345 622 1417 εἶναι
646 1346 684 1415 δὲ
707 1347 929 1435 πανσέληνον.
968 1348 1038 1416 έπελ
1072 1347 1113 1417 δὲ

144 1449 234 1538 παρά
249 1447 286 1517 τδ
303 1449 517 1539 προπύλαιον
530 1452 591 1518 τοῦ
603 1447 778 1518 Διονύσου
793 1439 854 1536 ήν,
869 1445 954 1538 ὁρᾶν
968 1447 1111 1539 ἄνδρά-

144 1575 231 1631 πονς
264 1550 413 1632 πολλούς
437 1550 503 1620 άπδ
530 1553 592 1619 τοῦ
619 1549 742 1642 ςδδείον
769 1557 1037 1639 καταβαίνοντας
1062 1558 1112 1630 είς

143 1653 205 1740 τήν
237 1651 440 1743 ὀρχήστραν·
472 1659 586 1732 δείσας
612 1650 650 1720 δὲ
674 1649 821 1739 αύτούς,
848 1650 1013 1721 εἰσελθών
1040 1649 1111 1721 ύπδ

144 1753 205 1842 τήν
237 1755 334 1824 σκιάν
365 1757 564 1837 καθέζεσθαι
595 1753 719 1842 μεταξύ
743 1756 805 1822 τοῦ
829 1760 945 1833 κίονος
968 1755 1025 1822 καλ
1050 1756 1112 1840 τής

145 1856 269 1944 στήλης
295 1855 351 1944 ἐφ’
378 1847 401 1946 ή
429 1853 447 1924 δ
471 1855 656 1945 στρατηγός
682 1858 771 1925 ἐστιν
796 1852 988 1941 ὁχαλκοῦς.
1026 1852 1113 1944 ὁρᾶν

146 1963 166 2026 δ
169 1957 183 2024 δ
198 1955 407 2046 ἀνθρώπους
420 1957 481 2026 τδν
495 1956 558 2045 μὲν
568 1955 715 2045 άριθμδν
728 1956 872 2044 μάλιστα
884 1965 1113 2046 τριακοσίους,

148 2057 283 2126 ἑστάναι
301 2057 339 2126 δέ
357 2059 473 2150 κύκλῳ
492 2057 557 2126 άνά
576 2060 676 2127 πέντε
693 2060 750 2127 καὶ
769 2059 850 2127 δέκα
868 2056 1014 2147 ἄνδρας,
1031 2059 1113 2138 τούς

146 2157 184 2227 δέ
202 2157 268 2227 άνδι
294 2169 438 2228 είκοσιν·
463 2157 556 2248 δρῶν
580 2158 618 2229 δὲ
643 2159 759 2228 αύτῶν
777 2159 863 2248 πρὸς
880 2159 943 2248 τήν
967 2160 1113 2249 σελήνην

98 2279 131 2330 39
147 2260 188 2328 τά
208 2260 372 2350 πρόσωπα
389 2266 459 2330 τῶν
473 2268 640 2331 πλείστων
659 2260 867 2348 γιγνώσκειν.
900 2263 956 2330 καλ
976 2265 1115 2350 πρῶτον

146 2362 227 2450 μέν,
253 2353 278 2430 ὦ
296 2360 438 2452 άνδρες,
461 2362 565 2433 τοῦδ’
583 2362 731 2433 ύπέθετο
749 2362 943 2432 δεινότατον
961 2366 1113 2453 πρᾶγμα,

147 2461 250 2552 οἶμαι,
265 2461 356 2545 ὅπως
372 2467 409 2534 έν
425 2469 543 2558 ἐκείνῳ
558 2475 608 2554 τίη
623 2462 739 2533 ὅντινα
752 2465 910 2554 βούλοιτο
919 2463 1114 2552 Ἀθηναίων

146 2564 253 2652 φάναι
283 2572 351 2635 τῶν
382 2565 520 2656 ἀνδρῶν
546 2567 679 2636 τούτων
710 2564 813 2653 εἶναι,
845 2563 961 2634 ὅντινα
993 2565 1031 2635 δὲ
1066 2567 1112 2654 μή

146 2666 322 2755 βούλοιτο,
351 2669 460 2756 λέγειν
487 2667 537 2736 ὅτι
563 2667 627 2737 ούκ
650 2659 702 2755 ήν.
740 2668 826 2738 ίδοδν
852 2666 891 2736 δὲ
917 2667 1014 2737 ταῦτ’
1048 2673 1113 2757 ἔφη

147 2769 202 2835 έπλ
222 2768 375 2858 Λαύριον
401 2771 505 2857 ίάιαι,
530 2772 587 2838 καὶ
605 2772 647 2858 τή
666 2767 831 2860 ύστεραίηι
850 2767 987 2840 ἀκούειν
1012 2765 1062 2837 ὅτι
1080 2774 1118 2838 οἱ

215 2966 256 3015 37.
276 2963 449 3030 Διοκλείδης
465 2965 540 3017 Ald.:
559 2958 606 3017 διδ
622 2964 674 3018 καλ
692 2963 747 3027 δὶς.

215 3032 256 3086 38,
274 3025 334 3102 πρῴ
344 3033 411 3088 Bk:
424 3030 496 3101 προλ
506 3034 543 3098 Δ,
556 3033 668 3114 πρωλτ.
679 3063 710 3071 -
721 3028 753 3086 τδ
765 3027 910 3086 Διονύσου
919 3033 1022 3088 ZMBk.
1036 3031 1113 3085 Schi.

146 3128 180 3137 -
199 3090 295 3166 σκιάν]
310 3095 407 3152 οἰκίαν
425 3116 466 3185 ρο.
484 3104 515 3157 Δ.
529 3130 563 3140 -
581 3101 652 3169 οράν
671 3098 703 3155 δὲ
721 3094 792 3168 κτὲ.]
812 3102 849 3153 cf.
862 3101 960 3153 Galen.
978 3100 1073 3152 XVIII
1091 3101 1116 3152 A

146 3186 173 3235 p.
187 3169 238 3219 450
257 3167 298 3223 εδ.
311 3169 409 3219 Riihn:
428 3172 459 3221 Α.
472 3161 552 3240 ἐντῷ
570 3168 635 3238 περλ
655 3169 832 3236 μυστηρίων·
852 3160 932 3221 άδων
951 3159 979 3220 δ’
1000 3158 1115 3234 ἄνδρά-

145 3252 219 3296 πονς
236 3230 287 3287 τὸν
304 3231 358 3302 μὲν
368 3228 497 3304 άριδμδν
509 3233 635 3302 μάλιστα
653 3236 847 3303 τριακοσίους.
871 3232 924 3303 μὲν
939 3241 968 3288 et
980 3228 1114 3303 μάλιστα,

165 3320 218 3355 uae
241 3319 292 3355 om.
313 3305 406 3370 codd„
430 3306 571 3358 eGaleno
595 3304 658 3356 εδδ.
681 3305 718 3357 sl.
741 3305 794 3356 Bk.
817 3305 890 3356 idem
914 3303 952 3355 sl.
974 3319 1024 3370 pro
1042 3297 1115 3370 δρᾶν

147 3320 252 3439 ήάδων)
272 3373 306 3423 οἱ.
325 3368 410 3424 ἰδεῖν.
428 3398 461 3410 -
480 3369 535 3425 τῶν
552 3371 704 3439 πλείστων]
724 3365 898 3424 τὰπλεῖστα
916 3388 956 3439 pr.
974 3373 1006 3423 Δ.

186 3507 193 3524 .
215 3441 257 3569 3}
266 3432 405 3573 3[ἐριύριον
417 3441 483 3492 Bk.=
504 3440 629 3508 λαυρίαν
640 3439 731 3507 codd„
746 3441 883 3506 λανρεῖον
899 3455 926 3495 v.
939 3439 1024 3504 (sieut
1036 3442 1115 3493 Λαν-

147 3523 214 3578 ρειῳ
313 3546 319 3558 .
