2340 3916
292 220 424 277 ΚΑΤΑ
445 218 824 276 ΚΤΗΣΙΦΩΝΤΟΣ.
963 215 1023 277 133

77 377 180 445 αὐτόν
195 380 258 464 γάρ
277 376 337 444 τόν
354 385 502 463 χρυσοῦν
519 379 701 461 στέφανον,
723 373 759 455 ὃς
776 373 819 444 ἀν
836 380 872 445 έν
884 386 929 466 τῷ
939 378 1024 444 θεοί-

76 484 198 566 τρφτῷ
216 481 252 544 ἐν
271 475 361 542 ἀστει
378 473 572 561 ἀναρρηθῇ,
596 474 688 559 ἱερὸν
705 473 789 540 εἶναι
806 482 863 559 της
880 471 1024 559 Ἀθηνᾶς

77 575 203 642 κελεύει
215 573 232 641 ὁ
245 573 355 659 νόμος,
367 572 573 659 ἀφελόμενος
584 572 644 640 τόν
655 571 934 656 στεφανούμενον.
950 582 1024 640 καί-

76 698 125 737 τοι
150 679 197 750 τίς
219 668 262 738 ἀν
283 669 379 758 ὑμῶν
400 672 571 758 τολμήσειε
593 670 758 756 τοσαύτην
785 669 1024 752 ἀνελευθερίαν

76 779 285 855 καταγνῶναι
301 777 363 837 τοῦ
385 769 492 856 δήμου
513 777 580 837 τῶν
595 767 795 855 Ἀθηναίων;
820 767 864 854 μὴ
888 767 951 854 γάρ
972 768 1023 836 ότι

77 868 186 950 πόλις,
213 865 286 935 ἀλλ’
307 867 381 935 οὐδ’
404 864 447 934 ἀν
464 870 595 954 ἰδιώτης
612 867 689 936 οὐδὲ
707 865 753 946 εἷς
765 866 871 946 οὕτως
884 865 1024 952 ἀγεννὴς

76 968 218 1049 γένοιτο,
242 966 326 1034 ὥστε
343 965 383 1034 όν
401 966 501 1045 αὐτὸς
519 973 621 1035 ἔδωκε
639 971 804 1052 στέφανον
817 965 884 1052 ἅμα
896 964 1024 1050 ἀνακη-

75 1063 206 1144 ρύττειν
224 1065 278 1131 καὶ
296 1062 511 1149 ἀφαιρεῖσθαι
529 1069 584 1133 καί
599 1074 792 1149 καθιεροῦν.
816 1061 900 1148 ἀλλ’,
923 1061 1022 1149 οἶμαι,

75 1157 128 1226 διόι
145 1159 182 1226 τό
202 1161 331 1240 ξενικόν
349 1162 433 1230 εἶναι
451 1162 509 1229 τόν
527 1167 694 1248 στέφανον
711 1165 765 1231 καὶ
785 1161 806 1248 ἡ
825 1165 1023 1246 καθιέρωσις

73 1266 234 1344 γίγνεται,
257 1264 311 1327 ἵνα
328 1259 628 1346 μηδεὶςάλλοτρίαυ
639 1262 775 1330 εύνοιαυ
785 1264 860 1344 περὶ
872 1269 1023 1341 πλείονος

75 1357 273 1441 ποιούμενος
287 1366 343 1444 της
361 1365 517 1444 πατρίδος
532 1368 651 1445 χείρων
669 1364 801 1447 γένηται
817 1359 879 1446 τὴν
900 1361 1019 1447 ψυχήν.

21 1464 56 1521 47
74 1455 146 1523 ἀλλ’
166 1456 227 1523 οὐκ
244 1461 371 1526 ἐκείνου
388 1460 448 1526 τὸν
464 1464 501 1527 ἐν
518 1469 558 1547 τῇ
574 1465 728 1549 ἐκκλησίᾳ
740 1464 907 1546 στέφανον
917 1458 1022 1545 ἀναρ-

75 1560 219 1641 ρηθέντα
238 1555 346 1636 οὐδεὶς
363 1567 530 1641 καθιεροῖ,
549 1558 621 1627 ἀλλ’
637 1567 740 1640 ἔξεστι
750 1568 948 1646 κεκτῆσθαι,
966 1566 1021 1627 ἵνα

73 1653 117 1739 μὴ
129 1656 236 1740 μόνον
247 1656 362 1743 αὐτός,
385 1656 467 1724 ἀλλά
479 1661 533 1725 καὶ
545 1662 579 1725 οἱ
587 1663 618 1738 ἐξ
628 1661 772 1742 ἐκείνου,
796 1663 923 1745 ἔχοντες
934 1662 971 1726 έν
982 1667 1022 1746 τῇ

75 1760 160 1844 οἰκίᾳ
171 1753 208 1821 τό
220 1753 411 1841 ὑπόμνημα,
423 1758 584 1841 μηδέποτε
598 1760 693 1825 κακοὶ
710 1756 772 1843 την
782 1757 892 1844 ψυχὴν
903 1763 948 1835 είς
961 1755 1023 1824 τόν

74 1856 180 1939 δῆμον
196 1860 382 1939 γίγνωνται.
406 1857 461 1922 καὶ
479 1854 533 1921 διά
550 1863 647 1922 τούτο
665 1850 905 1940 προσέθηκενό
921 1881 1023 1939 νομο-

73 1954 172 2037 θέτης
184 1948 227 2036 μη
247 1951 471 2037 κηρύττεσθαι
488 1949 547 2018 τόν
565 1950 741 2035 ἀλλότριον
752 1958 919 2037 στέφανον
930 1955 965 2018 ἐν
977 1959 1023 2040 τῷ
1038 1958 1088 2014 4³⁷

76 2050 217 2140 θεάτρῳ,
231 2049 289 2117 ε’ἀν
301 2049 344 2137 μη
357 2057 539 2136 ψηφίσηται
551 2048 568 2116 ὁ
581 2054 699 2136 δῆμος,
710 2048 755 2118 ἵν’
768 2048 789 2136 ἡ
801 2050 896 2130 πόλις
907 2048 927 2136 ἡ
939 2058 1022 2137 βου-

73 2153 193 2234 λομέυη
212 2148 285 2215 τιυά
304 2157 373 2216 των
390 2149 558 2236 ὑμετέρων
576 2159 766 2236 στεφανοῦν
777 2155 928 2239 πρέσβεις
940 2156 1023 2237 πέμ-

73 2263 163 2325 ψασα
176 2252 282 2333 δεηθῇ
292 2256 353 2315 τοῦ
366 2249 489 2334 δήμου,
501 2253 557 2316 ἵνα
566 2250 809 2337 κηρυττόμενος
818 2255 914 2337 μείζω
925 2250 1023 2336 χάριν

73 2350 143 2431 εἰδῇ
153 2352 221 2411 τῶν
234 2348 493 2431 στεφανούντων
503 2348 594 2432 ὑμίν,
608 2346 659 2415 ότι
668 2355 807 2434 κηρῦξαι
816 2353 1019 2431 ἐπετρέψατε.

73 2442 123 2508 ότι
136 2441 166 2509 δ’
178 2441 290 2530 ἀληθῆ
300 2446 400 2529 λέγω,
414 2453 482 2512 των
493 2445 607 2529 νόμων
619 2444 732 2513 αὐτῶν
743 2445 914 2513 ἀκούσατε.

463 2552 628 2612 ΝΟΜΟΙ.

21 2653 56 2705 48
154 2639 303 2706 Ἐπειδὰν
321 2648 436 2707 τοίνυν
452 2644 676 2719 ἐξαπατῶντες
696 2641 780 2727 ὑμᾶς
799 2648 954 2730 λέγωσιν,
980 2644 1023 2723 ὠς

71 2744 338 2824 προσγέγραπται
356 2744 393 2806 έν
414 2749 460 2829 τῷ
482 2741 574 2830 νόμῳ
597 2744 714 2821 ἐξεῖναι
735 2751 941 2830 στεφανοῦν,
964 2745 1023 2811 ἐὰν
1126 2828 1132 2837 .

71 2836 286 2925 ψηφίσηταιὸ
306 2843 423 2925 δῆμος,
446 2838 738 2926 ἀπομνημονεύετε
749 2839 861 2920 αὐτοῖς
872 2839 1022 2928 ὑποβάλ-

28 2939 32 2945 “
71 2950 155 3007 λειν·
172 2943 244 3022 ναὶ,
264 2951 296 3009 εί
303 2967 340 3024 γε
352 2945 391 3008 σε’
399 2968 446 3019 τις
458 2939 540 3026 ἀλλη
553 2940 648 3020 πόλις
660 2956 832 3027 στεφανοῖ·
845 2946 875 3009 εί
887 2944 922 3008 δὲ
934 2939 951 3008 ὁ
964 2947 1024 3027 δῆ-

71 3065 130 3122 μος
152 3037 169 3105 ὁ
187 3038 390 3125 Ἀθηναίων,
411 3038 642 3108 ἀποδέδεικταί
658 3061 711 3107 σοι
726 3040 844 3124 τόπος,
869 3037 955 3106 ὅπου
973 3045 1024 3106 δεῖ
1039 3056 1092 3112 438

71 3143 168 3204 τοῦτο
185 3145 360 3225 γενέσθαι,
384 3137 560 3225 ἀπείρηταί
574 3160 626 3206 σοι
643 3143 702 3219 ἔξω
720 3146 777 3224 τῆς
793 3141 965 3223 ἐκκλησίας
976 3135 1020 3222 μὴ

71 3236 303 3319 κηρύττεσθαι,
325 3237 362 3306 τό
375 3237 440 3325 γάρ
452 3235 599 3325 „finem
612 3238 646 3305 δὲ
657 3240 834 3323 μηδαμοῦςί
847 3234 867 3303 ό
878 3261 909 3302 τι
921 3241 1020 3315 ἔστιν,

71 3331 152 3418 ὅλην
163 3334 227 3422 την
236 3334 364 3422 ἡμέραν
382 3339 470 3422 λέγε·
494 3334 536 3404 οὐ
548 3335 612 3421 γάρ
625 3334 821 3419 ἀποδείξεις,
843 3332 887 3413 ἀς
899 3340 1022 3411 ἔννομα

69 3457 245 3518 ταυτας.
