2340 3916
141 195 183 256 τι
377 240 378 244 ι
410 187 413 192 ’
486 150 752 291 mmor

88 376 122 428 δέ
142 355 321 443 κτήσαςτῷ
335 352 533 441 πραγματιὸ
548 356 752 435 Πιττάλακος
769 361 894 441 ε”ρχεται
912 354 1096 442 γυμνὸςείς

143 454 205 540 τὴν
214 453 344 538 ,οἰγοράν
354 456 408 521 καὶ
421 459 548 533 καθίζει
565 456 618 522 ε’πὶ
631 453 692 522 τὸν
701 453 817 541 βωμὸν
827 462 884 540 τῆς
895 455 1017 541 μητρὸς
1027 461 1096 522 τῶν

57 572 60 577 ’
143 561 244 619 θεῶν.
258 550 359 636 ὄχλου
371 552 406 619 δὲ
418 553 684 638 συνδραμόντος,
708 549 780 621 οἷον
796 563 897 621 είωθε
908 560 1095 638 γίγνεσθαι,
1161 599 1164 604 -

138 647 351 738 ’φοβηθέντες
361 650 382 718 δ’
391 676 426 718 τε
434 649 661 738 Ἡγήσανδρος
671 649 755 740 καίδ
771 658 942 738 Τίμαρχος,
955 649 999 736 μὴ
1012 649 1096 716 νἰνα-

144 757 296 837 κηρυχθῇ
311 746 452 836 αὐτιδνὴ
464 754 622 837 βδελυρία
633 757 678 829 είς
689 759 800 818 πᾶσαν
810 749 871 836 την
882 749 991 832 πόλιν,
1004 750 1095 836 ἐπῄει

144 849 180 915 δὲ
191 852 356 934 ἐκκλησία,
367 852 487 915 θέουσι
498 845 580 933 πρὸς
596 847 656 916 τὸν
666 847 782 935 βωμὸν
793 851 848 916 καί
858 844 951 914 αὐτοὶ
962 850 1016 914 καί
1028 854 1096 912 τῶν

6 1024 11 1031 Ι
66 1013 69 1018 ,
145 954 384 1033 συγκυβευτῶν
394 974 497 1032 τινες,
512 950 567 1017 καὶ
578 949 789 1034 περιστάντες
801 952 931 1016 ἐδέοντο
943 955 1004 1015 τοῦ
1014 955 1097 1014 Πιτ-
1116 968 1147 1022 51

142 1042 509 1130 ταλακουέναστηναι,
532 1050 697 1132 λέγοντες,
725 1046 833 1115 ὅτιτὸ
857 1047 939 1114 ὅλον
961 1055 1095 1131 πρᾶγμα

146 1148 302 1224 παροινία
313 1147 461 1228 γέγονεν,
474 1145 528 1211 καὶ
541 1144 642 1223 αὐτὸς
653 1146 689 1213 δὲ
700 1137 814 1225 οὗτος,
827 1145 958 1213 οὐδέπω
970 1144 1015 1231 μοὶ
1028 1152 1095 1212 Δία

98 1322 102 1327 .
145 1236 254 1322 ὥσπερ
267 1247 332 1304 νυν
344 1236 503 1324 ἀργαλέος
521 1236 571 1307 σδν
585 1240 647 1327 τὴν
665 1241 760 1328 ὄψιν,
783 1239 858 1310 ἄλλ’
870 1248 916 1311 ἔτι
926 1241 1095 1329 χρήσιμος,

8 1346 12 1353 “
144 1331 388 1421 ὑπογενειάζων
397 1336 457 1411 τὸν
474 1337 658 1422 ἄνθρωπον
675 1343 728 1406 καί
740 1340 847 1406 πάντα
857 1340 998 1426 φάσκων
1009 1339 1096 1423 προί-

145 1437 228 1516 ξειν,
250 1429 458 1522 δι’ἰνέκείνῳ
471 1439 627 1523 συνδοκῇ.
652 1441 752 1522 πέρας
763 1444 940 1507 πείθουσιν
950 1434 1096 1520 ἀναστη-

31 1570 35 1577 ·
145 1559 199 1599 ναι
211 1530 275 1600 &aad
286 1542 347 1600 τοῦ
356 1534 473 1621 βωμοῦ
484 1533 736 1621 τδνᾶνθρωπον
746 1535 790 1616 ὡς
800 1537 1098 1623 τευξόμενόντινος

81 1692 86 1701 .
144 1657 213 1721 των
235 1637 380 1700 δικαίαν
405 1631 499 1712 ωςδ’
519 1632 673 1722 ἀπῆλθεν
691 1638 726 1703 ἐκ
748 1644 806 1722 τῆς
823 1634 962 1760 σἰγορᾶς,
985 1631 1097 1700 οὐκέτι

144 1748 320 1820 προσειχον
331 1761 419 1802 αυτισ
433 1761 492 1802 τον
503 1761 597 1803 νουν
615 1735 788 1822 βαρέωςδὲ
799 1761 912 1829 φερειν
923 1760 984 1820 την
995 1731 1096 1818 υβριν
1116 1747 1150 1800 62

33 1866 38 1885 ι
144 1829 256 1898 αὐτῶν
267 1859 285 1901 ο
273 1828 477 1916 “α’νθρωπος
488 1835 612 1918 δίκην
595 1837 738 1923 εκατέρῳ
750 1831 1030 1917 αὐτωνλαγχανει.
1044 1827 1092 1895 ὅτι

145 1931 176 1999 δ’
189 1934 369 2019 ε’δικοίζετο,
383 1937 551 2014 σκέψασθε
563 1936 837 2025 μεγαληνρώμην
846 1933 1093 2053 Ηγησανδρου·

90 2050 124 2103 85
146 2031 765 2156 ἄνθρωπονουδὲναὺτόνηδικηκότα,
794 2032 877 2103 ἀλλα
889 2062 925 2102 το
915 2033 1097 2101 ἐναντίον

30 2154 33 2159 ·
145 2129 361 2216 ἠδικημένον,
382 2130 822 2236 οὐδὲνπροσηκοντααυτῷ,
840 2127 1096 2217 ἄλλαδημόσιον

147 2234 276 2316 οίκετην
287 2240 344 2316 τῆς
355 2233 590 2319 πολεως,ηγεν
600 2239 646 2312 είς
657 2239 811 2302 δουλείαν
822 2232 964 2316 φασκων
975 2231 1096 2298 εαυτου

147 2328 230 2395 εἶναι
243 2333 376 2398 δοῦλον.
391 2322 429 2398 έν
440 2332 539 2398 παντί
549 2330 586 2398 δὲ
594 2333 702 2397 κακοῦ
710 2331 889 2416 γενόμενος
900 2327 917 2397 ὁ
930 2326 1095 2395 Πιττάλα-

146 2453 203 2511 κος
214 2435 409 2511 προσπίπτει
422 2426 519 2515 ἀνδρὶ
529 2435 583 2498 καί
593 2430 686 2517 μάλα,
693 2431 830 2518 χρηστῷ.
847 2434 914 2495 ἔστι
924 2453 972 2505 τις
983 2422 1097 2493 Γλαύ-

146 2553 216 2593 κων
240 2527 447 2613 Χολαργεύς·
476 2520 574 2608 οὗτος
598 2527 700 2596 αὐτὸν
725 2527 912 2613 ἀφαιρεῖται
936 2529 981 2601 είς
1002 2526 1118 2596 έλευ-,

56 2654 61 2662 ’
149 2633 275 2708 θερίαν.
297 2624 333 2695 τό
353 2628 388 2695 δὲ
412 2627 492 2714 μετολ
513 2638 611 2697 τοῦτο
635 2635 740 2697 δικῶν
761 2629 867 2713 λη’ξεις
890 2625 1151 2712 ἐποιήσαντο.’63

3 2738 5 2745 “
64 2774 68 2780 -
147 2725 321 2808 προιόντος
349 2723 384 2792 δὲ
411 2736 472 2793 τοῦ
495 2728 619 2813 χρόνον
646 2732 827 2812 ἐπέτρεψαν
855 2732 1036 2812 διαγνῶναι
1057 2721 1094 2787 τὸ

147 2833 281 2909 πρᾶγμα
303 2833 476 2893 Διοπείθει
497 2854 542 2894 τω
566 2837 719 2912 Σουνιεῖ,
741 2826 867 2913 δημότη
885 2851 920 2892 τε
941 2823 1013 2892 ὅντι
1035 2847 1113 2888 του

43 3012 47 3018 ·
150 2924 376 3010 Ηγησάνδρου
392 2953 445 2992 και
436 2923 528 3011 η”δη
546 2927 624 2994 ποτὲ
642 2929 697 2994 καὶ
714 2929 924 3012 χρησαμένω,
944 2919 994 2989 ὅτ’
1007 2946 1050 3006 ην
1061 2945 1110 2984 εν

15 3032 39 3053 ’·
147 3020 273 3110 ηλικία
296 3023 554 3108 παραλαβώνδδ
571 3022 607 3091 τὸ
627 3035 761 3110 πρᾶγμα
778 3022 795 3090 ὁ
815 3019 999 3106 Διοπείθης
1017 3015 1097 3084 ἆνε-

95 3140 98 3146 ·
146 3123 285 3209 βάλλετο
307 3122 517 3208 χαριζόμενος
532 3123 662 3200 τούτοις
680 3123 821 3209 χρόνους
838 3121 906 3187 έκ
890 3119 1030 3204 χρόνων.
1054 3140 1098 3192 υς
1116 3123 1152 3177 64

94 3243 128 3296 ει
150 3223 184 3289 δὲ
197 3222 315 3310 παρῄει
325 3223 377 3290 ἐπι
388 3249 424 3288 το
414 3219 570 3307 βῆμα
537 3249 573 3289 το
587 3221 776 3324 ὑμέτερονο
763 3210 1062 3343 Ηγήσανδρος,“
1042 3239 1097 3280 οτε
1142 3271 1146 3277 .

147 3345 198 3385 και
191 3321 448 3404 προσεπολέμει
459 3309 704 3407 Ἀριστοφωντι
703 3347 749 3409 τῳ
735 3318 902 3405 Ἁζηνιει,
916 3318 995 3401 πριν
1006 3311 1096 3379 αὐτῶ

147 3417 207 3502 την
224 3444 330 3504 αυτην
343 3419 468 3504 ταύτην
484 3418 660 3506 ηπείλησεν
678 3423 875 3506 ἐπαγγελίαν
887 3418 923 3482 έν
933 3440 978 3504 τῳ
965 3412 1097 3500 δήμῳ,
