2340 3916
138 212 181 272 44
481 213 734 272 ΑΙΣΧΙΝΟΥ

139 377 400 456 ταῖνδικαστιίν,
424 369 513 454 οἶμαι
523 364 567 434 άν
578 365 719 453 αύτούς,
744 379 777 438 εί
789 396 838 447 τις
853 370 897 455 μή
915 377 1087 455 προειπών

140 478 238 538 τοῦτο
250 470 433 555 ποιήσειεν,
445 464 626 551 ἀπορήσαι,
644 475 707 535 εἴτε
720 463 842 552 άνδρός
853 475 916 535 είτε
927 464 1083 553 γυναικός

141 569 316 656 εἰλήφασιν
326 569 459 650 έσθήτα.

223 660 434 749 Ἀναβήσεται
452 657 483 727 δ’
502 663 540 728 ἐν
556 669 597 749 τή
611 658 772 749 ἀπολογίᾳ
788 663 843 729 καὶ
858 668 927 728 τῶν
942 681 1083 746 στρατη·
1103 686 1139 740 135

140 773 211 849 γῶν
224 788 288 846 τις,
311 755 496 842 άςάιιούω,
520 755 685 839 ὑπτιάζων
701 760 756 826 καὶ
774 760 1085 846 κατασκοπούμενος

141 860 277 944 ἑαυτόν,
300 854 344 935 άς
361 860 398 924 έν
417 862 629 939 παλαίστραις
644 857 698 924 καλ
722 860 902 943 διατριβαῖς
922 859 1085 944 γεγονώς·

77 970 123 1021 144
143 957 179 1038 ός
192 956 388 1043 ἐπιχειρήσει
399 953 571 1039 διασύρειν
588 955 650 1039 τήν
664 953 748 1040 ὅλην
760 960 913 1021 ἔνστασιν
923 961 985 1021 τοῦ
996 955 1087 1040 άγῶ-

140 1082 213 1141 νος,
236 1051 278 1120 ού
296 1060 407 1138 κρίσιν
423 1056 631 1138 ἐξευρηκέναι
647 1076 687 1136 με
699 1050 857 1138 φάσκων,
879 1049 964 1120 άλλά
977 1056 1088 1137 δεινῆς

141 1149 485 1237 άταιδευσίαςάρχήν,
503 1153 707 1235 παραφέρων
724 1157 857 1233 πρῶτον
868 1148 929 1234 μὲν
939 1147 1018 1228 τούς
1029 1148 1087 1216 εύ-

142 1255 273 1338 εργέτας
284 1249 363 1328 τούς
374 1247 569 1335 ὑμετέρους,
585 1239 763 1334 Ἁρμόδιον
781 1250 835 1315 καλ
850 1246 1087 1332 Ἀριστογείτο-

105 1358 115 1375 “
141 1376 202 1434 να,
226 1350 280 1415 καὶ
294 1346 356 1434 τήν
367 1345 451 1433 πρὸς
462 1343 627 1430 ἀλλήλους
640 1351 752 1411 πίστιν
769 1347 823 1411 καλ
839 1343 876 1411 τό
890 1353 1026 1430 πρᾶγμα
1041 1343 1087 1423 άς
1103 1421 1105 1424 ,

141 1449 326 1536 συνήνεγκε
335 1455 377 1534 τή
389 1445 483 1512 πόλει
495 1444 640 1524 διεξιόν·
660 1443 722 1512 οὑκ
733 1440 886 1530 ἀφέξεται
899 1444 942 1531 δ’,
961 1443 1006 1524 όίς
1018 1472 1084 1531 φα·
1107 1472 1136 1525 13

143 1569 207 1631 σιν,
221 1542 299 1613 οὐδὲ
310 1551 377 1611 τάν
386 1541 530 1628 Ὁμήρου
541 1541 733 1627 ποιημάτων
743 1540 821 1612 ούδέ
832 1550 901 1610 τιόν
912 1540 1088 1629 ὀνομάτων

142 1652 210 1710 τῶν
220 1641 391 1729 ήρωικων,
417 1637 501 1708 άλλά
513 1640 568 1707 καλ
584 1638 646 1725 τήν
662 1645 845 1727 λεγομένην
860 1645 1019 1726 γενέσθαι
1030 1666 1088 1726 φι-

142 1748 217 1808 λίαν
228 1739 266 1807 δί
280 1745 385 1826 ἐρωτα
396 1736 594 1822 Πατρόκλου
605 1739 660 1805 καλ
668 1734 835 1823 Ἀχιλλέως
852 1736 1010 1826 ὑμνήσει,
1033 1743 1086 1806 καὶ

144 1837 325 1922 τόκόλλος,
351 1835 462 1922 ὥσπερ
480 1833 522 1904 ού
532 1835 633 1903 πάλαι
650 1836 929 1923 μακαριζόμενον,
951 1832 1088 1924 άντύχη

144 1936 380 2023 σωφροσύνης,
404 1942 469 2001 νῦν
481 1933 725 2020 ἐγκωμιάσεται.
760 1940 791 2002 εί
800 1933 865 2019 γάρ
876 1933 937 2021 τήν
948 1941 1009 2003 τοῦ
1020 1936 1088 2002 σά-

78 2051 125 2103 145
143 2062 244 2123 ματος
255 2030 454 2114 εὐπρέπειαν
470 2030 594 2117 ταύτην
605 2034 690 2109 τινὲς
707 2030 938 2119 διαβάλλοντες
955 2052 1089 2118 συμφο-

144 2131 208 2215 ράν
224 2144 293 2208 τοῖς
309 2135 419 2214 έχουσι
438 2128 717 2214 καταστήσουσιν,
741 2125 783 2196 ού
800 2127 904 2196 ταύτά
916 2136 1011 2216 κοινῇ
1023 2144 1089 2213 φη-

144 2236 296 2318 φιεῑσθαί
304 2247 407 2314 φησιν
417 2225 502 2313 ὑμᾶς
519 2228 573 2295 καὶ
591 2231 658 2314 ἰδίᾳ
678 2224 849 2311 εὔχεσθαι·
880 2224 1007 2293 άτοπον
1023 2223 1087 2309 γάρ
1110 2258 1139 2311 13

145 2327 228 2397 εἶναι
250 2331 361 2394 δοκεῖν
383 2321 474 2415 αὑτῷ
480 2375 490 2410 ,
508 2330 539 2392 εί
547 2323 626 2402 τοὺς
637 2324 698 2408 μὲν
707 2328 788 2402 υίεῐς
798 2323 876 2402 τούς
886 2327 1020 2410 μηδέπω
1031 2349 1088 2407 γε-

142 2426 283 2512 γονότας
293 2423 438 2514 ἅπαντες
448 2421 587 2509 εὔχεσθε
595 2428 630 2490 οί
638 2426 811 2508 μέλλοντες
819 2426 1089 2490 παιδοποιεῖσθαι

143 2521 267 2602 καλούς
278 2519 450 2607 κάγαδοὺς
459 2518 518 2599 τάς
533 2522 622 2599 ἰδέας
633 2526 738 2605 φῦναι
749 2522 804 2588 καὶ
814 2529 873 2604 τῆς
883 2519 1008 2598 πόλεως
1018 2518 1089 2598 άξί-

143 2648 213 2706 ους,
223 2619 301 2698 τούς
312 2617 344 2687 δ’
355 2618 418 2706 ήδη
430 2616 621 2702 γεγονότας,
633 2615 682 2703 ἐφ’
696 2612 744 2696 οἷς
756 2617 916 2703 προσήκει
926 2616 1090 2701 σεμνύνε-

144 2731 225 2789 σθαι
235 2720 297 2806 τήν
309 2719 423 2803 πόλιν,
448 2716 506 2784 ἐάν
517 2717 630 2785 κάλλει
642 2719 696 2784 καὶ
712 2715 784 2805 ὥρη
797 2716 1023 2802 διενεγκόντες
1033 2719 1089 2785 ἐκ-

144 2818 292 2903 πλήξωσί
307 2841 397 2893 τινας
415 2819 470 2882 καλ
489 2815 704 2901 περιμάχητοι
721 2818 754 2895 ἐξ
772 2821 893 2898 ἐρωτος
914 2820 1087 2900 γένωνται,

143 2913 297 2995 τούτους,
321 2911 364 2990 ὡς
387 2917 510 2999 ἔοικεν,
532 2920 671 3002 Αἰσχίνη
693 2919 884 2994 πεισθέντες
899 2913 1087 3002 άτιμάσετε.

143 3010 319 3079 κάνταῦθα
330 3010 370 3095 δή
380 3036 453 3077 τινα
464 3009 691 3097 καταδρομήν,
704 3008 747 3090 ὡς
758 3009 882 3098 άκούω,
893 3015 1002 3098 μέλλει
1014 3036 1089 3079 ποι·
1111 3038 1139 3091 13

144 3118 254 3178 εἴσθαι
262 3110 336 3193 περὶ
348 3110 445 3193 ἐμοῦ,
458 3111 648 3195 ἐπερωτῶν,
666 3118 697 3179 ελ
707 3109 768 3178 ούκ
780 3111 976 3197 αἰσχύνομαι
987 3109 1088 3190 αὑτός

144 3209 205 3293 μὲν
215 3210 331 3283 ἐντοῖς
345 3216 540 3291 γυμνασίοις
556 3203 695 3293 ὀχληρός
712 3204 761 3276 ύν
772 3211 827 3276 καὶ
838 3215 1001 3276 πλείστων
1011 3212 1090 3294 ἐρα-

144 3301 222 3391 στής
231 3301 393 3391 γεγονός,
410 3302 447 3371 τό
459 3303 495 3372 δέ
506 3313 640 3390 πρᾶγμα
651 3311 697 3384 είς
706 3303 835 3384 όνειδος
845 3307 899 3373 καί
910 3305 1091 3384 κινδύνους

143 3399 313 3477 καθιστάς.
347 3402 400 3467 καί
413 3398 665 3485 τὸτελευταῖον,
687 3398 731 3479 ὠς
742 3399 990 3486 άπαγγέλλουσί
1004 3406 1091 3482 τινές
