2340 3916
163 186 208 250 ρο1
574 177 704 229 mmor
1022 176 1074 229 OB.
1093 180 1121 232 τ.

164 351 241 432 τούς
259 365 432 439 συγγενεῖς
449 345 599 433 ἀπέδειξε
616 351 671 418 καὶ
689 357 735 430 είς
752 347 792 420 τά
809 345 903 419 κοινά
913 367 1123 440 γραμματεῖα

165 457 362 542 ἐνέγραψεν,
395 446 522 521 ἅπανθ’
555 449 616 520 ὅσα
647 454 813 541 προσῆκεν
845 446 943 529 αύτδς
969 449 1121 541 ποιήσας,

163 549 238 623 ἀλλ’
259 563 352 632 εἴτις
369 549 578 639 τελευτήσειν
595 552 724 639 μέλλων
743 552 889 639 διέθετο,
909 560 942 619 εῖ
955 580 986 620 τι
1003 550 1121 640 πάθοι,

163 651 225 741 τὴν
242 649 360 723 ούσίαν
388 653 504 745 ἑτέρω,
532 653 587 721 καλ
603 647 698 721 ταῦτ’
727 654 762 721 έν
778 647 944 741 γράμμασι
962 654 1121 722 κατέθετο

5 786 9 795 ’
131 751 253 845 κπαρά
268 773 334 823 τισι
352 750 588 841 σημηνάμενος.
617 754 743 821 ἐκεῖνον
760 748 901 840 μὲνγὰρ
922 748 982 821 τόν
995 751 1122 838 τρόπον

164 851 382 943 ποιησάμενος
408 848 556 941 φανεράς
582 853 759 940 κατέστησε
783 849 840 931 τάς
866 846 971 920 αύτού
1000 852 1123 940 βουλή·

165 976 250 1043 σεις,
268 951 347 1023 ὅλον
363 948 399 1022 τὸ
412 956 547 1043 πράγμα
558 950 780 1043 έπικυρώσας,
800 950 928 1022 δόντων
946 948 1038 1045 αύτῷ
1054 957 1123 1023 τών

164 1052 290 1143 νόμων·
309 1048 328 1123 ὁ
347 1049 379 1123 δ’
400 1056 435 1123 έν
454 1050 629 1141 διαθήκαις
639 1051 865 1143 σημηνάμενος
878 1048 1021 1141 ἀδήλους
1034 1057 1123 1123 έποί·

164 1175 241 1243 ησε,
268 1149 319 1223 διδ
341 1156 456 1247 πολλοὶ
478 1151 667 1243 πεπλάσθαι
691 1151 872 1242 φάσκοντες
896 1149 997 1232 αύτάς
1020 1149 1123 1242 ἄμφι·

163 1261 299 1343 σβητεῖν
310 1249 439 1337 άξιοῦσι
450 1251 532 1345 πρὸς
541 1251 617 1334 τούς
629 1256 836 1341 ποιηθέντας.
864 1259 950 1323 ἔοικε
968 1249 1000 1321 δ’
1019 1250 1123 1324 οὐδὲν

162 1352 334 1445 προύργου
356 1357 454 1425 τούτο
479 1355 578 1425 εἶναι·
602 1357 657 1424 καὶ
680 1351 743 1445 γάρ
766 1350 871 1434 οὕτως
889 1351 1001 1424 αύτών
1019 1383 1122 1444 φανε-

40 1475 44 1481 “
164 1460 229 1546 ρώς
253 1456 493 1546 πεπραγμένων
514 1451 602 1544 ὅμως
618 1449 703 1545 ύπέρ
719 1457 777 1544 τῆς
794 1452 960 1545 θυγατρός
977 1458 1035 1543 τῆς
1053 1452 1122 1527 Εύ-

164 1555 298 1638 πόλιδος
325 1553 443 1679 ἥκρυσι
471 1558 547 1646 περὶ
576 1557 643 1624 τών
669 1551 917 1646 Ἀπολλοδώρου
945 1553 1122 1645 χρημάτων

129 1654 244 1748 3πρός
274 1652 329 1745 έμέ
358 1652 670 1745 άμφισβητήσοντες.
718 1653 780 1743 ἐγώ
804 1651 837 1724 δ’
863 1662 894 1724 εί
919 1657 1022 1745 μέν
1005 1655 1121 1747 εώρων

164 1753 250 1847 ύμας
271 1761 395 1846 μάλλον
416 1752 732 1845 άποδεχομένους
694 1784 752 1836 τας
772 1751 1046 1877 διαμαρτυρίας
1024 1785 1046 1844 η
1064 1755 1121 1837 τάς

163 1851 439 1980 εύδυδιηίας,”
398 1886 461 1926 παν
477 1855 644 1978 μάρτυρας
655 1853 890 1948 προύβαλόμην
907 1853 951 1945 μὴ
970 1860 1122 1927 ἐπίδικον

165 1954 309 2027 εἶναι
275 1986 333 2028 τον
358 1961 480 2047 κληρον
506 1953 550 2037 ώς
576 1961 798 2046 ποιησαμένου
820 1984 861 2045 με
877 1953 953 2026 υἱόν
967 1953 1122 2027 Ἀπολλο-

166 2056 275 2148 δώρου
292 2055 375 2126 κατά
392 2054 470 2137 τούς
481 2055 623 2146 νόμους·
647 2054 760 2144 ἐπειδὴ
780 2052 812 2125 δ’
830 2052 871 2126 ού
891 2055 1064 2146 διαφεύγει
1082 2056 1123 2126 τά

166 2163 278 2227 δίκαια
298 2154 342 2246 μὴ
366 2153 406 2226 ού
429 2159 485 2226 καὶ
505 2160 625 2227 τούτου
646 2155 892 2246 γιγνώσκεσθαι
908 2154 966 2227 τόν
983 2156 1121 2247 τρόπον,

163 2259 218 2327 καὶ
235 2253 314 2348 παρ’
332 2253 413 2345 ύμῖν
431 2253 543 2337 αὐτοῖς
558 2253 629 2344 ἥκω
643 2255 869 2345 διαλεξόμενος
886 2260 962 2348 περὶ
978 2261 1047 2328 τών
1064 2285 1122 2327 πε·

164 2359 379 2449 πραγμένων,
401 2363 458 2427 ἵνα
479 2362 643 2446 μηδεμίαν
665 2353 754 2446 ἡμῖν’
769 2365 878 2427 αἰτίαν
900 2361 976 2448 περὶ
998 2361 1060 2427 τού
1076 2357 1122 2447 μὴ

129 2481 146 2529 4
163 2457 344 2546 βούλεσθαι
367 2460 486 2528 δοῦναι
505 2463 602 2546 δίκην
618 2455 775 2546 τοιαύτην
794 2459 1002 2548 έπιφέρωσιν.
1040 2455 1122 2528 άπο-

163 2563 260 2644 δείξω
286 2560 323 2629 δὲ
346 2554 390 2639 ώς
407 2554 448 2628 ού
465 2555 568 2647 μόνον
586 2561 639 2628 ἐπὶ
656 2575 724 2639 τοῖς
743 2557 908 2646 ἐγγυτάτω
925 2561 1044 2646 γένους
1061 2557 1122 2628 τόν

163 2664 286 2750 κλῆρον
295 2657 539 2750 Ἀπολλόδωρος
552 2655 593 2729 ού
606 2662 829 2747 καταλέλοιπε,
843 2657 947 2728 πολλά
958 2662 1013 2728 καὶ
1027 2658 1122 2729 δεινά

162 2754 229 2829 ύπδ
247 2759 374 2829 τούτων
390 2756 578 2848 άδικηθείς,
605 2756 688 2828 άλλά
714 2760 768 2829 καὶ
795 2755 838 2839 ώς
865 2760 922 2848 ἐμέ
945 2758 1122 2846 ἐποιήσατο

164 2856 358 2948 δικαίως,”
338 2887 420 2929 οντα
442 2855 665 2948 άδελφιδουν,
689 2861 744 2930 καὶ
761 2856 887 2948 μεγάλα
905 2855 1120 2949 εὐεργετημέ-

162 2987 218 3039 νος
241 2955 303 3048 ὑφ’
322 2954 424 3082 ημών
463 2960 577 3048 δέομαι
596 2955 668 3029 δὲ’
649 2965 760 3049 υμών,
779 2987 804 3028 ω
793 2950 958 3081 άνδρες,
983 2958 1121 3030 πάντων

161 3054 281 3148 ὁμοίως
305 3056 439 3130 εὔνοιάν
460 3061 499 3130 τέ
512 3089 567 3149 μοι
584 3076 783 3152 παρασχεῖν,
807 3054 870 3130 κάν
890 3050 999 3129 ἐπὶ
964 3089 1024 3129 τον
1042 3065 1121 3147 κλη-

163 3188 223 3281 ρρν
244 3156 387 3242 άναιδώς
410 3156 532 3242 αύτούς
561 3159 669 3242 ίόντας
700 3161 871 3282 ἐξελέγχω,
900 3167 1041 3247 βοηθεῖν
1064 3190 1121 3249 μοι

162 3257 202 3330 τά
226 3265 345 3330 δίκαια.
386 3258 620 3350 ποιήσομαιδ’
646 3256 690 3341 ώς
713 3255 755 3329 άν
777 3256 867 3347 κάγώ
893 3259 1044 3349 δύνωμαι
1065 3257 1120 3330 διά

162 3358 377 3451 βραχυτάτων
400 3359 477 3443 τούς
494 3360 629 3450 λόγους,
652 3363 685 3443 ἐξ
703 3355 804 3450 ἀρχῆς
822 3355 866 3440 ώς
884 3367 949 3449 ἔχει
965 3357 1007 3430 τά
1022 3358 1119 3449 γενό-

161 3488 245 3532 μενα
264 3459 430 3533 διδάσκων
446 3458 539 3552 ὑμᾶς.
