2340 3916
6 158 15 175 ''
65 190 155 261 pao
235 192 326 243 mm
343 192 421 242 ’σου
438 192 672 245 7777777707
689 193 854 246 77777707.
963 200 1025 262 127

103 358 167 417 τῶν
189 357 243 418 τοῦ
267 351 398 433 άδελφοῦ
419 349 573 458 γινόμενος
598 358 746 458 παίδων,
756 357 897 421 ἐκδέδωκε
918 364 1022 442 Κυρω-

103 441 226 540 νίδη
196 463 238 501 τω
226 435 406 523 ἐκτωιήτιμ
428 441 487 526 υίρῖ
504 432 697 544 Ἀριστάρχου
715 434 770 521 τὴν
784 441 970 547 θοχατέραὲ
970 469 1024 506 αυ·

102 527 172 601 τοῦ,
197 499 448 630 ἐπαγγειλάμενος
457 527 648 607 περιποιῆσαι
661 520 743 612 αιἰτρῑ
764 520 816 588 τόν
833 522 1025 628 Ἀριστάρχου

64 628 88 672 17
103 611 227 692 κλῆρον
265 608 281 674 ό
308 606 352 708 δη
372 607 423 669 καλ
452 611 609 689 πεποίηκε
635 588 853 711 γενομένου
818 635 874 692 γαρ
892 613 960 672 υίοῦ
980 617 1024 696 τῷ

103 694 266 794 Κυρωνίδη
286 695 405 799 πρῶτον
426 689 516 772 μέν”
499 715 610 797 ονομα
609 717 651 778 τρι
643 688 809 756 Ηπαιδλ
779 717 811 756 το
833 698 887 757 τοῦ
901 691 1025 758 πάππου

104 771 286 880 δεδώκασιν,
303 772 529 879 Ἀρίσταρχον’
515 757 728 883 ονομάσόιντες,
755 776 818 841 εἶτα
839 781 1025 859 ελσεποίησαν

14 880 17 886 ’
102 852 198 922 αιἰτδν
218 863 260 937 εἰς
281 856 334 923 τόν
355 864 408 923 τοῦ
428 857 553 924 πάππου
572 856 700 924 οἷκον
681 888 720 937 ως
743 857 780 943 δή
800 867 886 926 τοῦτο
901 863 1026 965 ἐκείνην

101 941 335 1047 προστάξαντος,
356 945 406 1008 καί
424 946 631 1028 παραδέδωκεν
647 939 909 1048 Ἀριστομένης’
872 952 954 1034 αυτῶ
970 941 1025 1011 τόν

62 1048 87 1090 νο
103 1025 174 1092 ολον
191 1033 244 1094 τοῦ
265 1027 390 1092 πάππου
410 1035 531 1133 κλῆρρν.
575 1032 618 1094 ἐτι
640 1032 673 1094 δέ
692 1040 762 1107 παῖς
784 1024 825 1094 όιν
847 1010 958 1107 ἐκεῖνός
978 1057 1023 1096 τε-

103 1117 215 1176 λευτῶν
230 1110 416 1196 κληρονόμον
432 1140 509 1177 κατα
523 1111 675 1194 διαθήκας
690 1112 908 1197 ἐνεστήσατο
876 1141 928 1180 τον
943 1119 1026 1180 ἴδιον

101 1189 232 1278 άδελφὸν
246 1199 429 1268 Ξεναίνετον.
458 1196 570 1304 τράτων
588 1195 666 1262 οὕτω
680 1203 859 1284 γενομένων,
882 1201 933 1263 καί
951 1226 1024 1304 κρα

101 1284 226 1358 τοῦντος
252 1280 488 1352 Ξεναινέτου
456 1308 511 1390 την
528 1275 719 1390 Ἀριστάρχου
740 1289 795 1348 τοῦ
820 1289 951 1349 παλαιοῦ
970 1308 1023 1349 ου·

101 1369 186 1446 σίαν,
211 1359 401 1467 ἀμφισβητεῖ
426 1365 500 1449 πρδς
533 1362 623 1431 αὐτόν
651 1365 667 1432 ὃ
693 1363 760 1445 υἱός
792 1375 845 1449 τῆς
855 1366 1022 1471 θυγατρός

59 1471 85 1512 τε
97 1417 292 1555 Ἀριστάρχου
318 1456 372 1514 τοῦ
393 1455 539 1528 παλαιοῦ,
573 1457 665 1555 λέγων
692 1447 796 1517 ἐαυτόν
824 1452 917 1535 μόνον
945 1451 1024 1517 εἶναι

100 1535 286 1640 κληρονόμον
308 1538 428 1637 δικαίως
447 1541 505 1599 τῶν
522 1533 712 1621 Ἀριστάρχου
732 1561 785 1600 7ου
805 1544 934 1601 παλαιοῦ
950 1563 1021 1619 χρη-

9 1680 13 1709 .·
101 1616 226 1724 μάτων.
255 1613 405 1702 όμέν
368 1645 425 1725 γαρ
448 1624 622 1720 Κυρωνίδης
644 1625 762 1703 (φησίν)
784 1622 954 1722 ἐκποίητος
960 1623 1020 1705 ἐγ-ἐ

99 1729 184 1768 νετο
211 1698 228 1768 6
253 1706 286 1769 δέ
307 1729 403 1807 πατηρ
424 1699 492 1767 υίόν
515 1707 590 1787 ἔχων
608 1707 732 1807 γνήσιον
753 1702 805 1769 τόν
829 1648 1021 1808 Δημοχάρην,

100 1784 158 1851 οὖκ
180 1786 303 1853 ἐδύνατο
323 1785 413 1853 θετόν
435 1790 531 1874 έαντρι
550 1795 672 1894 ποιῆσαι
694 1783 840 1853 παῖδα·’
826 1814 842 1852 ο
866 1790 899 1853 δέ
918 1796 1020 1870 Δημο-

60 1897 85 1940 το
110 1871 204 1955 χάρης
225 1868 329 1975 σἰτελής
354 1899 396 1937 ων
425 1855 517 1936 οὐδὲ
522 1867 611 1948 αὐτὸς
637 1870 760 1937 ἐδύνατο
787 1877 963 1979 εἰσηοιῆσαι
978 1900 1021 1961 τρι

100 1957 191 2062 πατρί
211 1952 301 2022 θετόν
321 1955 406 2021 υίόν
433 1951 499 2021 ἄλλ’
528 1955 592 2020 οὐδ’
622 1952 749 2061 ήάλλη
764 1956 902 2060 θυγάτηρ
926 1937 1021 2022 αιἰτοῦ

99 2037 120 2123 ἡ
147 2037 405 2143 προτελευτήσασα.
449 2038 521 2106 ω’στε
549 2038 586 2105 06
612 2036 688 2106 κατά
718 2038 770 2106 τόν
797 2041 890 2147 νόμον
916 2046 1024 2146 (φησί)

100 2130 156 2206 τῆς
174 2123 363 2230 εἰσποιήσεως
382 2127 566 2230 γενομένης
561 2130 615 2190 τοῦ
632 2152 741 2209 μικρου
728 2123 954 2233 Ἀριστάρχου,
969 2123 1019 2190 οὗ·

102 2212 165 2274 κέτι
176 2204 363 2274 συνίστατο
346 2237 366 2290 η
383 2207 566 2316 διαθήκη’
529 2215 637 2290 αυτοῦ,
660 2217 713 2275 τοῦ
731 2213 800 2277 νέου
811 2207 1020 2295 Ἀριστάρχου

58 2318 83 2359 37
99 2291 122 2359 όι
142 2289 200 2398 γάρ
219 2295 261 2376 μὴ
291 2297 412 2370 δικαίως
439 2292 596 2374 ἐκτήσατο,
621 2319 685 2372 πως
713 2292 793 2383 άλλιμ
812 2297 1024 2401 παραπέμπειν

99 2377 240 2457 ἐδόνα7ο;
257 2374 528 2482 άναιρουμένηςδέ
542 2384 595 2460 τῆς
612 2377 762 2461 διαθήκης
773 2359 929 2456 εἰκότως’
914 2405 930 2443 ο
947 2385 1019 2481 κλη-

99 2488 152 2543 ρος
173 2459 265 2539 είς
234 2489 287 2527 τον
308 2457 479 2569 λέγρντα
448 2488 500 2526 7ον
520 2461 609 2546 λόγον
628 2465 762 2546 ἐφέρετο,
785 2458 892 2527 υίόν”
874 2487 946 2527 οντα
967 2469 1021 2543 τῆς

97 2553 223 2653 χνησίας
239 2544 391 2654 θυγατρός
407 2544 598 2630 Ἀριστάρχου
617 2572 670 2611 του
657 2552 822 2612 παλαιοῦ.
855 2544 947 2610 Καὶ
931 2574 1024 2629 η
965 2549 1024 2628 μέ

97 2628 244 2709 υπόθεσις
263 2658 356 2714 αυτη,
375 2657 395 2735 η
416 2631 515 2708 στάσις
531 2633 565 2696 δέ
581 2656 768 2737 πραγματικη
757 2625 944 2735 ἔγγραφος
968 2636 1018 2713 ζη-

54 2741 79 2782 το
96 2742 140 2781 τει
168 2711 225 2801 γάρ
252 2719 280 2780 εί
299 2713 391 2781 δεῖ
361 2744 412 2792 τας
429 2713 567 2792 τοιαύτας
588 2715 763 2781 συνεστάναι
785 2714 944 2796 διαθήκας,
966 2719 1018 2780 και

96 2805 143 2878 τίς
164 2799 332 2885 δικαιότερα
350 2805 436 2885 λέγει.

129 2974 331 3069 Ἐβουλόμην
359 2967 494 3068 μέν,
466 3007 492 3048 ω
521 2973 658 3069 ἄνδρες,
689 2973 800 3067 ὥσπερ
823 2983 1018 3059 Ξεναίνετος

54 3075 169 3150 οὑτοσί
188 3078 326 3150 δύναται
344 3083 456 3167 ψευδῆ
471 3082 581 3203 λέγειν
596 3075 866 3170 θαρραλέως,”
825 3105 911 3149 ουτω
930 3075 1022 3166 κάγοέ

52 3177 185 3269 τάληθή
202 3179 283 3272 πρός
300 3177 386 3271 ὑμᾶς
397 3169 521 3303 περὶ
493 3209 541 3250 ων
551 3176 823 3270 αμφισβητουμεν
836 3186 942 3250 είπεῐν
961 3185 1020 3248 δυ·

53 3284 217 3406 νηθήηαι
242 3279 396 3371 οἶμαι
356 3311 420 3372 γαρ
438 3277 479 3352 άν
496 3276 578 3370 ὑμῖν
596 3277 723 3363 εὐθέως
742 3284 844 3369 δήλου
860 3283 1019 3369 γενέσθαι

55 3379 124 3452 εἴθ’
142 3378 238 3471 ἡμεῖς
255 3379 380 3463 ἀδίκως
398 3380 504 3452 ἐπὶ
469 3411 528 3453 τον
526 3379 700 3504 κλήρου
678 3410 819 3472 ηκομεν,
839 3377 908 3452 είθ’
927 3370 1020 3449 οὗτοι

53 3480 98 3572 μή
120 3482 356 3574 προσηκόντως
379 3481 480 3554 πάλαι
497 3481 538 3553 τό
554 3481 703 3574 χρήματα
725 3487 829 3555 ταῦτα
853 3479 1018 3571 εἰλήφασι
