2340 3916
179 218 241 281 144
530 221 787 279 AIZXINOY

109 391 161 447 472
179 385 366 467 ἐνεχθῆναι,
379 379 533 464 τοιαύτης
545 379 580 446 δέ
590 378 813 466 ἐμπιπτούσης
819 386 961 466 ταραχής
971 378 1051 465 μετά
1063 389 1131 446 τῶν

179 481 364 565 συμφύτων
380 479 580 564 νοσημάτων
597 476 685 567 αύτῷ
697 477 760 564 ήδη
772 475 812 544 τά
825 473 905 562 μετά
917 485 1020 544 ταῦτα
1032 480 1131 564 ἐβου-

177 579 309 665 λεύετο,
332 574 412 663 μετά
435 581 556 654 δειλίας
573 578 628 643 καὶ
644 584 702 662 τής
719 574 802 662 πρὸς
820 576 1030 662 Φιλοκράτην
1047 574 1130 658 ὑπέρ

108 686 159 743 473
179 682 237 761 τής
249 679 450 759 δωροδοκίας
462 678 667 759 ζηλοτυπίας,
681 679 735 740 καὶ
747 671 909 760 ήχήσατο,
928 679 958 740 εί
965 682 1032 740 τῶν
1044 695 1130 759 συμ-

178 771 433 859 πρεσβευόντων
451 775 585 839 καὶτοῦ
605 778 773 839 Φιλίππου
794 774 976 859 κατήγορος
998 771 1131 858 άναφα-

178 879 248 957 νείη
258 922 265 951 ,
277 868 336 937 τόν
348 869 408 956 μέν
420 861 631 954 Φιλοκράτην
642 870 816 955 προδήλως
827 867 1040 953 άπολεῖσδαι,
1053 873 1132 948 τοὺς

179 970 213 1036 δὲ
225 968 346 1046 άλλονς
358 972 576 1054 συμπρέσβεις
592 967 841 1052 κινδυνεύσειν,
864 965 964 1045 αύτός
982 966 1013 1034 δ’
1033 966 1130 1034 εύδο-

179 1067 329 1151 κομήσειν
344 1067 397 1154 καὶ
415 1065 579 1149 προδότης
597 1059 645 1130 όίν
657 1072 725 1130 τῶν
737 1070 845 1148 φίλων
854 1068 908 1133 καὶ
920 1065 1065 1153 πονηρός
1076 1091 1131 1132 πι-

180 1162 255 1242 στός
266 1173 313 1248 τῷ
327 1161 419 1252 δήμῳ
438 1163 658 1248 φανήσεσθαι.
686 1162 874 1242 κατιδόντες
887 1162 920 1230 δ’
933 1161 1037 1231 αὐτόν
1049 1168 1083 1231 οί
1091 1170 1131 1251 τῇ
1146 1173 1170 1226 8·

179 1267 236 1346 τής
255 1260 380 1338 πόλεως
397 1267 705 1345 προσπολεμοῦντες
726 1257 845 1350 ἡσυχίᾳ
868 1261 1005 1348 άσμενοι
1027 1287 1129 1345 παρε-

180 1360 308 1426 κάλουν
320 1359 372 1425 ἐπὶ
383 1355 419 1424 τό
432 1365 537 1444 βῆμα,
549 1357 609 1425 τὸν
620 1357 726 1442 μόνον
737 1356 993 1446 άδωροδόκητον
1004 1357 1131 1446 ὀνομά-

109 1470 162 1524 474
181 1464 290 1538 ζοντες
311 1463 351 1542 τῇ
369 1456 478 1522 πόλει·
502 1453 518 1522 ὁ
538 1454 572 1523 δέ
589 1454 719 1537 παριών
736 1455 837 1542 άρχάς
853 1453 965 1537 αύτοίς
981 1461 1130 1525 ἐνεδίδου

183 1558 329 1641 πολέμου
349 1557 402 1622 καὶ
424 1562 574 1641 ταραχής.
606 1545 704 1633 οὗτός
724 1558 829 1641 ἐστιν,
853 1549 880 1622 ά
902 1553 1087 1642 Ἀθηναῖοι,
1112 1554 1129 1622 ὁ

181 1663 310 1740 πρῶτος
321 1651 464 1738 ἐξευρών
476 1657 619 1741 Σέρριον
632 1668 736 1739 τεῖχος
746 1656 800 1721 καὶ
814 1660 984 1738 Δορίσκον
995 1657 1050 1721 καὶ
1057 1652 1131 1736 Ἐρ-

179 1762 298 1841 χίσκην
315 1757 369 1822 καὶ
386 1760 585 1839 Μυρτίσκην
602 1755 658 1820 καί
668 1751 776 1831 Γάνος
786 1756 840 1819 καὶ
852 1758 994 1836 Γανίδα,
1017 1758 1130 1836 χωρία,

181 1843 229 1918 οἷν
248 1851 325 1918 ούδέ
342 1850 381 1918 τά
401 1850 547 1937 ὀνόματα
563 1849 698 1938 ήδειμεν
714 1851 886 1937 πρότερον.
911 1855 1130 1928 καὶείςτοῦτο

110 1969 163 2026 475
181 1953 293 2036 φέρων
306 1953 496 2036 περιέστησε
508 1948 546 2017 τά
558 1951 751 2037 πράγματα,
775 1948 852 2018 ὥστ’
867 1955 906 2017 ἐί
920 1950 981 2035 μέν
991 1952 1034 2036 μή
1047 1955 1131 2036 πέμ-

179 2074 236 2115 ποι
254 2054 415 2126 Φίλιππος
433 2054 600 2135 πρέσβεις,
625 2063 848 2136 καταφρονεῖν
865 2047 970 2116 αὐτόν
988 2056 1052 2137 ἔφη
1074 2058 1132 2136 τής

179 2148 323 2233 πόλεως,
341 2154 371 2214 εἰ
381 2148 416 2214 δέ
427 2150 565 2234 πέμποι,
584 2150 815 2227 κατασκόπους
826 2150 983 2235 πέμπειν,
1001 2147 1076 2216 ἀλλ’
1089 2147 1131 2216 ού

180 2250 341 2334 πρέσβεις.
367 2254 396 2316 εί
417 2248 452 2315 δὲ
475 2251 658 2333 ἐπιτρέπειν
675 2251 786 2316 ἐθέλοι
803 2247 898 2316 πόλει
915 2251 978 2314 τινί
1000 2258 1055 2336 ἴση
1076 2250 1163 2314 καὶ8

179 2342 278 2434 ὁμοίη
300 2347 373 2428 περὶ
395 2354 463 2412 τῶν
485 2347 713 2432 ἐγκλημάτων,
738 2345 799 2414 ούκ
818 2345 903 2414 εἶναι
918 2344 1034 2431 κριτήν
1056 2355 1131 2424 ίσον

111 2463 163 2519 476
178 2440 256 2529 ἡμῖν
269 2449 398 2531 ἔφηκαὶ
410 2452 573 2537 Φιλίππῳ.
613 2443 816 2532 Ἁλόννησον
828 2449 954 2533 ἐδίδου·
967 2442 985 2512 ὁ
999 2443 1031 2511 δ’
1043 2443 1131 2531 άπη-

179 2544 297 2626 χόρευε
308 2542 351 2630 μή
365 2544 564 2632 λαμβάνειν,
577 2550 607 2612 εί
618 2549 770 2628 δίδωσιν,
784 2541 867 2611 άλλά
879 2541 923 2628 μή
936 2541 1129 2621 ἀποδίδωσι,

110 2661 162 2716 478
182 2645 257 2724 περὶ
268 2649 444 2729 συλλαβῶν
456 2645 703 2729 διαφερόμενος.
727 2645 781 2710 καὶ
796 2643 834 2710 τὸ
852 2651 1039 2710 τελευταῖον
1056 2661 1132 2708 στε-

181 2740 338 2824 φανώσας
355 2739 434 2819 τούς
451 2741 532 2827 μετά
552 2740 790 2829 Ἀριστοδήμου
808 2747 853 2819 είς
874 2746 1054 2808 Θετταλίαν
1075 2743 1131 2808 καί

180 2844 384 2922 Μαγνησίαν
397 2838 486 2921 παρά
505 2840 562 2918 τάς
579 2849 636 2925 τής
646 2841 778 2926 εἰρήνης
792 2842 964 2928 συνθήκας
976 2843 1131 2926 ἐπιστρα-

180 2934 358 3013 τεύσαντας
377 2933 439 3022 τήν
449 2937 510 3020 μὲν
522 2938 658 3024 εἰρήνην
671 2943 817 3026 διέλυσε,
829 2939 890 3025 τήν
902 2943 938 3006 δὲ
949 2937 1131 3024 συμφοράν

180 3039 232 3100 καί
244 3033 303 3101 τὸν
315 3035 461 3120 πόλεμον
472 3034 728 3120 παρεσκεύασεν.

261 3134 345 3218 Ναὶ,
366 3130 448 3200 άλλά
459 3143 591 3218 χαλκοῖς
602 3137 657 3204 καὶ
668 3133 901 3223 ἀδαμαντίνοις
911 3143 1067 3221 τείχεσιν,
1086 3131 1131 3211 ὡς
1146 3145 1164 3199 8

178 3229 278 3309 αύτός
296 3253 393 3316 φησι,
418 3230 479 3318 τήν
495 3234 608 3319 χώραν
624 3231 718 3321 ήμῶν
735 3239 886 3321 ἐτείχισε,
908 3243 949 3323 τή
971 3242 1039 3301 τῶν
1059 3231 1131 3302 Et}-

178 3334 285 3415 βοέων
296 3332 350 3397 καὶ
363 3337 518 3418 Θηβαίων
531 3341 705 3423 συμμαχίᾳ.
723 3332 809 3418 ἄλλ’,
824 3327 850 3401 ά
858 3331 1040 3421 Ἀθηναῖοι,
1054 3335 1131 3414 περὶ

177 3436 281 3494 ταῦτα
298 3436 371 3514 τρία
389 3434 525 3517 μέγιστα
542 3432 704 3520 ήδίκησδε
715 3438 771 3502 καί
782 3436 922 3520 μάλιστα
932 3431 1127 3520 ἠγνοήκατε.
