2340 3916
378 217 476 268 ΚΑΤΑ
494 215 751 270 Φιλοκλιτονα.
1006 218 1049 283 59

82 381 237 447 ε’ναντίον
260 377 403 444 καὶτῶν
426 374 704 466 περιεστηκότων,
724 379 865 466 φάσκων
883 380 1049 450 κωλύσειν

73 482 244 573 ’Ἅρπαλον
272 486 319 562 εἰς
345 480 407 550 τὸν
429 485 573 572 Πειραιᾶ
599 488 838 573 καταπλεῦσαι,
867 486 1050 577 στρατηγὸς

82 586 143 678 ὑφ’
169 586 267 677 ὑμῶν
290 590 343 657 ἐπὶ
365 586 428 676 τήν
446 595 651 676 Μουνυχίαν
674 592 730 658 καὶ
748 589 789 660 τά
808 592 929 682 νεώρια
948 621 1049 682 κεχει-

82 697 315 788 ροτονημένος,
329 697 385 764 καὶ
400 698 493 785 δῶρα
506 694 673 785 τολμήσας
686 704 804 786 λαβεῖν
817 696 900 768 κατὰ
914 698 1050 769 πάντων
1070 713 1086 760 2

81 800 178 892 ὑμῶν
201 804 256 871 καὶ
275 805 332 890 τής
354 800 463 890 χώρας
485 803 542 870 καὶ
560 807 692 871 παίδων
710 806 766 873 καὶ
785 807 970 893 γυναικῶν,
994 807 1050 875 καλ

83 906 298 999 ἐπιωρκηκώς
322 905 363 977 όν
382 905 513 996 ύμοσεν
532 905 635 999 ὅρκον
653 908 775 998 μεταξὺ
797 915 858 981 τού
877 915 976 992 ἕδους
994 914 1050 981 καὶ

81 1019 140 1103 τής
157 1017 330 1105 τραπέζης,
353 1017 409 1084 καὶ
428 1015 558 1105 γράψας
576 1011 656 1084 καθ’
678 1018 801 1086 ἑαυτοῦ
819 1019 976 1107 ψήφισμα
994 1020 1050 1088 καλ

81 1122 236 1192 θανάτου
258 1122 480 1210 τιμησάμενος
503 1118 562 1190 ἐὰν
585 1121 705 1212 είλήφη
728 1128 850 1193 τιτῶν
873 1124 1051 1215 χρημάτων

83 1222 133 1297 τόν
148 1226 313 1318 ’Ἅρπαλος
337 1234 384 1310 είς
406 1226 469 1315 τήν
486 1226 600 1318 χιόραν
619 1229 787 1317 ἐκόμισεν,
807 1229 897 1320 ὅμως
915 1231 1050 1320 ἐτόλμη-
1072 1262 1088 1309 3

83 1356 143 1404 σεν
175 1339 223 1415 εἰς
254 1333 334 1416 τοὺς
367 1334 498 1416 εἰδότας
525 1329 611 1422 ὑμᾶς
643 1337 897 1426 ἐξεληλεγμένον
929 1335 1052 1407 ἑαυτὸν

83 1440 186 1510 άπασι
204 1441 336 1522 τούτοις
354 1448 475 1528 ἔνοχον
493 1443 717 1530 γεγενημένον
740 1445 853 1513 ἐλθεῖν
871 1445 928 1513 καὶ
946 1446 1051 1525 (λεῖξαι

83 1548 219 1634 ἔαυτόν,
244 1544 286 1616 ού
304 1551 350 1639 τῷ
369 1553 488 1639 δικαίῳ
507 1548 690 1635 πιστεύων,
715 1540 930 1638 άἏθηνοιῖοι
953 1590 998 1600 -
1020 1556 1055 1618 τί

84 1653 148 1743 γάρ
166 1654 273 1745 τούτῳ
293 1655 511 1743 δικαιοσύνης
528 1656 693 1743 μίτεστιν;
716 1695 760 1703 -
783 1653 867 1725 άλλδι
889 1659 929 1745 τῇ
947 1656 1051 1745 τόλμη

83 1763 139 1831 καὶ
162 1764 201 1850 τή
225 1758 393 1851 ιἰναιδείηι,
421 1752 444 1849 ᾗ
466 1762 635 1848 χρεόμενος
662 1761 825 1852 πρότερον
848 1762 910 1850 μὲν
932 1759 1052 1851 ήξίωσε

83 1867 341 1955 καταφρονήσας
364 1863 461 1954 ὑμῶν
488 1869 544 1936 καὶ
570 1870 639 1935 των
661 1870 699 1936 ἐν
726 1871 766 1957 τή
789 1869 883 1938 πόλει
911 1874 1052 1937 δικαίων

83 1973 124 2043 τὰ
143 1974 292 2064 χρήματα
310 1979 437 2061 λαβεῖν,
452 1975 531 2042 νυνὶ
550 1973 588 2043 δὲ
607 1970 899 2062 ἀπολογησόμενος
916 1973 989 2064 ήκει
1008 1970 1053 2057 ὥς

86 2079 187 2150 οὐδὲν
206 2079 336 2149 τούτων
355 2081 608 2170 διαπέπρακται·
632 2083 797 2150 τοσούτον
815 2085 874 2170 τής
892 2077 1053 2172 ὑμετέρας

86 2191 256 2277 ῥᾳθυμίας
274 2186 556 2275 καταπεφρόνηκε.
592 2189 648 2256 καὶ
667 2184 685 2257 ὁ
704 2186 766 2275 μὲν
783 2187 898 2271 κοινὸς
915 2191 974 2277 τής
991 2188 1051 2257 πό-
1072 2213 1089 2261 4

85 2304 166 2374 λεως
192 2293 309 2381 νόμος,
338 2292 397 2361 ἐάν
424 2320 473 2374 τις
497 2291 600 2383 (ἑνὸς)
629 2295 785 2364 ἐναντίον
812 2298 881 2363 των
908 2298 1054 2364 πολιτῶν

85 2397 294 2489 ὁμολογήσας
321 2426 353 2466 τι
378 2399 382 2487 Ι
407 2402 557 2488 παραβή,
585 2402 708 2468 τοῦτον
740 2406 860 2487 ἔνοχον
887 2399 974 2470 εἶναι
1001 2427 1101 2480 ace-109

86 2507 174 2575 λεύει
192 2509 239 2596 τῷ
258 2501 400 2574 άδικεῖν·
430 2502 447 2575 ὁ
467 2505 505 2574 δὲ
522 2505 649 2586 πάντας
669 2503 872 2594 Ἀθηναίους
895 2508 1053 2595 ἐξηπατη-

85 2610 152 2691 κόις
170 2613 225 2680 καὶ
243 2609 393 2702 προδούς
406 2611 467 2701 τὴν
485 2618 598 2681 πίστιν
612 2607 655 2699 ἣν
673 2610 751 2702 παρ’
772 2608 869 2700 ὑμῶν
883 2609 946 2680 ούκ
964 2610 1056 2694 άξιος

86 2714 136 2786 τόν
159 2724 269 2806 ἔλαβε,
293 2716 409 2787 καὶτὸ
433 2715 513 2788 καθ’
539 2713 645 2787 αὑτὸν
672 2718 772 2808 μέρος
794 2715 914 2788 ἅπαντ’
939 2714 1055 2788 άνατε-

84 2821 221 2914 τραφιὸς
248 2822 289 2893 τά
312 2827 349 2893 ἐν
375 2827 415 2914 τή
439 2824 547 2912 πόλει,
575 2815 675 2907 οὗτος
702 2826 755 2894 ἐπὶ
782 2823 844 2913 τήν
871 2821 1057 2912 ἀπολογίαν

84 2929 182 3019 ήκειν
206 2930 306 3020 φήσει
328 2929 393 3018 τήν
415 2927 500 3021 ὑπὲρ
522 2933 581 3020 τής
604 2937 712 3013 αἰτίας
734 2934 793 3021 τῆς
811 2936 858 3014 εἰς
876 2928 983 3002 αὑτὸν
1002 2959 1055 3020 γε-

88 3129 222 3188 ἐναντίον
236 3154 252 3187 ιι
267 3153 334 3189 corr.
346 3138 433 3189 habet
441 3133 485 3189 Ad.
497 3164 529 3174 -
547 3135 747 3190 καταπλεῦσαι
757 3137 823 3189 Bk.:
833 3129 1055 3189 καταπλεύσειν.

155 3208 179 3260 2.
197 3198 392 3283 ,ίπιορκηκάς
410 3205 434 3256 Α
450 3221 490 3270 pr.
511 3204 600 3283 σοιτί.
618 3232 652 3242 -
669 3199 862 3272 τιμησάμενος
879 3203 916 3255 Ad
936 3205 999 3260 Bk:
1018 3221 1058 3255 τι-

86 3287 296 3411 ιινιιιιιιι
309 3267 591 3407 λέλῑελῖιι
608 3273 839 3407 ιιιλλίκι.
854 3264 1058 3404 κατάιξ

90 3409 125 3458 cf.
145 3409 228 3458 etiam
249 3412 271 3472 l,
291 3412 305 3459 1
324 3415 352 3459 et
371 3408 441 3469 104).

156 3479 182 3528 3.
207 3464 229 3527 ὦ
244 3469 394 3543 Ἀθηναῖοι
409 3476 470 3527 add.
479 3477 504 3526 N
513 3478 564 3555 Mt.
576 3502 610 3512 -
628 3471 679 3527 καλ
691 3473 737 3555 τή]
752 3472 785 3541 τῇ
797 3475 823 3526 N
836 3481 865 3526 οῖ
878 3491 917 3542 pr.
929 3475 952 3526 A
966 3473 1057 3526 corr.².

155 3545 179 3594 4.
215 3537 346 3604 ἐναντίος
364 3545 396 3596 N.
416 3572 447 3580 -
466 3536 555 3596 αύτον
573 3545 665 3599 Turn:
685 3538 786 3595 αντδν.

1100 3634 1120 3679 d
