2340 3916
141 214 162 278 6
519 216 735 268 ΑΝΔΟΚΙΔΟΤ
749 258 752 263 .

140 360 282 447 σαύτην,
300 359 357 426 καὶ
375 362 542 426 κίνδυνον
555 353 714 445 ἀρεῖσθαι
727 358 878 444 μέλλετε·
896 356 1110 449 Ἀλκιβιάδην

140 462 177 532 δὲ
184 458 440 550 τόνστρατηνὸν
447 457 616 538 ἀποδείξω
624 457 756 546 ύμῖντδι
764 461 930 551 μυστήρια
947 466 1110 531 ποιοῦντα

141 568 178 634 ἐν
198 570 291 653 ολκίᾳ
308 559 386 649 μεθ’
410 562 545 651 ἑτέρων,
564 563 621 629 καὶ
641 560 701 629 ἐάν
720 568 916 651 ψηφίσησθε
934 561 1051 633 άδειαν
1065 555 1109 655 (ᾦ

139 662 198 755 άν)
215 664 280 751 ἐγώ
294 662 435 750 κελεύω,
451 662 614 752 θεράπων
632 660 718 750 ύμῖν
733 664 858 734 ἐνθάδε
873 663 949 744 ἑνὸς
962 668 1032 733 τάν
1046 666 1111 734 άν-

140 771 234 857 δράν
245 765 395 855 άμύητος
410 760 458 832 ὢν
474 766 545 854 ἐρεῖ
555 765 596 832 τά
610 763 793 852 μυστήρια·
812 773 845 836 ελ
856 765 894 835 δὲ
907 767 965 855 μή,
983 769 1112 856 χρῆσθε

91 879 122 929 12
143 871 217 958 ἐμοὶ
236 867 255 937 ὅ
272 895 304 936 τι
321 862 365 935 ἂν
382 865 467 953 ύμῖν
486 869 570 954 δοκή
581 919 591 954 ,
610 866 670 935 ἐάν
687 868 733 955 μή
750 865 880 956 τάληθή
899 868 1021 955 λέγω.“
1045 867 1111 937 άν-

139 973 328 1057 τιλέχοντος
354 968 392 1036 δὲ·
406 967 618 1057 Ἀλκιβιάδου
642 969 751 1038 πολλά
770 970 828 1038 καλ
847 970 990 1059 ἐξάρνου
1011 967 1110 1051 ὄντος

141 1074 233 1154 ἔδοξε
242 1086 313 1150 τοῖς
328 1068 515 1159 πρυτάνεσι
527 1070 610 1150 τούς
630 1070 692 1158 μὲν
708 1069 882 1159 ἀμυήτους
900 1072 1110 1160 μεταστήσα-

139 1185 231 1262 σθαι,
246 1171 373 1251 αύτούς
388 1170 420 1239 δ’
438 1172 524 1240 ἰέναι
539 1173 594 1240 ἐπὶ
609 1172 646 1240 τδ
662 1172 833 1261 μειράκιον
848 1170 866 1242 ὃ
880 1172 899 1243 δ
911 1173 1110 1255 Πυθόνικος

140 1275 281 1344 ἐκέλευε.
304 1275 375 1342 ’καὶ
395 1270 542 1365 ᾤχοντο,
560 1275 617 1342 καλ
635 1272 764 1362 ήγαχον
782 1275 979 1365 θεράποντα
997 1283 1109 1347 Πολε-

139 1376 289 1467 μάρχου·
312 1374 539 1465 Ἀνδρόμαχος
558 1375 652 1468 αύτῷ
671 1374 778 1465 ὄνομα
795 1368 846 1464 ήν.
875 1380 947 1447 ἐπεὶ
966 1377 1004 1447 δὲ
1024 1382 1110 1467 έύη-

139 1487 285 1566 φίσαντο
303 1476 397 1569 αύτῷ
415 1477 479 1565 τήν
492 1474 620 1564 άδειαν,
639 1483 753 1565 ἔλεγεν
771 1476 823 1548 ὅτι
843 1481 880 1548 ἐν
897 1482 938 1568 τή
954 1485 1047 1571 οἰκίᾳ
1065 1485 1107 1568 τή

139 1587 384 1659 Πουλυτίωνος
409 1586 561 1666 γίγνοιτο
585 1578 766 1669 μυστήρια·
808 1578 1021 1670 Ἀλκιβιάδην
1044 1580 1108 1669 μὲν

138 1673 203 1750 ούν
220 1683 279 1751 καὶ
294 1680 462 1769 Νικιάδην
475 1682 533 1749 καὶ
548 1682 720 1769 Μέλητον,
738 1682 883 1764 τούτους
900 1682 963 1771 μὲν
978 1681 1108 1764 αύτούς

138 1782 225 1853 εἶναι
248 1782 330 1865 τούς
354 1784 556 1871 ποιοῦντας,
581 1798 807 1873 συμπαρεῖναι
829 1783 868 1854 δὲ
885 1786 942 1854 καὶ
962 1782 1048 1873 ὁρᾶν
1065 1785 1107 1852 τά

85 1909 90 1917 ·
137 1885 321 1973 γιγνόμενα
334 1886 392 1953 καὶ
407 1882 545 1971 άλλους,
560 1900 717 1974 παρεῖναι
730 1884 768 1955 δὲ
782 1887 840 1954 καὶ
851 1885 1013 1977 δούλους,
1025 1888 1108 1955 ἑαυ-

137 1987 197 2056 τόν
215 2013 251 2055 τε
268 1989 326 2056 καὶ
340 1985 401 2054 τὸν
415 1984 569 2073 άδελφδν
586 1987 644 2054 καὶ
657 1985 794 2056 Ἱκέσιον
808 1987 868 2056 τὸν
883 1986 1035 2076 αὐλητήν
1048 1990 1106 2057 καὶ

87 2098 120 2150 13
136 2087 197 2157 τὸν
211 2087 373 2174 Μελήτου
391 2090 528 2156 δοῦλον.
556 2090 689 2176 πρῶτος
707 2088 771 2176 μὲν
784 2080 884 2170 οὗτος
901 2094 1010 2158 ταῦτα
1025 2090 1107 2177 ἐμή-

111 2209 232 2275 ενυσε,
246 2190 303 2257 καὶ
317 2188 493 2275 ἀπέγραψε
506 2188 667 2270 τούτους·
684 2179 733 2257 ὧν
748 2191 990 2281 Πολύστρατος
1015 2191 1020 2277 Ι
1042 2190 1107 2278 μὲν

138 2290 338 2379 συνελήφθη
362 2292 420 2359 καὶ
445 2288 637 2381 άπέθανεν,
669 2297 705 2361 ολ
726 2290 765 2361 δέ
795 2291 890 2362 ἄλλοι
921 2293 1107 2381 φεύγοντες

139 2390 286 2487 ᾤχοντο,
310 2393 367 2460 καὶ
385 2389 502 2461 αὐτῶν
519 2389 617 2479 ὑμεῖς
634 2393 788 2463 θάνατον
805 2396 1002 2481 κατέγνωτε.
1036 2402 1110 2463 Καί

137 2521 194 2583 μοι
211 2494 294 2583 λαβὲ
311 2496 368 2564 καὶ
387 2492 566 2580 ἀνάγνωθι
584 2493 701 2564 αὐτῶν
718 2495 759 2563 τά
778 2493 937 2584 ὀνόματα.

158 2626 372 2685 ΟΝΟΜΑΤΑ.
411 2620 525 2685 Τούσδε
501 2619 773 2768 ΜἈνδρόμαχοςέ
772 2624 924 2704 μήνυσεν.
953 2621 1104 2704 Ἀλκιβιά-

179 2709 258 2788 δην,
293 2708 468 2787 Νικιάδην,
501 2706 664 2787 Μέλητον,
693 2705 904 2790 Ἀρχεβιάδην,
927 2709 1105 2791 Ἀρχιππον,

204 2853 344 2926 άρεισθαι
374 2860 439 2910 Bk..
468 2852 687 2975 αλρὲισθαι.
659 2861 723 2911 fort.
754 2866 846 2913 autem
874 2863 1042 2913 adiectivum
1069 2861 1106 2911 εδ

136 2927 622 3078 ξλδτελῗέωῖλῗλῗέέὲἐλ’λ
640 2916 1105 3062 ωιῗλλῖὼέλαῖθλᾱλιλλ

136 3078 202 3123 ενος
218 3078 276 3114 των
293 3030 413 3115 ἐνθάδε.

205 3134 246 3181 12.
265 3127 299 3182 δὲ
321 3127 372 3183 καλ
392 3124 460 3183 Ἄλκ.
479 3131 566 3181 Ζ.-
532 3122 774 3198 Π-ολεμάρχου
796 3133 912 3186 eumR.
935 3131 1002 3186 Bk:
1024 3120 1106 3182 άλκι·

136 3192 242 3267 βιάδον
263 3194 455 3266 πολέμαρχον.
491 3195 564 3249 ΙΙΙοδ
590 3204 683 3250 tamen
709 3199 775 3250 huie
797 3200 977 3251 coniecturae
1000 3199 1104 3261 obstat,

136 3269 211 3349 quod
225 3266 401 3319 Polemarchi
417 3282 517 3318 nomen
534 3267 608 3317 inter
625 3271 721 3318 cetera
739 3268 754 3329 ἃ
778 3270 809 3318 13
827 3284 882 3319 non
900 3267 1027 3318 occurrit.
1051 3267 1106 3317 ita-

137 3351 188 3402 que
203 3327 386 3417 Ἀρχεβιάδου
407 3328 478 3400 πρὸς
501 3328 553 3384 τὸν
574 3334 639 3388 πολ.
663 3336 697 3387 ei.
721 3333 832 3400 Helbig
855 3351 920 3386 num
938 3328 1105 3399 Πολυστρά-

136 3420 200 3469 του,
211 3405 267 3486 qui
283 3403 363 3453 homo
383 3401 456 3454 solus
475 3401 687 3520 οέοιορεεὶιεοεοε
705 3406 734 3453 et
751 3402 890 3467 supplicio
908 3402 1023 3454 affectus
1042 3402 1104 3452 est?

135 3443 1103 3603 vkkffzzzss‘fflssssvk{kkzssizkkv1222323321052131?
