2340 3916
323 198 415 250 ΠΕΡΙ
432 196 509 251 ΤΩΝ
526 198 759 251 ΜΤΣΤΗΡΙΩΝ.
996 200 1035 266 31

66 337 103 407 δ’
135 338 342 424 ἐπανήλθετε
368 342 404 408 ἐκ
429 341 629 430 Πειραιέως,
655 341 839 429 γενόμενον
869 341 924 431 ἐφ’
953 341 1038 431 ύμῖν

66 451 288 529 τιμωρεῖσθαι
313 447 436 527 ἔγνωτε
461 444 521 510 ἐάν
544 442 585 509 τά
616 443 840 530 γεγενημένα,
870 446 928 513 καὶ
960 446 1037 533 περὶ

66 548 225 622 πλείονος
251 541 453 630 ἐποιήσασθε
477 544 592 626 σώζειν
615 542 679 632 τὴν
698 544 796 613 πόλιν
819 540 918 630 ἢτάς
944 550 1036 626 ἰδίας

66 650 247 732 τιμωρίας,
271 644 329 712 καὶ
355 644 447 724 ἔδοξε
472 646 518 733 μὴ
540 662 759 734 μνησικακεῖν
783 644 940 733 ἀλληλοις
967 650 1037 716 τών

66 747 310 833 γεγενημένων.
339 745 484 826 δόξαντα
499 745 537 815 δὲ
550 745 635 835 ύμῖν
648 751 756 816 ταῦτα
765 753 898 817 εἵλεσθε
908 745 1036 836 άνδρας

66 857 187 915 εἴκοσι·
206 845 351 927 τούτους
366 846 404 916 δὲ
420 851 648 937 ἐπιμελεῖσθαι
665 851 723 936 τῆς
742 850 890 937 πόλεως,
909 852 971 930 ἕως
990 841 1034 918 αὖ

67 953 104 1017 ολ
124 948 222 1035 νόμοι
246 960 392 1018 τεθεῖεν·
423 951 507 1031 τέως
538 949 576 1019 δὲ
607 953 751 1038 χρῆσθαι
777 966 849 1031 τοῖς
875 950 1035 1031 Σόλωνος

64 1049 181 1137 νόμοις
216 1052 273 1119 καὶ
307 1066 378 1131 τοῖς
415 1052 611 1141 Δράκοντος
645 1063 795 1140 θεσμοῖς.
848 1052 962 1142 ἐπειδὴ
997 1052 1035 1122 δὲ
1053 1066 1086 1116 82

64 1152 196 1239 βουλήν
230 1178 265 1220 τε
300 1150 559 1241 ἀπεκληρώσατε
598 1156 787 1241 νομοθέτας
820 1182 856 1226 τε
891 1161 1035 1242 εἵλεσθε,

65 1250 224 1341 εύρισκον
240 1256 310 1321 τών
328 1254 445 1341 νόμων
462 1259 531 1323 τών
549 1281 584 1324 τε
599 1254 760 1335 Σόλωνος
776 1258 834 1326 καὶ
852 1261 921 1327 τῶν
937 1256 1034 1346 Δρά-

65 1381 184 1434 κοντος
198 1353 346 1435 πολλούς
360 1353 460 1435 ὄντας
475 1351 526 1436 οἷς
541 1357 661 1425 πολλοὶ
680 1360 748 1426 τῶν
762 1363 908 1429 πολιτών
925 1366 1034 1445 ἔνοχοι

64 1448 152 1542 ἦσαν
182 1459 251 1523 τῶν
282 1456 447 1545 πρότερον
479 1461 577 1527 ἕνεκα
606 1459 809 1547 γενομένων.
853 1464 1034 1550 ἐκκλησίαν

64 1557 263 1645 ποιήσαντες
288 1558 538 1646 ἐβουλεύσασθε
562 1562 639 1649 περὶ
664 1559 798 1648 αὐτῶν,
822 1564 879 1631 καὶ
906 1566 1032 1650 ἐψηφί-

65 1670 190 1746 σασθε,
209 1660 449 1747 δοκιμάσαντες
464 1662 592 1742 πάντας
605 1660 686 1743 τούς
700 1661 846 1751 νόμους,
865 1661 926 1732 εἶτ’
946 1661 1033 1731 άνα-

64 1760 193 1849 γράψαι
218 1764 255 1830 ἐν
273 1763 314 1850 τῇ
334 1765 416 1852 στοᾷ
435 1762 579 1842 τούτους
596 1767 666 1831 τών
690 1764 806 1850 νόμων
825 1771 861 1833 οἳ
875 1760 920 1832 άν
938 1767 1030 1832 δοκι·

63 1864 229 1950 μασθῶσι.
267 1871 339 1932 Καί
354 1891 408 1952 μοι
427 1862 604 1950 άνάγνωθι
621 1865 659 1933 τό
678 1866 844 1952 ψήφισμα.

87 2011 312 2070 ΨΗΦΙΣΜΑ.
335 2009 441 2084 Ἔδοξε
462 2020 502 2070 τω
522 2009 641 2118 δήμῳ,
653 2010 816 2091 Τισαμενὸς
844 2005 925 2090 εἶπε,
951 2014 1032 2071 πολ-ι
1048 2021 1083 2073 83

106 2093 249 2154 τεύεσθαι
260 2090 443 2173 Ἀθηναίους
458 2092 533 2156 κατά
549 2085 584 2155 τά
598 2094 717 2176 πάτρια,
733 2096 836 2177 νόμοις
850 2094 885 2158 δὲ
898 2101 1032 2176 χρησθαι

106 2200 167 2251 τοις
188 2178 344 2257 Σόλωνος,
367 2203 417 2240 και
408 2178 553 2262 μέτροις
579 2180 629 2242 καὶ
651 2187 814 2262 σταθμοις,
841 2186 973 2262 χρῆσθαι
998 2177 1032 2241 δὲ

106 2262 157 2324 και
178 2285 238 2336 τοις
263 2263 432 2370 Δράκοντος
452 2270 636 2368 θεσμοῖς,ο
620 2259 723 2346 οἷσπερ
749 2264 908 2373 ἐχρώμεθα
930 2264 964 2327 ἐν
993 2274 1033 2325 τώ

105 2345 242 2428 πρόσθεν
256 2347 364 2454 χράηῳ.
394 2345 514 2410 ὁπόσων
534 2344 607 2409 δ’”
585 2374 627 2410 αν
640 2348 788 2454 προσδεη,
807 2350 871 2411 οιδε
891 2328 1033 2435 ηρημένοι

105 2429 294 2534 νομοθέται’
277 2431 336 2494 υπὸ
351 2441 403 2512 τῆς
418 2428 559 2513 βονλῆς’
541 2432 765 2515 αναγράφοντες
780 2433 814 2495 ἒν
825 2413 945 2495 σανίσιν
956 2433 1032 2494 ἔκτι-

105 2515 224 2577 θέντων
249 2508 321 2623 πρός
348 2517 417 2591 τοὺς
444 2517 621 2597 ἐπωνύμους
647 2524 771 2580 σκοπεῖν
790 2527 831 2602 τῷ
850 2517 1032 2639 βουλομένῳ,

130 2706 172 2754 81.
192 2720 244 2784 εως
263 2692 300 2755 αὖ
320 2705 377 2755 W..
398 2721 450 2764 εως
469 2692 506 2755 άν
526 2690 574 2768 (διν
594 2704 648 2754 δελ.
666 2703 775 2783 Dobr).

130 2774 171 2823 82.
171 2764 373 2850 εὑρίσκοντες
392 2773 426 2821 οὶ.
445 2773 477 2853 R
496 2772 568 2822 Bait.
587 2770 701 2835 (Turr.):
720 2762 853 2836 εὕρισκον
872 2763 925 2839 γάρ
946 2771 1030 2838 ng.;

62 2827 196 2919 εύρισκόν
213 2855 244 2890 τε
263 2837 351 2892 Sl.-
318 2837 531 2918 -γενομὲνων
549 2844 620 2889 auct.
641 2840 673 2889 R.
692 2840 783 2891 Turr:
801 2834 960 2907 γινομένων
972 2838 1031 2905 (γε

61 2903 227 2988 γενημὲνων
245 2905 397 2985 Bake).-
415 2900 628 2988 δοκιμάσαντας
650 2907 736 2958 Dobr.
759 2907 838 2959 Turr.
863 2907 926 2959 coll
950 2908 1029 2969 589.

60 3002 94 3010 -
113 2969 182 3032 τούς
200 2967 326 3039 άνόμονς
345 2974 391 3024 ΑΒ
411 2972 485 3040 (num
504 2974 559 3024 fuit
575 2969 643 3034 τούς
662 2966 801 3056 άρχαίονς
818 2969 954 3040 νόμονςλ)

129 3043 171 3092 83.
205 3042 391 3092 ΨΗΦΙΣΜΑ
421 3059 473 3095 om.
503 3043 646 3092 ALZ.—
679 3037 773 3107 Τισάμ
776 3057 839 3103 ενος
864 3042 967 3094 ABLZ.
997 3070 1030 3078 -

59 3105 187 3186 προςδεη
203 3109 270 3158 Bk
290 3104 481 3176 προςδέοι.-
502 3107 575 3169 οἵδε]
600 3104 630 3160 ολ
651 3104 724 3161 δέκα
743 3110 780 3159 sl.
819 3105 910 3161 eive]
929 3105 959 3161 οἱ
979 3110 1030 3161 ΔΕ

60 3161 195 3242 (δεκάκις
212 3173 359 3238 πέντελι-
376 3172 557 3243 πεντήκοντα
570 3178 602 3228 οἱ.
616 3178 648 3229 R
661 3178 714 3231 Vel
727 3172 757 3229 οἱ
767 3147 801 3230 δδ
815 3174 988 3259 ροτὶλιεοδααι
1003 3182 1031 3228 et

59 3246 189 3323 lacungzm
208 3249 273 3295 ante
293 3245 344 3294 hoe
357 3261 417 3296 voc.
431 3260 492 3296 esse
510 3244 687 3295 statuendum
705 3250 756 3300 est.
767 3238 1031 3311 -άναγράφοντες

58 3312 124 3362 Bk:
140 3328 365 3378 αναγραφοντας
377 3313 438 3361 ΑΒ
432 3307 673 3392 αναγραφονται
685 3314 739 3367 LZ
751 3312 801 3364 καλ
815 3319 879 3365 ante
892 3306 949 3364 ἑκτ
967 3312 1030 3366 add

59 3381 129 3430 ΒΕΖ
153 3379 230 3459 All„
256 3382 284 3429 in
304 3396 357 3440 qua
376 3373 606 3462 άναγραφόντων
625 3395 666 3431 ex
685 3396 754 3431 corr.
773 3383 906 3462 seriptum
927 3385 976 3431 est.
997 3407 1029 3416 -

60 3453 132 3509 „aut
149 3440 203 3510 πρὸ
222 3446 279 3498 τῶν
303 3441 459 3513 ἐπωνύμων
482 3453 531 3497 aut
548 3441 619 3528 πρδς
641 3451 702 3508 τοῖς
725 3440 905 3528 ἔτωνύμοις“
928 3448 958 3497 R.
979 3446 1030 3513 Ap.

58 3517 137 3566 Dem.
156 3517 203 3579 20,
221 3518 267 3576 943
286 3518 331 3575 24,
352 3519 391 3569 18.
411 3519 443 3567 ‘23
462 3521 505 3566 est
521 3509 633 3580 πρόσθε
651 3514 708 3566 τῶν
727 3508 891 3582 ἐπωνύμων.
