2316 3900
142 185 181 246 νε
376 162 380 168 ’
488 184 744 243 Αιεκιιιου

142 351 277 429 πρᾶγμα
294 349 515 429 γνωρίζοντες.
529 340 656 408 οὐκοῦν
666 339 725 407 τόν
736 339 978 425 αὐτὸντρόπον
990 363 1094 425 προσ-
1110 353 1137 407 75

143 444 216 526 ἠ’κει
232 439 317 526 ὑμᾶς
333 443 407 524 περὶ
428 441 595 526 Τιμάρχου
614 440 787 525 ἐξετάζειν,
810 442 866 508 καὶ
882 441 935 526 μὴ.
946 457 1094 525 σκοπεῖν,

144 553 177 610 εί
185 568 233 619 τις
244 541 331 608 εἶδεν
338 592 347 625 ,
371 538 447 607 ἀλλ’
468 547 498 608 εί
514 544 699 623 πέπρακται
714 540 821 628 τούτῳ
839 537 860 625 ἡ
879 545 1006 623 πρᾶξις.
1028 541 1096 607 ἐπεὶ

145 640 228 724 πρὸς
240 647 331 706 θεῶν
341 644 375 705 τί
388 642 438 704 δεῖ
454 642 577 722 λέγειν,
605 644 761 722 Τίμαρχε,
784 633 806 723 ἢ
824 645 859 704 τί
871 635 915 704 σε)
932 633 977 705 άν
995 647 1097 715 εἴποις

145 737 245 816 αὐτὸς
255 740 328 819 περὶ
338 740 450 820 ἑτέρου
460 735 704 819 άνδρόπουέπὶ
713 741 755 822 τῇ
766 740 851 822 αἰτίᾳ
864 736 970 823 ταότη
982 761 1096 817 κρινο-

93 857 128 910 98
144 838 264 920 μένους
285 831 307 920 ἢ
322 843 357 902 τί
369 833 430 920 χρὴ
448 836 573 918 λέγειν,
594 831 676 898 όταν
687 833 858 918 μειράκιον
870 835 948 899 νέον
960 840 1096 899 καταλι-

147 933 212 1000 πόν
229 932 291 1018 τὴν
308 931 467 1021 πατρῴαν
484 938 592 1009 οἰκίαν
605 934 641 998 ἐν
652 927 837 1014 άίλοτρίαις
847 934 966 1007 οἰκίαις
977 955 1097 997 νυκτε-

146 1032 244 1119 ρεόη,
261 1031 323 1116 την
333 1029 411 1109 ὄψιν
423 1032 542 1115 ἑτέρων
554 1031 724 1115 διαφέρον,
737 1031 791 1097 καὶ
802 1035 969 1113 πολυτελῆ
980 1032 1096 1096 δεῖπνα

146 1137 262 1216 δειπνῇ
274 1127 469 1214 ἀσύμβολον
479 1130 534 1195 καὶ
548 1126 746 1213 αὐλητρίδας
761 1133 817 1215 ἔχη
828 1128 883 1194 καὶ
894 1127 1026 1209 ἑταίρας
1035 1149 1098 1192 πο-

146 1226 380 1303 λυτελεστάτας
390 1229 444 1293 καὶ
455 1226 581 1314 κυβεόη
593 1227 652 1292 καί
660 1226 763 1310 μηδὲν
774 1226 884 1312 ἐκτίυη
895 1221 1009 1310 αὐτός,
1021 1221 1096 1291 ἀλλ’

144 1329 254 1409 ἕτερος
271 1323 355 1406 ὑπὲρ
375 1324 502 1406 αὐτοῦς
519 1331 566 1391 ἔτι
588 1332 690 1391 ταῦτα
712 1331 867 1411 μαντείας
889 1326 1098 1406 πρυσδεῖταις
1112 1329 1142 1385 76

146 1421 209 1490 οὐκ
222 1423 381 1509 εὔδηλον,
404 1423 455 1490 ότι
473 1432 561 1490 πάσα
573 1422 700 1509 άνάγκη
713 1423 773 1491 τόν
782 1421 822 1490 τά
833 1430 1017 1509 τηλικαῦτα
1028 1425 1116 1489 ἐπι-ι

146 1522 293 1608 τάγματά
315 1543 400 1589 τισιν
428 1523 639 1590 ἐπιτάττοντα
666 1525 722 1590 καὶ
748 1519 853 1589 αὐτὸν
875 1520 948 1588 άυτδ
969 1523 1099 1590 τούτων

146 1619 270 1705 ἡδονάς
286 1647 377 1698 τινας
394 1616 655 1705 παρασκευάζειν
671 1634 738 1698 τοῖς
754 1619 791 1688 τό
810 1618 975 1705 άργόριον
993 1646 1099 1705 προα-

146 1723 377 1799 ναλίσκουσινς
400 1718 442 1785 οὐ
459 1720 522 1803 γάρ
541 1725 603 1803 ἔχω
620 1718 666 1804 μά
681 1717 742 1786 τὸν
752 1725 818 1786 Δία
829 1717 890 1784 τόν
903 1716 1098 1804 Ὀλύμπιον,

96 1840 131 1894 99
146 1826 220 1886 τίνα
241 1818 366 1899 τρόπον
388 1818 617 1903 εὐφημότερον
639 1825 781 1902 μνησθῶ
804 1825 872 1883 τῶν
890 1818 943 1883 σοὶ
960 1841 1100 1901 καταγε-

148 1916 275 1994 λάστως
286 1919 527 2001 πεπραγμένων
538 1920 654 2000 ἔργων.

234 2013 428 2098 Θεωρησατε
439 2012 484 2097 δ’,
497 2020 528 2081 εί
536 2014 712 2100 βούλεσθε,
725 2012 762 2081 τό
775 2017 910 2099 πράγμα
921 2018 976 2082 καὶ
988 2019 1025 2083 ἐκ
1036 2040 1098 2082 πο·
1111 2019 1141 2073 77

148 2120 282 2176 λιτικων
303 2136 404 2177 τινων
426 2114 714 2199 παραδειγμάτων,
737 2116 793 2181 καὶ
809 2115 968 2199 μάλιστα
967 2118 1004 2181 ἐκ
1020 2115 1098 2181 τού-

148 2237 226 2295 των,
238 2238 258 2276 α
244 2206 345 2277 νυνὶ
356 2209 436 2295 μετά
448 2225 556 2295 χεῖρας
567 2218 661 2297 ἔχετε.
674 2212 832 2298 γεγόνασι
843 2216 1054 2313 διαψηφίσεις
1064 2217 1100 2279 ἐν

148 2324 215 2387 τοίς
233 2308 348 2394 δήμοις
366 2310 421 2377 καὶ
437 2310 572 2388 ἕκαστος
584 2309 680 2395 ὑμῶν
691 2320 805 2397 ψῆφον
817 2315 939 2378 δέδωκε
952 2314 1028 2396 περι
1039 2318 1100 2378 τοῦ

149 2409 314 2495 σώματος,
332 2407 421 2486 ὅστις
430 2407 635 2493 Ἀθηναιος”
614 2436 719 2487 ουτως
730 2413 797 2476 ἐστὶ
808 2412 862 2476 και
874 2429 965 2486 οστις
974 2436 1031 2495 μη
1013 2408 1100 2476 ’καὶ

150 2517 261 2594 ἔγωγε,
273 2507 407 2576 ἐπειδάν
415 2517 516 2590 προσί
515 2535 541 2573 ω
553 2506 652 2628 πρὸς
643 2536 679 2575 το
669 2507 901 2594 δικαστήριον
911 2510 966 2574 και
970 2504 1102 2589 άκροά-

150 2627 256 2693 σωμαι
266 2633 334 2673 των
346 2600 612 2691 άγωνιζομένων,
637 2604 721 2689 ὁρω,
747 2603 799 2671 ὅτι
809 2602 859 2671 άει
870 2601 907 2670 τό
920 2598 1004 2670 αὐτὰ
1020 2601 1099 2684 παρ’

148 2704 229 2789 ὑμῖν
246 2705 359 2789 ἰσχύει
382 2704 571 2771 ἐπειδάν
532 2731 597 2790 γαρ
616 2703 931 2791 είπηὸκατήγορος·
955 2701 1101 2787 ,,αυδρες
1113 2708 1142 2764 78

82 2826 133 2877 100
150 2804 315 2883 δικασταὶ,
337 2805 470 2869 τουτουὶ
481 2811 745 2889 κατεψηφίσαντο
758 2807 792 2869 αι’
801 2800 940 2888 δημόται
951 2799 1101 2886 ὀμόσαν-

149 2924 217 2983 τες,
241 2896 378 2976 οξάδενδς
400 2896 592 2981 άυθράπωυ
611 2901 688 2970 οὔτε
712 2902 1001 2988 κατηγορήσαντος
1025 2901 1101 2969 οὔτε

151 2999 432 3086 μαρτυρήσαντος,
445 2999 521 3069 ἄλλ’
532 3000 624 3070 αὐτοὶ
637 3002 858 3087 συνειδότες,“
870 2999 1099 3087 εόδύς,,οίμαι,
1145 3026 1148 3031 ·

83 3119 129 3173 101
150 3104 326 3182 θορυβεῖτε
344 3095 436 3183 ὑμεῖς
455 3097 497 3178 ὡς
514 3100 555 3167 οό
576 3100 676 3189 μετδυ
693 3110 740 3190 τῷ
756 3106 941 3190 κρινομένῳ
958 3109 1018 3187 τῆς
1039 3102 1101 3168 πό-

150 3203 247 3272 λεως·
260 3192 361 3263 οὐδὲν
370 3196 444 3282 γάρ,
457 3197 562 3283 οἶμαι,
577 3204 894 3282 δοκείπροσδεῖσδαι
907 3196 988 3284 ὑμῖν
999 3200 1101 3285 λόγου

150 3292 228 3360 οὐδὲ
245 3302 432 3379 μαρτυρίας
442 3294 505 3362 ὅσα
519 3323 568 3375 τις
586 3305 701 3381 σαφῶς
718 3296 808 3363 οἶδεν
826 3295 933 3373 αὐτός.
957 3301 1037 3382 φέρε
1060 3294 1099 3381 δὴ
1114 3304 1143 3359 79

151 3391 235 3476 πρός
245 3400 306 3460 τοῦ
317 3389 415 3476 Διὸς,
439 3400 483 3479 εί,
507 3394 616 3480 όσπερ
628 3398 701 3478 περὶ
713 3404 773 3463 τοῦ
788 3397 924 3481 γεύους,
947 3396 1099 3463 οὕτωκαὶ
