2340 3916
151 183 192 245 36
498 182 748 241 ΑΙΣΧΙΝΟΤ

90 422 96 429 ,
153 352 251 428 σθοῦ,
265 342 445 430 βουλευτής
457 337 504 408 εδν
515 342 570 408 καὶ
581 341 792 426 προεδρεύων
803 344 933 429 ἐκείνην
943 338 1005 428 τὴν
1016 338 1097 428 ήμί·

153 467 218 524 ραν
228 439 290 510 οὐκ
301 439 440 529 ἠξίωσεν
451 437 541 531 αύτῷ
552 455 731 525 συνειπεῖν,
742 439 826 510 άλλά
837 446 1000 528 περιεῖδεν
1011 439 1095 510 άπο-

85 546 135 600 124
154 541 293 607 λίσαντα
304 540 363 608 τὸν
372 547 429 626 τῆς
439 545 636 622 πρυτανείας
645 539 780 625 μισθόν.
809 537 905 608 ὅτιδ’
916 537 1029 626 άλήθή
1040 545 1095 607 λε’-

152 665 217 721 χω,
237 640 330 707 κάλει
346 665 402 724 μοι
417 642 471 706 καὶ
488 637 686 722 Ἀρίγνωτον
703 634 764 706 τὸν
773 640 943 726 Σφήττιον
960 640 1013 706 καὶ
1033 638 1094 724 τήν

151 745 336 822 μαρτυρίαν
346 736 581 823 άνοιχίχνωσκε.

480 843 524 904 Μ
524 846 556 903 A
561 843 718 905 PTYPI
721 845 760 902 A.

232 933 311 1003 Ἀλλ’
324 946 402 1014 ίσως
414 934 456 1003 άυ
475 963 523 1014 τις
539 945 639 1020 είποι,
664 932 706 1014 ὡς
723 933 930 1021 ἀποδόμενος
947 935 1010 1022 τήν
1027 960 1087 1002 πα·
1114 954 1161 1006 105

150 1034 261 1122 τρῴαν
271 1039 379 1102 οἰκίαν
390 1035 505 1121 ἑτέραν
519 1031 642 1102 άλλοθί
650 1060 715 1100 που
726 1040 787 1100 τού
797 1031 911 1111 άστεος
922 1032 1091 1120 ἐκτήσατο,

150 1129 223 1198 ἀντὶ
240 1131 275 1199 δὲ
292 1139 350 1217 τῆς
363 1133 511 1216 ἐσχατιάς
526 1134 580 1198 καὶ
597 1139 659 1199 τοῦ
678 1137 800 1216 χωρίου
817 1137 877 1197 τοῦ
889 1128 1092 1217 Ἀλωπεκῆσι

150 1230 203 1295 καὶ
223 1235 290 1295 τῶν
307 1233 518 1315 δημιουργῶν
534 1231 589 1298 καὶ
605 1237 673 1297 τάν
689 1228 800 1298 άλλωυ
817 1235 862 1308 είς
872 1226 1050 1315 τάρχύρειά
1061 1257 1092 1297 τι

149 1325 428 1412 κατεσκευάσατο,
449 1326 559 1409 ὥσπερ
576 1329 631 1394 καὶ
647 1324 665 1394 ὁ
679 1325 785 1412 πατήρ
803 1326 908 1393 αὐτοῦ
918 1328 1090 1411 πρότερον.

83 1435 130 1488 125
148 1419 215 1490 ἀλλ’
229 1421 291 1491 ούκ
304 1430 371 1492 ἔστι
381 1423 487 1514 τούτῳ
499 1422 616 1492 λοιπὸν
628 1423 743 1506 οὐδὲν,
759 1422 821 1492 ούκ
833 1430 935 1504 οίκία,
954 1422 996 1491 ού
1008 1445 1087 1491 συν-

149 1529 252 1608 οικία,
265 1520 307 1589 ού
316 1529 454 1608 χωρίον,
472 1520 533 1590 οὐκ
545 1526 683 1608 οίκέται,
701 1520 742 1589 ού
755 1522 932 1608 δάνεισμα,
944 1519 1007 1588 ούκ
1019 1519 1088 1588 ἄλλ’

148 1619 247 1688 οὐδὲν
268 1618 322 1707 ἀφ’
337 1612 384 1689 ὦν
404 1620 581 1705 άνθρωποι
600 1618 645 1706 μή
663 1627 844 1705 κακοῦργοι
861 1624 968 1698 ζῶσιν.
1003 1614 1090 1685 άλλὰ

147 1720 253 1807 τούτῳ
273 1717 346 1786 άντὶ
362 1725 429 1786 τῶν
446 1717 610 1808 πατρῴων
626 1725 770 1801 περίεστι
785 1721 959 1804 βδελυρία,
987 1734 1092 1781 συκο·

148 1821 284 1901 φαντία,
300 1816 443 1901 θράσος,
454 1813 582 1902 τρυφὴ,
598 1820 716 1902 δειλία,
736 1811 900 1898 άναίδεια,
914 1810 950 1879 τὸ
962 1810 1007 1897 μή
1019 1814 1090 1877 ἐπί-

147 1923 289 1981 στασθαι
301 1916 466 1999 ἐρυθριᾶν
478 1914 529 1980 ἐπὶ
541 1926 608 1990 τοῖς
618 1918 777 1997 αίσχροῑς·
802 1913 835 1990 ἐξ
849 1902 898 1977 τάν
909 1905 952 1975 άν
963 1907 980 1976 ὁ
993 1907 1090 1975 κάκι-

145 2032 221 2088 στος
231 2013 286 2078 καὶ
296 2009 581 2086 ἀλυσιτελέστατος
591 2016 724 2094 πολίτης
734 2009 872 2092 γίνοιτο.

231 2106 283 2175 Ού
293 2113 407 2174 τοίνυν
417 2106 523 2191 μόνον
538 2105 578 2173 τά
596 2115 732 2195 πατρῷα
749 2106 981 2193 κατεδήδοκεν,
1003 2104 1088 2173 ἀλλὰ
1113 2121 1158 2174 106

145 2209 199 2272 καὶ
211 2205 251 2273 τά
269 2201 365 2272 κοινά
382 2202 421 2270 τά
434 2203 589 2290 ὑμέτερα,
607 2203 697 2272 ὅσων
714 2205 846 2273 πύποτε
863 2207 978 2287 κύριος
989 2208 1089 2290 γέγο-

145 2330 212 2370 νεν.
246 2294 344 2380 οὗτος
363 2298 427 2386 γάρ
445 2302 570 2389 ταύτην
588 2303 649 2387 τήν
669 2301 799 2388 ἡλικίαν
814 2307 914 2387 ἔχων,
937 2299 979 2387 ἣν
996 2300 1090 2387 ὑμεῖς

144 2398 257 2484 ὁρᾶτε,
270 2395 332 2466 ούκ
345 2405 433 2466 ἔστιν
443 2397 561 2486 ήντινα
572 2398 692 2467 πώποτ’
707 2399 769 2468 οὐκ
780 2393 880 2485 ήρξευ
891 2397 1014 2486 άρχήυ,
1029 2398 1089 2468 ού-

144 2495 381 2584 δεμίανλαχιδν
398 2495 477 2565 ούδδ
495 2500 756 2583 χειροτονηθεὶς,
778 2494 861 2565 άλλά
880 2495 986 2575 πάσας
997 2497 1088 2580 παρά

142 2593 220 2673 τούς
231 2594 355 2678 νόμους
366 2593 551 2679 πριάμενος.
574 2586 622 2662 άν
632 2593 691 2673 τάς
700 2596 760 2678 μὲν
771 2601 922 2672 πλείστας
937 2595 1086 2681 παρήσω,

77 2710 125 2764 126
143 2695 240 2758 δυοῖν
254 2687 284 2756 δ’
302 2685 324 2775 ή
342 2698 444 2773 τριῶν
460 2691 566 2775 μόνον
582 2690 823 2776 μνησθήσομαι.
858 2690 1010 2778 λογιστὴς
1024 2691 1089 2777 γὰρ
1111 2708 1155 2761 107

143 2786 320 2871 γενόμενος
332 2794 466 2853 πλείστα
477 2788 537 2871 μὲν
548 2787 610 2873 τήν
620 2788 717 2855 πάλιν
728 2793 849 2874 ἔβλαψε
862 2792 951 2870 δῶρα
959 2792 1088 2876 λαμβά-

143 2909 213 2949 νων
223 2880 310 2964 παρά
325 2890 391 2950 τῶν
402 2880 443 2949 ού
456 2888 589 2961 δικαίως
600 2883 788 2970 άρξάυτων,
806 2886 947 2971 μάλιστα
964 2885 996 2953 δ’
1008 2891 1087 2954 ἔσο--

142 2981 330 3067 κοφάυτήσε
347 2989 414 3048 τῶν
436 2979 641 3049 ὑπευθύνων
657 2981 735 3061 τούς
755 2983 858 3069 μηδὲν
879 2981 1084 3069 ήδικήκύιας.

141 3073 217 3166 ήρξε
230 3080 261 3147 δ’
275 3084 311 3148 ἑν
320 3081 449 3168 ’Ἁνδρω
461 3081 640 3165 πριάμενος
649 3080 825 3162 τριάκοντα
837 3090 932 3167 μναῖν
949 3082 1012 3167 τήν
1024 3081 1087 3165 άρ-

141 3179 219 3266 χήν,
232 3181 467 3266 δανεισάμενος
477 3180 529 3248 ἐπ’
543 3184 638 3250 ίννεά
651 3179 782 3269 ὀβολοῖς
792 3180 853 3267 τήν
863 3191 967 3266 μνᾶν,
984 3181 1087 3250 εύπο-

141 3286 217 3363 ρίαν
227 3285 267 3366 τῇ
277 3282 434 3368 βδελυρίᾳ
445 3287 484 3369 πή
493 3281 613 3348 ἑαυτοῦ
624 3278 700 3357 τούς
709 3279 900 3364 συμμάχους
914 3278 993 3357 τούς
1003 3276 1087 3362 ὑμε-

140 3381 254 3459 τέρους
266 3378 476 3464 ποιούμενος·
487 3378 713 3462 καὶτοσαύτην
721 3376 893 3462 άσίλχειαν
900 3380 1085 3454 ἐπεδείξατο
