2340 3916
343 170 471 226 ΚΑΤΑ
496 170 716 229 TIMAPXO
726 172 760 229 Y.
987 171 1026 234 ll

474 337 638 396 ΝΟΜΟΣ.

21 478 53 531 16
157 459 224 545 [”Αν
241 488 284 536 τις
296 443 468 543 Αθηναίων
480 458 660 564 ἐλεύθερον
658 465 752 525 παῖδα
772 458 844 571 ύβρί
843 484 895 550 ση,
916 467 1027 548 γραφέ-

116 546 205 608 σθω’
194 572 209 609 ο
222 543 323 651 κύριος
333 571 384 609 του
372 541 507 619 παιδὸς
523 540 596 628 πρὸς
613 540 680 622 τούς
696 550 895 627 θεσμοθέτας,
918 552 1028 631 τίμημα

115 630 362 713 ἐπιγραψάμενος.
373 621 412 692 οὗ
421 624 460 692 άν
468 654 500 692 το
490 624 698 732 δικαστήριον
709 637 867 734 καταφηφί
866 652 958 713 σηται,
970 660 1027 696 πα·
1045 650 1082 704 42

117 719 255 819 ραδοθεὶς
274 723 335 790 τοῖς
360 717 463 778 ἕνδεκα
488 710 623 776 τεθνάτω
651 708 832 815 αὐθημερόν.
861 714 913 781 ἐάν
935 717 1014 781 δέ’
988 743 1028 794 εις

116 798 259 904 άργύριρν
281 803 516 899 καταψηφισθῇ,
538 790 705 861 άποτισάτοι
727 801 759 862 ἐν
780 802 884 864 ἕνδεκα
907 796 1028 884 ἡμέραις

115 881 185 966 μετά
202 881 257 968 τὴν
275 887 376 986 δίκην,
401 876 505 945 ἐάν
469 907 510 962 μη
526 888 704 983 παραχρῆμα
720 880 844 965 δύνηται
861 881 1025 949 άποτίνειν·

115 972 167 1045 ἕως
184 970 216 1033 δέ
233 976 285 1032 τοῦ
297 963 434 1031 άποτῖσαι
451 961 648 1070 ειρχθήτω.”
616 991 725 1068 ενρχοι
738 967 770 1030 δέ
787 972 917 1033 ἔστωσαν
927 975 1027 1033 ταῖσδε

112 1062 234 1130 ταῖςτ
188 1056 234 1116 αίτ
235 1057 292 1127 ίαις
303 1078 353 1115 και
344 1052 430 1115 οἷ’
404 1075 444 1125 εις
454 1047 490 1112 τά
498 1044 627 1112 σίκετικά
636 1048 1026 1138 σώματαέξαμαρτάνοντες]

18 1221 51 1274 17
146 1206 241 1284 Ἴσως
261 1199 304 1272 δέν
322 1196 386 1270 οὖν
401 1229 449 1281 τις
465 1201 673 1288 θαυμάσειεν
695 1203 890 1290 ἐξαίφνης’
869 1205 1027 1291 ακούσας,

73 1313 105 1373 τί
126 1306 167 1390 δή
190 1300 264 1371 ποτ’
285 1306 322 1370 έν
338 1309 385 1391 τῷ
406 1301 497 1389 νόμῳ
520 1309 565 1387 τῷ
585 1310 642 1388 τῆς
663 1300 792 1388 ὕβρεως
810 1306 1027 1392 προσεγράφη
1044 1326 1079 1380 40

72 1414 169 1475 τοῦτο
182 1404 219 1473 τό
231 1405 335 1492 ῥῆμα,
356 1398 393 1469 τὰ
412 1407 481 1468 τῶν
494 1401 634 1469 δούλων.
646 1409 745 1470 τοῦτο
757 1404 793 1472 δέ
804 1400 863 1471 ἐάν
873 1413 1026 1491 σκοπῆτε,

74 1503 99 1575 οἶ
111 1505 298 1593 Ἀθηναῖοι,
311 1501 484 1589 εὑρήσετε,
502 1499 553 1570 ὅτι
563 1509 661 1571 τοῦτο
673 1504 810 1572 πάντων
820 1504 937 1589 ἄριστα
947 1512 1025 1592 ἔχει·

72 1606 114 1674 οὐ
137 1605 200 1692 γάρ
223 1604 383 1690 περὶτῶν
406 1608 543 1669 οἰκετῶν
565 1603 771 1670 ἐσπούδασεν
792 1599 810 1671 ὁ
832 1606 1027 1689 νομοθέτης,

73 1707 155 1776 άλλά
174 1705 378 1794 βουλόμενος
395 1699 481 1788 ύμοῖς
498 1705 609 1770 ἐθίσαι
629 1701 715 1770 πολύ
738 1701 871 1789 άπέχειν
886 1711 944 1789 τῆς
960 1711 1028 1771 τῶν

73 1808 262 1887 ἐλευθέρων
279 1801 408 1889 ὕβρεως
420 1803 631 1886 προσέγραψε
643 1798 721 1886 μηδ’
739 1807 785 1880 είς
795 1799 874 1880 τούς
886 1802 1029 1880 δούλους

73 1904 225 1990 ὑβρίζειν.
237 1900 322 1980 ὅλοις
332 1901 367 1968 δὲ
376 1905 413 1968 έν
423 1907 463 1987 τῇ
475 1897 744 1987 δημοκρατίᾳτόν
752 1906 796 1977 εἰς
807 1896 921 1967 ὁτιοῦν
936 1895 1029 1985 ὕβρι·

73 2001 171 2088 οτην,
196 2007 317 2069 τοῦτον
334 1995 396 2066 οὐκ
415 1998 599 2083 ἐπιτήδειον
616 1996 699 2064 εἶναι
709 1994 853 2084 ἡγήσατο
865 2005 1029 2084 συμπολι-

25 2117 56 2169 18
73 2103 237 2167 τεύεσθαι.
272 2097 405 2166 κάκελνο
432 2101 471 2167 δέ
497 2125 553 2186 μοι
583 2100 972 2186 συνδιαμνημονεύσατε,
1000 2091 1028 2167 οἷ

71 2200 255 2285 Ἀθηναῖοι,
279 2196 330 2265 ὅτι
346 2195 485 2265 ἐνταῦθ’
506 2195 524 2265 ὁ
544 2201 728 2285 νομοθέτης
740 2198 833 2266 οὔπω
847 2203 1029 2284 διαλέγεται

74 2296 164 2387 αύτῷ
174 2306 222 2388 τῷ
232 2299 358 2384 στόματι
369 2306 430 2365 τοῦ
440 2296 575 2384 παιδὸς,
587 2297 671 2366 άλλά
682 2314 749 2378 τοῖς
760 2303 834 2383 περὶ
845 2297 906 2367 τὸν
915 2303 1028 2385 παῖδα,

73 2403 187 2482 πατρὶ,
210 2396 362 2487 ἀδελφῷ,
380 2398 562 2486 έπιτρόπςο,
582 2400 790 2478 διδασκάλοις
801 2401 855 2467 καί
866 2399 952 2478 ὅλοις
962 2413 1029 2478 τοῖς

74 2504 217 2582 κυρίοις·
240 2496 375 2564 ἐπειδάν
390 2496 420 2564 δ’
434 2501 585 2586 ἐγγραφῇ
598 2504 642 2577 είς
653 2496 689 2565 τὸ
703 2495 912 2584 ληξιαρχικὸν
921 2523 1027 2584 γραμ-
1048 2511 1083 2566 44

73 2610 207 2682 ματεῐου
220 2597 275 2662 καὶ
287 2592 367 2674 τούς
377 2594 500 2681 νόμους
516 2603 588 2684 γνῷ
599 2597 651 2664 καί
665 2601 737 2682 εἰδῇ
747 2593 825 2674 τούς
836 2605 892 2682 τῆς
903 2595 1028 2673 πόλεως

73 2698 127 2762 καί
147 2695 211 2781 ἤδη
234 2695 374 2781 δύνηται
401 2700 644 2780 διαλογίζεσθαι
665 2693 704 2762 τά
726 2693 812 2762 καλά
832 2699 887 2763 καί
908 2691 949 2761 τά
970 2691 1027 2780 μὴ,

23 2816 55 2866 19
73 2791 183 2861 οὐκέτι
196 2795 294 2880 ἑτέρῳ
307 2793 498 2877 διαλέγεται,
510 2789 579 2861 ἀλλ’
592 2793 655 2878 ἤδη
668 2790 768 2882 αύτῷ.
780 2794 915 2872 καὶπῶς
926 2799 1028 2879 λέγει;

74 2893 116 2959 άν
127 2919 174 2970 τις
183 2889 388 2978 Ἀθηναίων,
411 2893 528 2976 φησὶν,
552 2890 723 2980 ἑταιρήσῃ,
746 2889 790 2978 μη
809 2893 926 2971 ἐξέστω
939 2887 1028 2979 αύτῷ

74 2999 141 3056 τιον
151 2993 247 3058 ἐννέα
260 2989 431 3074 ἀρχόντων
442 2992 614 3073 γενέσθαι,
638 2988 689 3057 ὅτι
706 2988 795 3076 οἶμαι
815 2990 1029 3076 στεφανηφό·

74 3116 131 3170 ρος
142 3086 161 3175 ἡ
175 3087 276 3175 άρχῆ,
300 3085 378 3175 μηδ’
393 3088 807 3177 ίερωσύυηνίεράσασθαι,
830 3087 1029 3170 δςούδέκα-

72 3196 169 3280 θαρῷ
182 3193 364 3274 διαλέγεται
375 3198 422 3279 τῷ
439 3189 581 3274 σοι’ματι,
604 3191 686 3277 μηδὲ
703 3197 914 3279 συνδικῆσαι,
938 3193 1029 3278 φησὶ,
1046 3216 1081 3270 45

73 3297 118 3377 τῷ
134 3293 296 3377 δημοσίῳ·
320 3291 403 3375 μηδὲ
422 3288 552 3369 άρξάτω
564 3287 669 3375 ἀρχὴν
680 3296 842 3377 μηδεμίαν
853 3295 1026 3378 μηδέποτε,

73 3384 150 3471 μήτ’
169 3392 314 3473 ἔνδημον
330 3387 410 3474 μήτε
429 3386 627 3474 ὑπερόριον,
650 3389 730 3476 μήτε
755 3392 927 3477 κληρωτὴν
947 3393 1029 3478 μήτε
