2340 3916
282 205 403 261 ΠΕΡΙ
420 204 849 265 ΠΑΡΑΠΡΕΣΒΕΙΑΣ.
978 206 1037 271 lll

91 359 304 448 πρεσβευκοδς
314 360 397 445 πρδς
409 368 576 428 Φίλιππον
587 363 750 446 πρότερον
761 368 972 449 παρεκάλουν
984 366 1034 435 ἐπ’

92 465 219 528 ἐκεῖνον
229 460 307 538 τούς
319 458 486 546 Ἕλληνας.
509 466 615 526 καίτοι
625 460 766 546 ταύτην,
785 468 815 530 εί
830 464 959 550 βούλει,
980 464 1039 553 τήν

91 565 290 644 κατηγορίαν
308 561 363 625 καὶ
380 565 448 623 τοῖν
464 555 575 624 άλλων
589 555 776 644 Ἀθηναίων
790 565 929 649 δημοσίᾳ
940 590 1040 650 κατη-

90 656 250 742 γορήσεις.
269 659 454 742 ἐπολεμεῖτε
464 659 752 742 Λακεδαιμονίοις,
775 661 830 725 καὶ
839 662 919 743 μετὰ
932 660 993 747 τήν
1004 663 1041 728 ἐν

90 755 270 836 Λεύκτροις
288 749 466 837 συμφοράν
482 766 549 830 τοῖς
566 751 677 831 αὐτοῖς
689 756 871 839 ἐβοηθεῖτε·
895 758 1038 843 κατηγά-

92 877 165 938 γετε
179 857 224 929 είς
232 849 293 936 τήν
311 853 451 933 πατρίδα
462 850 648 934 φεύγοντας
660 859 841 939 Θηβαίους,
865 855 920 920 καὶ
938 856 1039 921 πάλιν

93 949 222 1028 τούτοις
244 948 406 1034 ἐμάχεσθε
416 950 453 1015 ἐν
477 954 679 1038 Μαντινείᾳ·
711 951 931 1036 ἐπολεμήσατε
950 949 1039 1035 Ἐρε-

90 1053 215 1128 τριεῦσι
226 1046 280 1111 καὶ
293 1052 472 1129 Θεμίσωνι,
495 1047 548 1112 καὶ
559 1045 660 1112 πάλιν
670 1047 821 1114 ἐσώσατε.
846 1052 1040 1134 καὶμυρίοις

91 1145 202 1224 ἄλλοις
223 1144 285 1230 ἤδη
305 1152 373 1210 των
390 1142 556 1231 Ἑλλήνων
577 1144 664 1213 οὕτω
685 1151 862 1233 κέχρησθε·
887 1163 954 1225 τοῖς
975 1148 1038 1232 γάρ

91 1256 216 1328 καιροῖς
233 1244 539 1328 συμπεριφέρεσθαι
559 1240 686 1331 ἀνάγκη
705 1245 788 1332 πρὸς
805 1247 841 1313 τὸ
863 1245 1039 1332 κράτιστον

17 1369 71 1422 155
90 1342 144 1407 καὶ
167 1339 226 1407 τόν
248 1339 355 1424 άνδρα
377 1341 431 1406 καὶ
446 1337 509 1425 τήν
527 1341 633 1407 πόλιν.
655 1340 715 1409 τόν
738 1343 774 1410 δὲ
794 1339 928 1429 άγοιθδν
952 1344 1038 1432 σύμ-

91 1445 217 1524 βουλον
234 1445 267 1504 τί
283 1436 343 1523 χρὴ
363 1451 483 1518 ποιείνς
507 1437 548 1503 ού
564 1445 603 1524 τῇ
623 1438 717 1505 πόλει
734 1434 816 1526 πρός
829 1438 865 1508 τό
878 1439 1036 1523 παρδντδι
1054 1458 1105 1515 328

89 1540 239 1625 βέλτιστοι
263 1537 520 1623 σνμβονλεύειν;
543 1536 603 1605 τὸν
626 1542 660 1605 δὲ
683 1539 832 1624 πονηρόν
849 1541 1036 1626 κατήγορον

90 1646 123 1706 τί
137 1637 197 1724 χρή
218 1642 341 1723 λέγειν;
364 1635 404 1704 ού
420 1637 498 1716 τοῦς
514 1637 651 1720 καιρούς
669 1638 967 1726 ἀποκρυπτόμενον
979 1650 1036 1726 της

90 1738 236 1820 πράξεως
248 1749 459 1820 κατηγορειν;
481 1734 539 1802 τόν
552 1735 587 1802 δέ
597 1738 633 1803 ἐκ
645 1736 777 1821 φύσεως
790 1737 957 1824 προδότην
968 1746 1037 1815 πῶς

88 1859 147 1919 χρη
138 1833 317 1914 θεωρείν;
338 1834 403 1916 άρά
421 1859 458 1917 γε
476 1832 535 1918 οὐχ
547 1860 591 1911 ως
602 1835 645 1900 σύ
656 1849 723 1912 τοις
734 1837 971 1922 ἐντυγχάνουσι
982 1838 1037 1902 καλ

90 1930 282 1998 πιστεύσασι
295 1935 459 2018 κέχρησαι,
475 1932 594 2017 λόγους
605 1938 650 2010 είς
660 1935 852 2022 δικαστήρια
862 1936 1035 2021 γράφοντα

89 2038 214 2113 μισθοῦ
223 2030 362 2108 τούτους
372 2032 526 2115 ἐκφέρειν
537 2044 604 2109 τοῖς
615 2028 808 2113 άντιδίκοις;
822 2039 965 2117 ἐγραυας
977 2033 1035 2098 λό-

89 2154 150 2211 γον
168 2135 338 2213 Φορμίωνι
354 2137 402 2217 τῷ
417 2135 589 2217 τραπεζίτη
606 2130 754 2215 χρήματα
765 2132 894 2219 λαβών·
916 2139 1037 2197 τοῦτον

89 2226 261 2313 ἐξήνεγκας
269 2225 504 2319 Ἀπολλοδώρῳ
516 2238 563 2319 τῷ
574 2231 648 2314 περὶ
659 2239 719 2298 τοῦ
730 2232 880 2317 σώματος
889 2238 1036 2316 κρίνοντι

22 2349 72 2404 166
91 2334 278 2412 Φορμίωνα.
313 2333 464 2417 εἰσῆλθες
485 2334 531 2406 είς
558 2324 824 2414 εὐδαιμονοῦσαν
846 2335 953 2397 οίκίαν
973 2325 1036 2413 τήν

86 2422 300 2510 Ἀριστάρχου
313 2432 375 2493 τοῦ
385 2425 540 2511 Μόσχον·
558 2428 682 2512 ταύτην
694 2426 873 2503 ἀπώλεσας.
886 2424 1035 2513 προύλα-

89 2529 144 2608 βες
155 2529 227 2607 τρία
238 2524 382 2591 τάλαντα
393 2521 471 2608 παρ’
482 2521 695 2609 Ἀριστάρχου
707 2522 903 2608 φεύγοντος·
916 2532 1035 2591 τοῦτον
1052 2542 1103 2600 329

88 2618 196 2705 τάπης
208 2628 316 2706 φυγῆς
329 2621 445 2705 ἐφόδια
456 2617 687 2706 άπεστέρησας,
700 2617 762 2687 οὐκ
774 2621 963 2707 αἰσχυνθείς
973 2619 1035 2707 τήν

89 2720 217 2805 φήμην,
239 2716 283 2804 ἣν
304 2721 548 2808 προσεποιήσω,
572 2721 714 2807 ζηλωτής
731 2718 814 2788 εἶναι
830 2727 887 2806 τής
907 2718 1034 2807 ἡλικίας

87 2847 147 2885 του
135 2826 339 2904 μειρακίου.
356 2819 396 2888 ού
407 2820 472 2906 γάρ
483 2823 572 2907 δὴ
532 2848 570 2909 τη
583 2847 619 2906 γε
633 2818 788 2943 άληθεία
801 2816 842 2887 ού
853 2820 916 2905 γάρ
929 2840 1034 2900 προσ-

88 2924 211 3043 δεχεται
224 2925 348 2998 δίκαιος
359 2927 441 3002 ἐρως
452 2927 624 3027 πονηρίαν.
635 2926 715 2986 ταῦτ
719 2916 856 2986 ’ἐστλνὸ
871 2920 1034 3005 προδότης

87 3020 140 3082 και
153 3015 192 3082 τά
204 3017 332 3094 τούτοις
342 3015 448 3102 ὅμοια.

19 3139 68 3194 157
171 3113 337 3200 Ἐμνήσθη
357 3118 394 3182 δε
408 3140 475 3181 που
486 3117 611 3197 περὶ
573 3142 629 3201 της
640 3124 824 3200 στρατειας,
836 3115 960 3182 καίτόν
972 3142 1032 3182 κα-

88 3211 148 3280 λόν
166 3214 369 3300 στρατιάτην
385 3213 440 3299 ε’με
459 3211 638 3296 ωνόμασεν.
662 3214 725 3299 ἐγώ
744 3218 779 3280 δὲ
796 3212 855 3298 ούχ
866 3214 964 3280 ἕνεκα
975 3220 1031 3296 τῆς

86 3311 208 3378 τούτου
219 3319 437 3398 βλασφημίας,
449 3310 530 3381 άλλδι
540 3322 599 3380 τοῦ
609 3312 939 3397 παρόντοςκινδύυου
948 3335 1031 3393 προ-

87 3409 269 3495 νοούμενος
291 3416 345 3478 καὶ
368 3414 441 3494 περὶ
466 3411 594 3479 τούτων
612 3411 843 3497 άνεπίφθονον
860 3414 966 3495 λε’γειν
985 3408 1028 3476 εἴυ
