2340 3916
309 266 442 322 ΚΑΤΑ
465 265 492 321 K
501 265 735 323 ΤΗΣΙΦΩΝ
744 267 844 324 ΤΟΣ
996 262 1059 329 179

101 429 207 492 πέντε.
232 421 305 491 ἀλλ’
326 422 400 509 οὐχὶ
417 420 435 489 ὁ
453 421 638 508 Κέφαλοςὸ
654 424 793 502 παλαιὸς
804 427 944 511 ἐκεῖνος,
967 424 1056 495 ὁθο-

100 531 171 590 κάν
188 523 451 607 δημοτικώτατος
468 527 657 610 γεγονέναι,
681 523 742 609 ούχ
759 522 882 610 οὕτως,
905 524 979 594 ἀλλ’
1003 530 1055 595 ἐπὶ
1087 548 1091 555 ·

100 636 167 698 τοῖς
184 624 343 699 ἐναντίοις
361 625 595 706 ἐφιλοτιμεῖτο,
618 624 739 708 λέγων,
761 620 812 689 ότι
822 631 958 690 πλεῖστα
970 625 1056 691 πάν-

100 748 168 786 των
184 721 360 807 γεγραφώς
377 730 572 809 ψηφίσματα
588 722 748 810 οὐδεμίαν
765 726 898 792 πώποτε
921 724 1057 812 γραφήν

100 822 247 904 πέφευγε
271 820 492 907 παρανόμων,
515 829 641 906 καλῶς,
667 821 771 910 οἶμαι,
794 825 1052 910 σεμνυνόμενος.

100 920 285 1004 ἐγράφοντο
298 919 361 1006 γάρ
373 920 537 1008 ἀλλήλους
549 922 756 1008 παρανόμων
766 922 807 990 ού
818 923 926 1009 μόνον
938 929 973 991 οῖ
982 928 1054 990 θια-

101 1017 367 1105 πολιτευόμενοι,
394 1017 478 1088 άλλά
496 1023 551 1088 καί
570 1025 604 1088 οῖ’
618 1028 709 1106 φίλοι
726 1020 805 1100 τοὺς
821 1029 955 1107 φίλους,
979 1034 1012 1090 εί
1024 1051 1054 1090 τι
1072 1031 1123 1085 584

52 1130 85 1183 95
102 1115 359 1200 ἐξαμαρτάνοιεν
377 1124 422 1196 είς
439 1115 502 1204 τήν
518 1119 626 1187 πόλιν.
650 1122 782 1187 ε’κεῖθεν
802 1119 837 1188 δέ
853 1127 952 1188 τοῦτο
964 1122 1055 1206 γνά-

101 1224 210 1280 σεσθε.
231 1211 376 1300 Ἀρχῖνος
387 1217 450 1300 γάρ
463 1213 481 1283 ὁ
492 1220 527 1284 ἐκ
537 1223 660 1301 Κοίλης
671 1218 837 1300 ἐγράψατο
848 1220 1054 1304 παρανόμων

101 1313 344 1399 Θρασύβουλον
366 1312 427 1381 τόν
447 1322 585 1399 Στειριᾶ
621 1316 796 1400 γράψαντά
817 1344 848 1384 τι
866 1316 955 1401 παρά
977 1319 1054 1396 τούς
1070 1319 1121 1373 585

99 1412 240 1498 νόμους,
264 1416 323 1480 ἕνα
341 1423 409 1482 τῶν
427 1417 726 1501 συγκατελθόντων
742 1410 833 1505 αὐτῷ
851 1417 915 1487 άπό
929 1426 1052 1505 Φυλῆς,

100 1515 154 1578 καὶ
172 1506 236 1580 εἷλε
252 1515 370 1580 νεωστὶ
388 1518 619 1600 γεγενημένων
642 1513 731 1604 αύτῷ
753 1525 822 1583 τοίυ
844 1516 1052 1603 εὐεργεσιῶν,

99 1608 137 1688 άς
150 1610 210 1697 οὑχ
221 1609 460 1697 ὑπελογίσαντο
473 1618 508 1680 oc
515 1617 666 1682 δικασταί
673 1640 680 1652 ·
693 1612 839 1699 ἡγοῦντο
851 1613 928 1701 γάρ,
942 1614 1053 1697 ὥσπερ

98 1709 171 1776 τότε
190 1708 313 1788 αύτούς
333 1709 521 1795 φεύγοντας
538 1708 602 1777 άπὸ
617 1718 730 1797 Φυλῆς
742 1713 981 1798 Θρασύβουλος
992 1740 1053 1779 κα-

98 1809 258 1890 τήγαγεν,
283 1806 371 1873 οὑτω
389 1815 455 1873 νύν
473 1810 634 1892 μένοντας
651 1810 841 1887 ἐξελαύνειν
863 1808 952 1895 παρὰ
975 1811 1054 1888 τούς

52 1921 80 1974 λδ
100 1904 225 1988 νόμους
237 1903 411 1989 γράφοντά
421 1933 460 1970 τι.
473 1902 550 1972 ἄλλ’
564 1902 605 1972 ού
618 1915 700 1992 νῦν,
719 1905 791 1975 ἄλλ’
805 1906 895 1974 άπαν
908 1906 1053 1976 τούυαν-

98 2013 170 2071 τίον
182 2009 342 2087 γίγνεται·
366 2007 400 2070 οί
414 2002 479 2088 γάρ
491 2001 614 2088 άγαθολ
626 2006 801 2090 στρατηγοί
813 2002 909 2091 ὑμῶν
920 2009 1053 2074 καὶτῶν

98 2102 156 2181 τάς
175 2103 317 2188 σιτήσεις
331 2103 417 2181 τινές
431 2101 624 2190 εὑρημένων
642 2105 678 2170 ἐν
693 2110 741 2191 τῷ
758 2110 946 2191 πρυτανείῳ
965 2107 1052 2182 ἐξαι-

98 2211 234 2269 τοῦνται
245 2203 302 2281 τοὶς
314 2202 446 2287 γραφάς
456 2209 525 2269 τεόν
541 2202 762 2287 παρανόμων,
783 2198 843 2280 οὓς
861 2198 954 2287 ὑμεῖς
969 2198 1050 2286 άχα-

99 2309 230 2386 ρίστους
243 2301 326 2370 εἶναι
338 2307 472 2380 δικαίως
484 2300 528 2368 άν
539 2298 823 2387 ὑπολαμβάνοιτε·
837 2305 868 2367 εί
877 2299 942 2384 γάρ
954 2326 1001 2376 τις
1013 2302 1050 2365 ε”ν

98 2406 301 2489 δημοκρατία
320 2400 547 2487 τετιμημένος,
571 2402 606 2465 ἐν
624 2397 760 2484 τοιαύτη
777 2404 941 2483 πολιτείᾳ,
964 2392 1007 2481 ἣν
1020 2398 1053 2463 ολ

97 2502 171 2565 θεολ
182 2502 236 2565 καὶ
248 2503 282 2564 oc
290 2498 389 2583 νόμοι
401 2498 560 2578 σώζουσι,
583 2502 686 2583 τολμᾷ
705 2500 845 2578 βοηθεῖν
862 2507 929 2571 τοῖς
943 2493 1051 2575 παρά-

97 2624 183 2682 νομα
195 2596 379 2681 γράφουσι,
397 2592 554 2661 καταλύει
564 2593 625 2676 τήν
637 2598 819 2671 πολιτείαν,
838 2586 900 2675 ὑφ’
913 2580 954 2675 ής
966 2597 1051 2656 τετί-

52 2719 78 2773 ιγ
96 2723 201 2782 μηται.
230 2702 278 2773 τίς
301 2687 366 2762 οὑν
387 2693 615 2760 ἀποδέδεικται
636 2689 734 2774 λόγος
754 2685 850 2770 άυθρλ
873 2688 1049 2778 συνηγόρῳ
1068 2701 1119 2754 586

97 2801 211 2883 θικαίφ
224 2795 277 2861 καὶ
295 2791 462 2877 σώφρονα
482 2788 545 2875 ἐγώ
560 2792 649 2869 λέξω.
675 2795 721 2866 εἰς
730 2794 804 2872 τρία
817 2791 899 2873 μέρη
915 2792 1052 2872 διαιρεῖ-
1067 2799 1118 2856 587

96 2923 148 2962 ται
169 2893 188 2980 ἡ
207 2892 328 2980 ἡμέρα,
352 2891 433 2959 ὅταν
451 2897 535 2976 εἰσίῃ
552 2886 663 2975 γραφή
676 2887 879 2973 παρανόμων
892 2893 936 2965 είς
947 2885 983 2953 τὸ
998 2892 1047 2953 (λι-

97 2994 285 3079 καστήριου.
310 2994 449 3076 ἐγχεῖται
465 2987 529 3076 γάρ
548 2986 584 3055 τό
603 2987 664 3073 μέν
682 2994 815 3069 πρῶτον
827 2985 919 3069 ὕδωρ
930 2995 978 3073 τῷ
988 3013 1050 3053 κα-

98 3091 227 3178 τηγόρῳ
240 3093 371 3167 καὶτοῖς
384 3089 499 3174 νόμοις
510 3088 564 3153 καὶ
576 3094 616 3172 τῇ
629 3089 848 3172 δημοκρατία,
869 3081 906 3151 τὸ
923 3084 958 3150 δὲ
970 3084 1049 3150 θεύ-

97 3215 194 3273 τερον
205 3187 297 3271 ὕδωρ
309 3197 355 3277 τῷ
368 3187 429 3272 τήν
440 3181 574 3270 γραφήν
585 3184 745 3268 φεύγοντι
762 3186 893 3260 καὶτοῖς
907 3189 953 3261 είς
965 3183 1045 3250 αύτό

96 3291 132 3354 τὸ
154 3295 288 3371 πράγμα
306 3290 474 3369 λέγουσιν·
499 3280 634 3350 ἐπειδάν
653 3283 687 3349 δὲ
704 3290 746 3369 τῇ
763 3281 876 3369 κράτη
888 3282 990 3372 φήφηι
1001 3283 1045 3369 μή

96 3396 187 3475 λυθῇ
205 3387 241 3453 τό
261 3386 473 3471 παράνομον,
495 3382 559 3469 ήδη
576 3379 612 3449 τὸ
631 3388 742 3466 τρίτον
752 3378 844 3464 ὕδωρ
861 3384 997 3466 ἐγχεῖται
1008 3390 1048 3469 τῇ

52 3512 78 3566 ιθ
98 3488 226 3575 τιμήσει
243 3489 298 3553 καὶ
313 3492 358 3575 τῷ
370 3487 505 3570 μεγέθει
518 3490 574 3568 τῆς
587 3478 689 3568 όργής
699 3488 757 3567 τής
767 3479 945 3627 ὑμετέρης,
963 3479 1064 3552 zm,
