2340 3916
131 187 173 253 ςς
495 146 716 239 Λαεοιωιον

133 330 251 421 δήμω,
275 328 458 417 γενομένης
476 325 678 417 είρήνης,”
658 355 679 414 η
696 354 765 395 νυν
783 317 870 396 οὖσα
888 335 1038 398 πολιτεία
1055 329 1103 455 μή

98 433 322 520 νκαταλυθή.
372 437 405 500 εί
437 429 501 519 μὲν
532 420 597 498 οὖν
631 428 853 517 μηδεπώποτε
883 430 1048 520 πρότερον
1083 429 1103 498 6

135 531 290 621 δήμος’
272 559 290 601 ο
322 535 392 602 τῶν
412 530 606 620 Ἀθηναίων
637 538 669 601 εί
669 530 777 621 ρήνην
809 530 987 618 ἐποιήσατο
1017 532 1105 620 πρὸς

135 639 445 722 Λακεδαιμονίους,
471 628 649 713 είκότως”
628 659 673 700 αν
692 633 910 722 ἐφοβούμεθα
937 632 1021 703 αὐτὸ
1048 634 1106 702 διά

134 765 170 808 τε
200 737 262 824 τήν
293 735 451 825 ἀπειρίαν
480 739 544 803 τοά
577 739 678 821 ἔργον
714 735 770 804 διά
804 760 840 804 τε
869 735 931 823 τήν
964 738 1106 805 ἐκείνων

136 838 309 909 άπιστίαν·
336 835 423 906 ὅπου
449 835 488 905 δὲ
506 836 667 916 πολλάκις
690 833 754 924 ήδη
781 837 948 926 πρότερον
966 838 1107 928 είρήνην

136 940 340 1029 ἐποιήσασθε
365 937 693 1028 δημοκρατούμενοι,
719 943 791 1018 πῶς
817 936 881 1007 οάκ
900 940 990 1020 είκδς
1014 937 1107 1027 ὑμᾶς

135 1048 271 1132 πρῶτον
296 1044 408 1110 ε’κείνα
433 1040 621 1120 σκέψασθαι
648 1039 689 1108 τά
720 1040 796 1109 τότε
826 1041 1009 1129 νενόμενα;
1041 1042 1107 1131 χρή

136 1145 203 1231 γάρ
228 1134 446 1231 ὦἈθηναϊοι
462 1148 650 1231 τεκμηρίοις
675 1144 821 1230 χρῆσθαι
844 1158 916 1224 τοῖς
940 1142 1109 1232 πρότερον

102 1244 330 1332 εγενομένοις
362 1244 439 1333 περὶ
470 1247 539 1312 τῶν
569 1243 762 1332 μελλόντων
796 1250 940 1314 ἔσεσθαι.
986 1243 1107 1313 Ἡνίκα

136 1354 256 1416 τοίνυν
273 1336 315 1433 ήν
333 1344 397 1434 μὲν
416 1343 434 1413 6
453 1344 597 1433 πόλεμος
622 1343 705 1433 ήμῖν
724 1348 761 1415 ἐν
781 1344 934 1436 Εὐβοία,
959 1347 1108 1436 Μέγαρα

137 1447 175 1518 δὲ
194 1444 327 1536 είχομεν
340 1448 398 1516 καὶ
412 1447 531 1536 Πηγάς
545 1449 603 1517 καὶ
622 1451 803 1537 Τροιζήνα,
821 1448 958 1538 είρήνης
978 1449 1107 1517 ἐπεθυ-

137 1549 308 1639 μήσαμεν,
333 1550 390 1618 καλ
407 1548 600 1636 Μιλτιάδην
617 1548 679 1618 τὸν
697 1556 857 1637 Κίμωνος
877 1549 1108 1639 ὠστρακισμέ-

137 1679 200 1722 νον
217 1653 277 1720 καλ
303 1646 384 1720 ὄντα
404 1652 441 1720 ἐν
459 1648 662 1743 Χερρονήσῳ
681 1651 929 1740 κατεδεξάμεθα
954 1650 1000 1719 δι’
1021 1649 1107 1720 αὐτὸ

137 1759 253 1843 τοῦτο,
267 1751 432 1842 πρόξενον
446 1748 528 1822 ὄντα
543 1756 835 1841 Λακεδαιμονίων,
853 1750 945 1833 ὅπως
960 1755 1108 1840 πέμψαι-

138 1880 200 1944 μεν
220 1858 253 1936 ἐς
268 1859 506 1941 Λακεδαίμονα
525 1852 888 1943 προκηρυκευσόμενον
902 1855 980 1943 περὶ
999 1875 1108 1924 σπον-

104 1959 219 2029 4δῶν.
246 1957 304 2025 καὶ
322 1955 398 2024 τότε
415 1955 499 2043 ήμίν
516 1955 634 2045 εἰρήνη
654 1957 786 2043 ἐγένετο
801 1957 887 2046 πρὸς
910 1955 914 2043 λ
939 1960 1109 2026 Λακεδαι-

101 2095 127 2136 24
140 2064 282 2147 μονίους
302 2062 355 2145 ἔτη
371 2054 598 2144 πεντήκοντα,
616 2059 673 2126 καὶ
693 2059 910 2146 ἐνεμείναμεν
924 2056 1110 2147 άμφότεροι

140 2159 279 2240 ταάταις
292 2173 367 2238 ταῖς
382 2163 546 2239 σπονδαῖς
561 2164 617 2247 ἔτη
632 2160 859 2249 τριακαίδεκά.
885 2163 923 2228 ἓν
937 2159 1110 2248 δήτοῦτο,

141 2252 166 2330 6
195 2256 370 2349 Ἀθηναῖοι
377 2314 388 2350 ,
423 2265 559 2349 πρῶτον
594 2261 808 2349 σκεψοίμεθα.
845 2264 882 2331 ἐν
917 2260 1028 2351 ταάτη
1065 2264 1108 2350 τῇ

140 2363 260 2453 εἰρήνη
287 2360 466 2451 ὁδήμοςὸ
490 2365 560 2432 τῶν
574 2359 768 2451 Ἀθηναίων
795 2361 869 2432 ἔσθ’
897 2360 985 2432 ὅπου
1009 2389 1109 2431 κατε-

141 2464 251 2554 λάθη;
279 2463 394 2545 οὐδεὶς
412 2463 589 2546 άποδείξει.
627 2462 742 2550 άγαθὰ
761 2463 800 2534 δὲ
818 2462 881 2534 ὅσα
902 2466 1035 2551 ἐγένετο
1053 2464 1108 2532 διά

106 2596 123 2646 5
140 2594 268 2657 ταυτην
284 2566 347 2655 τήν
365 2573 397 2636 εί
398 2564 522 2657 ρήνην,
542 2564 649 2652 ἐγώ
626 2579 712 2654 υμίν
729 2565 858 2656 φράσω
879 2570 1108 2656 πρῶτονν
1044 2565 1108 2653 μὲν

209 2699 235 2748 2.
247 2687 387 2761 πρότερον
406 2695 468 2746 εδδ.
486 2695 534 2745 ΑΒ
552 2695 605 2749 Bk.
624 2693 726 2746 -τῶν
744 2701 808 2747 ante
824 2686 882 2748 Ἀθ.
900 2695 954 2746 del.
970 2696 1025 2760 W„
1043 2695 1112 2746 item

140 2765 166 2814 4.
187 2765 279 2816 10.-
270 2713 382 2827 ρέργου
405 2756 457 2813 διά
480 2778 511 2814 τε
529 2763 576 2812 ΔΒ
595 2762 662 2816 Bk.:
655 2757 704 2814 ·.ἔ
722 2761 774 2814 καλ
792 2758 909 2815 διά-
933 2732 1112 2828 ἐποιήσασθε

143 2829 253 2881 eumR
271 2831 366 2880 Turr..
385 2822 599 2895 ἐποιήσατε-
718 2846 865 2915 ηγαρ-
831 2825 1003 2893 -ἔοεσθαι
1029 2828 1113 2880 affert

142 2897 228 2948 Olem.
247 2896 324 2948 Alex
343 2897 396 2948 Str.
418 2896 505 2962 VIp.
530 2846 798 2965 74'1(0m.w6⁰A6.),
818 2903 846 2950 ελ
863 2898 926 2950 inde
943 2897 1111 2951 Tbeodoret

143 2964 228 3016 θεων
246 2965 330 3030 VIp.
350 2964 450 3016 5814.

210 3035 235 3084 3.
252 2981 333 3082 Hun6
351 3035 438 3083 totum
456 3031 547 3082 locum
566 3031 681 3097 (653-
648 3034 714 3098 -9)
739 3033 849 3086 omissis
875 3032 1040 3100 quibusdam
1066 3032 1113 3084 vel

142 3104 257 3151 mutatis
287 3100 317 3149 in
347 3114 426 3150 suum
448 3114 528 3151 usum
554 3102 693 3152 convertit
719 3102 847 3154 Aeschin.
872 3105 888 3153 2
915 3103 930 3164 5
960 3102 1113 3153 172-176.

142 3196 176 3205 -
194 3183 283 3219 nonne
300 3183 316 3219 ο
305 3159 366 3219 ’ἒν
385 3158 571 3232 Εὖβοίαλ-
562 3161 708 3248 Πηγάς]
729 3169 765 3220 cf.
781 3171 881 3235 Harp..
883 3167 1013 3249 ’Πηηαί
1029 3160 1063 3222 'A.
1082 3161 1114 3220 ἐν

142 3234 184 3305 τῷ
209 3233 274 3303 περὶ
302 3227 432 3302 εἰρήνης,
462 3219 490 3288 εί
514 3229 640 3302 γνήσιος.
666 3264 700 3275 -
725 3236 847 3303 Κίμωνα
873 3231 924 3289 τὸν
946 3231 1115 3289 Μιλτιάδου

144 3309 173 3356 et
196 3321 243 3372 ap.
259 3303 364 3357 Andoc.
389 3309 418 3355 et
441 3320 485 3371 ap.
510 3304 611 3359 Aeseh.
633 3306 744 3357 restitui
766 3304 821 3357 vol.
841 3306 978 3358 Kirchner
1001 3309 1030 3356 et
1047 3305 1113 3355 Mit-

144 3372 215 3426 ford.
234 3389 279 3454 ap.
299 3373 438 3426 Dobr.-
454 3367 602 3454 πάμψαιεν
621 3363 651 3432 ἐς
667 3374 726 3427 AB.

211 3443 236 3491 4.
256 3432 326 3505 ὗμιν
347 3439 393 3491 Ad.
416 3467 448 3477 -
470 3434 673 3526 πεντήκονταη
680 3455 741 3491 eum
767 3440 867 3496 Aeseh.
891 3439 972 3507 Τεμῐ.
999 3439 1107 3505 (Turr):

143 3504 242 3572 πέντε,
261 3507 334 3574 quod
352 3512 445 3560 tuetur
462 3509 598 3560 Dobr.-
564 3500 687 3574 -ήμῖν
706 3507 751 3560 Ad.
