2340 3916
110 257 150 318 20
526 246 663 315 5:505
839 308 842 317 ,
970 250 1022 302 οε.
1041 251 1065 303 2.

109 430 255 511 ποίησις,
275 425 329 492 καλ
347 418 408 492 οὐκ
427 429 515 492 ἔστιν
529 425 675 503 έπίδικος
692 417 709 492 5
728 425 846 512 κλῆρος
862 417 880 492 5
898 424 1066 493 Μενετιλέ-
1109 450 1112 509 !

109 550 167 604 ους
185 520 279 604 ὄντος
298 526 378 613 ἐμοῦ
394 524 473 593 υίοῦ
495 525 639 611 ἐκείνου,
658 518 732 592 ἄλλ’
757 517 774 592 5
791 520 915 614 μάρτυς
934 529 1066 615 διεμαρ

109 623 230 714 τόρησε
247 621 384 712 τάληθῆ.
430 626 543 711 δέομαι
567 620 600 692 δ’
619 618 715 712 ὁμοῖν
732 618 888 693 ἁπάντων
905 626 961 693 καὶ
979 620 1066 708 ἄντι·

109 728 200 812 βολοὶ
216 728 271 794 καλ
285 723 420 794 ίκετεόω
431 719 503 812 μετ’
523 718 653 804 εὐνοίας
670 721 894 814 ἆποδέχεσδαί
908 753 974 814 μου
989 722 1065 806 τούς

109 824 237 913 λόγους

76 939 92 991 3
183 923 371 1013 Ἐπιόνυμος
383 921 445 1014 γὰρ
464 919 481 994 ὁ
497 920 689 1014 Ἀχαρνεύς,
708 920 726 995 5
745 920 883 1015 πατὴρό
901 921 1065 1017 ἡμέτερος,

110 1056 135 1095 ω
125 1017 297 1115 ἄνδρες,
322 1033 419 1114 φίλος
447 1015 491 1114 ἦν
519 1027 576 1094 καὶ
599 1024 780 1113 ἐπιτήδειος
803 1035 988 1113 Μενεκλεῖ,
999 1029 1067 1096 καὶ
1104 1048 1112 1057 ·

110 1130 276 1217 έχρῆτοί
241 1154 260 1195 ο
275 1134 328 1196 κεί
327 1145 385 1206 ως
403 1115 487 1248 ἦμεν
505 1121 602 1195 δὲ’
561 1153 656 1218 αντφ
639 1129 784 1207 παῖδες
794 1121 982 1216 τέτταρες
962 1144 1066 1216 ημεϊς,
1101 1128 1112 1197 ἶ.

111 1223 225 1297 δύο
190 1255 251 1316 μεν
268 1232 337 1296 υίεῑ
307 1243 370 1315 εἰς,
396 1223 457 1296 550
477 1227 514 1296 δὲ
530 1229 721 1349 θυγατέρες.
757 1224 1013 1316 τελευτησαντος
1032 1228 1068 1298 δέ

109 1331 170 1397 του
186 1324 309 1417 πατρὸς
328 1322 539 1417 ἐκδίδομεν
519 1343 615 1416 ημείς
637 1355 699 1415 την
722 1331 950 1449 πρεσβυτέραν
973 1324 1068 1399 ιἰδελ-

110 1426 194 1517 φήν,
222 1425 336 1516 ἐπειδὴ
360 1424 504 1517 είχεν”
477 1457 584 1519 ωραν,
608 1426 827 1522 Λευκολόφφ,
857 1445 979 1519 προῖκα
1002 1433 1069 1499 έπι-

76 1546 94 1594 4
112 1527 225 1610 δόντες
250 1539 353 1599 είκοσι
376 1533 468 1618 μναῖς.
504 1530 559 1599 καλ
577 1523 635 1599 ἄπ’
656 1531 786 1600 ἐκείνου
803 1532 864 1600 τοῦ
880 1527 1003 1621 χρόνον
1020 1557 1070 1600 τε·

110 1627 218 1724 τόρτφ
242 1635 307 1699 ἔτει
329 1623 350 1717 5
374 1633 510 1722 πέμπτῳ
531 1624 713 1752 ὕστερονιῖ
734 1657 770 1700 τε
793 1625 923 1720 ιἰδελφὴ
945 1625 1028 1720 ἡμῖν
1050 1626 1071 1719 5

110 1734 255 1849 νεφτέρα
278 1726 397 1851 σχεδόν
421 1726 553 1817 ἡλικίαν
577 1730 665 1819 εἶχεν
688 1726 787 1821 ἀνδρὶ
810 1746 996 1820 συνοικεῖν,
1016 1735 1071 1803 καὶ

110 1861 157 1923 ιφ
145 1834 339 1902 Μενεκλεῖ
355 1825 376 1919 5
394 1827 480 1954 γμνὴ
496 1826 667 1922 τελευτρι“
644 1859 687 1919 ην
705 1830 771 1920 εἶχε
782 1828 951 1920 πρότερον.
984 1835 1072 1903 έπει·

113 1903 155 2019 55
172 1960 235 2001 ουν
253 1935 363 2021 ἐκείνη
385 1928 426 2000 τὰ
433 1928 642 2053 νομιζόμενα
666 1927 858 2019 55055651‘
841 1960 859 2000 ο
883 1937 1071 2022 Μενεκλῆς,

111 2029 182 2121 ᾔτει
194 2028 254 2120 τὴν
266 2026 445 2154 ἆδελφὴν
426 2034 527 2121 ημᾶς,
545 2027 806 2121 ὑπομιμνήσκων
822 2030 883 2122 τήν
899 2060 936 2102 τε
953 2041 1073 2122 φιλίαν

111 2130 173 2254 τὴν
190 2134 251 2202 τον
266 2128 388 2223 πατρός
406 2133 497 2201 καλ
481 2135 612 2252 εαμτοό,
631 2127 724 2201 καλ
701 2160 744 2213 ως
761 2130 842 2222 πρός
853 2128 935 2222 ἡμᾶς
948 2129 1073 2217 αὐτοῦς

77 2251 93 2302 ο
111 2261 154 2321 ην
178 2237 400 2321 διακείμενος·
431 2227 527 2302 καὶ
507 2248 601 2320 ημεῖς
625 2229 789 2313 είδότες“
770 2261 821 2303 οτι
844 2228 936 2305 καὶ
920 2262 938 2303 ο
963 2232 1072 2326 πατὴρ

112 2328 277 2456 οόδενλ
256 2361 299 2402 αν
308 2339 453 2402 ἔδωκεν
475 2326 618 2420 ἥδιον’“
597 2361 618 2420 η
644 2336 712 2402 ἐκεί
698 2342 774 2458 ίμφ,
805 2339 944 2424 δίδομεν
968 2331 1071 2458 5555,

113 2430 175 2504 οὐκ
196 2461 371 2526 απροικον,
396 2428 440 2513 ὡς
464 2423 560 2513 οὗτος
584 2435 674 2521 λέγει
699 2431 869 2523 ἑκάστοτε,
898 2431 982 2505 ἀλλὰ
1011 2433 1074 2524 τὴν

114 2545 190 2654 ίσην
201 2551 322 2626 προικα
335 2529 538 2614 έπιδόντες”
517 2559 622 2625 ηνπερ
639 2535 694 2603 καί
705 2561 745 2624 τη
734 2537 964 2626 πρεσβυτέρα
974 2530 1072 2607 555-

112 2665 161 2726 φη
149 2639 359 2724 ἐσείδομεν
387 2636 443 2704 καὶ
467 2637 503 2704 ἐκ
525 2637 586 2704 τοῦ
605 2631 728 2725 τρόπον
751 2632 887 2726 τούτου,
910 2633 1075 2728 πρότερον

112 2733 204 2816 ὄντες
222 2733 330 2806 αὐτοῦ
346 2743 454 2824 φίλοι,
473 2737 673 2824 κατέστημεν
690 2742 814 2806 οίκείοι.
850 2739 918 2806 Καὶ
935 2731 980 2818 ὦς
1000 2743 1073 2809 έλα-

114 2843 173 2923 βεν
198 2846 303 2906 είκοσι
324 2839 407 2925 μναῖς
424 2830 442 2905 5
459 2839 634 2924 Μενεκλῆς
659 2839 711 2905 έπλ
733 2840 776 2926 τῇ
791 2831 922 2927 ἀδελφῇ
938 2855 1073 2929 προῖκα,

112 2933 173 3024 τὴν
201 2944 386 3028 μαρτυρίαν
414 2934 538 3024 ταύτην
564 2937 694 3026 πρῶτον
721 2934 881 3027 βούλομαι
910 2941 1074 3031 παρασχέ·

114 3049 203 3107 σθαι.

491 3201 689 3254 ΜΑΡΤΤΡΙΑ.

79 3363 96 3415 6
186 3338 353 3422 Ἐκδόντες
364 3350 480 3413 τοίνυν
496 3341 553 3424 τὰς
564 3338 727 3431 ἆδελφίις,
746 3332 925 3433 ὦᾶνδρες,
944 3342 1073 3417 καλόν·
1108 3366 1112 3395 ⁴

113 3471 165 3524 τες
184 3439 277 3512 αὐτοὶ
297 3448 333 3514 έν
349 3439 461 3535 ἡλικίᾳ
479 3446 531 3512 ἐπὶ
548 3440 584 3512 τό
596 3439 836 3532 στρατεύεσθαι
849 3443 1071 3535 ἐτραπόμεθα,

84 3608 95 3637 x
113 3547 167 3614 καὶ
185 3540 441 3634 ἀπεδημήσαμεν
458 3540 538 3633 μετα
552 3539 753 3632 Ἰφικράτους
772 3551 817 3625 είς
835 3542 985 3637 Θρᾴκην·
1006 3549 1075 3616 έκεί
