2340 3916
274 219 393 277 ΠΕΡΙ
413 219 852 279 ΠΑΡΑΠΡΕΣΒΕΙΑΣ.
999 221 1039 284 91

86 382 207 458 θέντας
219 377 376 463 ἅπαντας,
384 375 541 457 ἀψευδεῖν
554 375 637 465 πρός
645 377 842 464 Ἀθηναίους
854 378 948 471 ρ’ίμην
961 385 1039 448 δεῖν.

38 493 72 547 96
87 473 751 564 καλταύτηςτήςπρεσβείαςούκατηγόρεις
757 478 1041 562 μουδιδόντοςτάς

86 575 250 661 εὐθύνας,
273 570 342 641 ἀλλ’
354 575 406 640 ἐπὶ
421 571 546 659 ταύτην
562 572 652 659 ἥκεις
669 574 730 659 τήν
745 575 796 642 έπλ
813 574 892 654 τούς
909 575 1040 660 ὅρκους,
1059 587 1091 643 θ’

86 671 170 756 ὑπὲρ
179 664 221 758 ής
231 669 293 757 ἐγω
307 678 421 757 σαφῶς
432 672 486 737 καὶ
498 674 629 748 δικαίως
639 668 895 758 ἀπολογήσομαι.
917 674 968 740 σοὶ
980 676 1041 757 μέν

86 771 148 856 γάρ
170 769 321 858 ἁρμόττει
343 773 397 838 καὶ
420 778 499 838 πᾶσι
520 785 587 848 τοῖς
609 774 825 856 ψευδομένοις
845 775 1041 857 μεταφέρειν

85 872 163 949 τούς
174 870 332 956 χρόνους,
354 871 424 955 ἐμοὶ
436 867 467 935 δ’
481 872 596 955 ἐφεξῆς
613 871 738 955 λέγειν,
760 867 961 958 ἀναλαβόντι
979 867 1040 956 τήν

85 967 190 1055 ἀρχὴν
201 969 375 1054 τοῦλόγου
386 965 451 1035 ἀπό
464 975 521 1053 τῆς
537 974 672 1052 πορείας
681 975 738 1052 της
754 971 807 1036 ἐπὶ
817 966 896 1046 τούς
907 967 1039 1052 ὅρκους,

35 1079 71 1137 97
171 1076 312 1155 Πρῶτον
322 1072 383 1154 μὲν
394 1067 456 1153 γάρ
479 1071 559 1133 δέκα
580 1070 751 1153 πρέσβεων
762 1064 886 1153 όντων,
906 1065 1042 1135 ἑνδεκά-

87 1193 146 1232 του
163 1166 197 1233 δὲ
214 1175 275 1233 τοῦ
292 1167 570 1251 συμπεμφθέντος
585 1162 664 1249 ἡμῖν
681 1161 747 1232 ἀπό
765 1173 832 1232 των
849 1165 1039 1249 συμμάχων,

88 1261 195 1342 οὐδεὶς
213 1261 302 1348 αὐτῷ
323 1277 505 1347 συσσιτεῖν,
527 1259 573 1329 ὅτ’
590 1261 736 1350 ἐξῄειμεν
752 1265 804 1332 ἐπὶ
821 1260 882 1349 τήν
900 1261 1040 1346 ὑστέραν

89 1368 283 1448 πρεσβείαν,
296 1360 437 1448 ήθελεν,
450 1359 527 1429 οὐδὲ
539 1363 576 1428 ἐν
586 1376 656 1440 ταῖς
668 1359 773 1446 ὁδοῖς,
797 1361 884 1431 ὅπου
896 1360 1041 1430 δυνατόν

87 1455 139 1547 ήν,
152 1467 198 1539 είς
208 1458 307 1528 ταύτό
321 1465 519 1529 πανδοκεῖον
530 1461 724 1547 καταλύειν,
736 1459 879 1547 ὁρωντες
890 1459 993 1530 αὐτόν
1004 1465 1040 1529 ἐν

87 1568 127 1647 τῇ
145 1561 288 1646 προτέρᾳ
306 1566 462 1648 πρεσβείᾳ
482 1567 584 1626 πάσιν
601 1557 712 1638 αὑτοῖς
731 1561 1040 1648 ἐπιβεβουλευκότα.

37 1668 74 1724 98
88 1661 161 1742 περὶ
178 1660 239 1743 μὲν
255 1651 319 1725 οάν
336 1664 393 1743 τής
409 1661 460 1725 ἐπὶ
472 1658 603 1746 Θρηίκης
621 1656 704 1725 ὁδοῦ
718 1655 780 1725 ούα
791 1660 918 1744 ἐγένετο
929 1665 1039 1744 μνεία·

88 1755 164 1825 ούτε
185 1755 249 1842 γόιρ
272 1755 307 1823 τό
331 1757 484 1842 ψήφισμα
505 1754 598 1823 τοῦθ’
616 1753 694 1843 ἡμῖν
714 1761 947 1843 προσέταττεν,
970 1753 1039 1825 ἀλλ’

87 1855 268 1942 ἀπολαβεῖν
289 1856 396 1940 μόνον
408 1853 487 1932 τούς
503 1853 625 1937 όρκονς
641 1858 695 1921 καὶ
706 1853 773 1923 ἀλλ’
788 1853 885 1942 ἀττα,
908 1855 974 1923 οὔτ’
987 1859 1041 1922 ἐλ-

86 1955 212 2032 θόντας
224 1955 381 2039 πράττειν
389 1952 489 2023 οὐδὲν
506 1957 670 2040 ἐνεδέχετο
682 1962 750 2022 τῶν
767 1958 842 2040 περὶ
853 1958 1042 2044 Κερσοβλέ-
1056 1979 1109 2037 273

87 2079 171 2139 πτην
182 2053 244 2138 ήδη
256 2056 495 2141 γεγενημένων,
508 2051 553 2133 ὡς
563 2052 681 2137 ἀρτίως
691 2053 872 2142 ήκούσατε,
891 2054 965 2124 οὔθ’
980 2049 1041 2123 ού-

86 2178 141 2232 τος
155 2149 254 2221 οὐδέν
266 2149 388 2237 ἀληθὲς
398 2151 504 2239 εἶπεν,
517 2151 600 2221 ἀλλά
612 2152 767 2232 ψεύδεται
778 2157 833 2223 καὶ
843 2170 1039 2243 κατηγορεῖν

36 2255 73 2312 99
87 2249 187 2319 οὐδὲν
197 2249 320 2335 ἀληθὲς
327 2252 630 2338 ἐχωντερατεύεται.
645 2254 923 2339 συνηκολούθουν
935 2252 966 2321 δ’
977 2251 1041 2321 αύ-

88 2357 135 2437 τῷ
163 2348 338 2432 ἀνθρωποτ
366 2350 427 2418 δύο
455 2351 733 2436 στρωματόδεσμα
749 2354 922 2437 φέροντες·
957 2351 1040 2420 ἐνδὲ

86 2456 132 2536 τῷ
145 2450 243 2538 ἑτέρῳ
256 2449 401 2534 τούτων,
413 2447 458 2529 ιός
469 2447 569 2528 αύτός
579 2455 658 2535 ἐφη,
670 2450 834 2517 τάλαντον
844 2453 924 2536 ἐνῆν
935 2449 1039 2534 ἀργυ-

88 2556 171 2630 ρίου.
212 2547 296 2616 ἀστε
316 2547 394 2627 τούς
416 2553 634 2635 συμπρέσβεις
655 2547 963 2634 ἀναμιμνήσκεσθαι
983 2546 1041 2626 τάς

88 2644 223 2732 ἀρχαίας
234 2652 422 2734 ἐπωνυμίας
433 2646 552 2716 αὐτοῦ·
574 2651 610 2715 ἐν
626 2649 719 2714 παισὶ
730 2646 791 2731 μὲν
807 2648 870 2731 γὰρ
884 2643 932 2713 ἀν
942 2646 1040 2732 ἐκλή-

85 2754 132 2830 θη
156 2742 194 2811 δι’
213 2751 450 2831 αίσχρουργίαν
469 2745 544 2813 τινά
565 2748 619 2813 καλ
640 2750 804 2812 κιναιδίαν
819 2746 981 2829 Βάταλος,
1004 2747 1040 2811 ἐκ

87 2846 215 2909 παίδων
237 2842 273 2911 δὲ
291 2841 577 2929 ἀπαλλαττόμενος
593 2848 647 2913 καὶ
665 2844 927 2923 δεκαταλάντους
950 2849 1042 2922 δίκας
1056 2863 1107 2922 274

85 2940 211 3030 ἑκάστῳ
223 2948 291 3008 τῶν
303 2942 490 3026 ἐπιτρόπων
500 2944 674 3029 λαγχάνων
683 2941 799 3030 Ἀργᾶς
809 2944 945 3030 ἐκλήθη,
953 2941 1039 3029 ἀνήρ

87 3041 122 3106 δὲ
149 3041 327 3126 γενόμενος
348 3048 550 3128 προσείληφε
572 3042 635 3129 τήν
654 3052 721 3110 τῶν
743 3051 900 3129 πονηρόν
922 3041 1039 3127 κοινήν

15 3163 70 3216 100
85 3142 286 3224 ἐπωνυμίαν,
293 3141 514 3227 συκοφάντης.
537 3144 712 3224 ἐπορεύετο
720 3143 755 3211 δὲ
765 3143 949 3228 λυσόμενος
960 3138 1040 3219 τούς

88 3238 350 3326 αίσχμαλάτονς,
374 3237 418 3319 ὡς
428 3245 491 3326 ἐφη
505 3243 559 3308 καί
577 3241 659 3326 πρός
670 3239 757 3326 ὑμᾶς
767 3240 885 3326 ἀρτίως
899 3251 1040 3327 εἴρηκεν,

87 3339 182 3416 εἰδώς
203 3337 264 3423 μέν
288 3345 455 3408 Φίλιππον
481 3344 519 3408 έν
539 3347 587 3428 τῷ
611 3346 742 3428 πολέμῳ
765 3338 886 3407 οὐδένα
908 3340 1041 3407 πάποτε

88 3442 270 3521 Αθηναίων
282 3436 385 3521 λύτρα
398 3438 623 3524 πραξάμενον,
641 3436 775 3506 ἀκούων
786 3437 821 3504 δὲ
832 3446 901 3504 τῶν
911 3442 1041 3506 ἐκείνου
