2340 3916
308 238 439 294 ΚΑΤΑ
458 234 839 293 ΚΤΗΣΙΦΩΝΤΟΣ.
996 231 1054 294 121

102 401 156 477 ξεν
168 398 204 464 ἐν
213 401 259 486 τῷ
271 401 340 462 τῶν
350 397 516 462 δικαστῶν
526 391 634 481 όρκφ,
657 442 678 477 ,‚
687 401 874 512 ψηφιοῦμαι
886 390 968 461 κατὰ
979 417 1058 472 τους

101 495 265 581 νόμους,“
288 494 396 562 έκεῖνο
406 519 444 578 γε
456 518 495 561 ευ
482 486 659 576 είδως,
640 516 707 576 οτι,
721 517 803 559 οταν
812 495 1058 578 διατηρηθωσιν

67 612 81 666 7
100 593 187 660 06'
147 619 244 680 νομοι
260 619 300 681 τη
285 591 426 676 πόλει,
445 592 579 671 σώζεται
596 586 687 657 aal‘
667 616 689 674 η
708 594 918 676 δημοκρατία.
958 586 979 658 όι
994 590 1056 677 χρὴ

102 685 452 777 διαμνημονεύοντας’
435 694 521 775 υμᾶς
530 700 638 773 μισεῖν
646 684 725 765 τούς
734 683 775 755 τοὶ
787 687 963 773 παράνομα
974 688 1058 806 γραί-

102 813 237 873 φοντας,
248 793 303 856 καὶ
313 787 418 875 μηδὲν
428 783 754 873 μικρονηγεῖσθαι
724 812 808 853 ειναι
817 812 886 854 των
895 811 1058 855 τοιουτων
1106 771 1121 788 ’

102 884 328 973 ἀδικημάτων,
362 882 429 953 ἄλλ’
454 885 595 952 ἕκαστον
616 880 855 969 ὑπερμέγεθες,
887 886 943 951 καὶ
964 884 1056 952 τοῦθ’
1074 900 1128 958 399

101 981 197 1069 ὑμῶν
208 981 244 1051 τό
258 989 387 1052 δίκαιον
403 986 528 1069 μηδένα
539 979 733 1067 ἀνθρώπων
744 985 959 1066 ἐξαιρεῖσθαι,
978 983 1058 1070 μήτε

101 1080 158 1158 τὰς
169 1089 237 1148 των
250 1088 443 1168 στρατηγῶν
453 1086 669 1166 συνηγορίας,
682 1082 776 1149 οἳέπί
787 1080 895 1150 πολύν
905 1079 969 1168 ἤδη
979 1082 1059 1167 χρό-

101 1205 162 1246 νον
179 1183 418 1265 συνεργούντές
434 1199 498 1246 τισι
514 1187 582 1246 των
598 1178 751 1267 ρητόρων
767 1187 985 1268 λυμαίνονται
995 1179 1058 1269 τὴν

102 1287 285 1366 πολιτείαν,
308 1280 389 1367 μήτε
400 1279 457 1358 τοὶς
468 1286 535 1347 τῶν
547 1280 651 1358 ξένων
662 1279 803 1368 δεήσεις,
827 1278 1059 1370 οδςόναβιβα-
1075 1296 1126 1353 391

103 1379 235 1465 ζόμενοί
241 1405 328 1458 τινες
338 1380 560 1464 ἐκφεύγουσιν
570 1381 608 1446 ἐκ
617 1385 685 1447 τῶν
696 1384 931 1467 δικαστηρίων,
950 1382 1058 1467 παρό-

100 1579 235 1656 ἕκαστος
245 1582 439 1664 αἰσχυνθείη
462 1574 524 1663 τὴν
544 1576 635 1656 τάξιν
652 1585 774 1662 λιπεῖν,
791 1573 889 1663 ἣνοίν
901 1584 1009 1666 ταχθῇ
1020 1582 1056 1647 ἐν

100 1684 147 1763 τῷ
158 1678 305 1764 πολέμῳ,
318 1675 405 1745 οὕτω
415 1676 470 1744 καὶ
481 1682 546 1741 νύν
558 1673 759 1760 αἰσχύνθητε
772 1677 917 1743 ἐκλιπεῖν
927 1672 990 1760 τὴν
999 1676 1059 1741 τοὶ-

101 1777 161 1859 ξιν,
176 1770 214 1857 ἣν
229 1775 366 1858 τέταχθε
385 1770 450 1840 ὑπὸ
461 1781 530 1840 των
541 1772 656 1857 νόμων
667 1773 813 1858 φύλακες
823 1781 881 1858 τῆς
892 1777 1059 1859 δημοκρα·

65 1889 82 1942 8
100 1871 276 1955 τίαςτηνδε
287 1867 490 1956 τὴνὴμέραν.
510 1866 686 1937 κόκεῖνοδὲ
698 1866 759 1955 χρὴ
770 1870 1059 1955 διαμνημονεύειν,

100 1968 151 2036 ότι
163 1978 229 2036 νῦν
236 1967 377 2047 ἅπαντες
389 1972 422 2037 oc
432 1975 560 2036 πολῖται
571 1971 880 2054 παρακαταθέμενοι
891 1966 951 2053 την
962 1967 1060 2035 πόλιν
1076 1986 1129 2041 399

99 2064 177 2153 ὑμῖν
189 2070 243 2136 καὶ
255 2066 317 2154 τὴν
333 2074 501 2136 πολιτείαν
513 2067 799 2146 διαπιστεύσαντες
810 2072 844 2135 oc
855 2067 916 2154 μέν
928 2067 1058 2150 πάρεισι

99 2168 154 2234 καὶ
160 2167 364 2235 ἐπακούουσι
371 2171 533 2254 τῆσδετῆς
542 2174 691 2253 κρίσεως,
699 2168 733 2233 oc
742 2164 777 2233 δέ
787 2165 919 2234 όίπεισιν
930 2167 981 2233 ἐπὶ
992 2172 1059 2232 τῶν
1075 2181 1129 2237 393

100 2268 322 2354 ίδίωνέργων·
336 2262 895 2352 οδςαίσχυνόμενοικαὶτῶνὅρκων,
904 2261 1059 2349 οόςώμό-

100 2382 187 2448 σατε,
199 2365 400 2451 μεμνημένοι
410 2367 540 2432 καὶτῶν
551 2364 675 2449 νόμων,
683 2361 1059 2448 ἐάνέξελέγξωμενΚτη-

100 2471 250 2547 σιφωντα
262 2466 317 2532 καὶ
327 2463 503 2549 παράνομα
515 2462 690 2548 γράψαντα
702 2463 755 2528 καὶ
768 2465 876 2545 ψευδῆ
886 2461 941 2527 καὶ
952 2457 1059 2545 οἰσόμ-

100 2585 188 2646 φορα
209 2569 249 2648 τῇ
266 2561 374 2648 πόλει,
398 2561 508 2647 λύετε,
532 2553 560 2628 ύ
572 2558 753 2680 Ἀθηναῖοι,
775 2557 834 2637 τὰς
845 2559 1059 2645 παρανόμους

99 2659 247 2743 γνώμας,
269 2666 444 2746 βεβαιοῦτε
459 2687 498 2748 τη
486 2659 604 2727 πόλει
620 2685 682 2745 την
694 2663 935 2743 δημοκρατίαν,
957 2657 1059 2725 κολύ-

98 2762 165 2835 ζετε
177 2755 255 2836 τούς
267 2755 469 2838 ὑπεναντίως
479 2785 522 2848 τφ
535 2757 626 2848 νόμω
638 2757 692 2825 καὶ
702 2782 742 2842 τη
728 2753 845 2823 πόλει
853 2757 908 2822 καὶ
916 2763 963 2844 τῷ
974 2775 1058 2842 συμ-
1073 2777 1126 2836 394

97 2859 275 2947 φέροντι
245 2882 288 2923 τω
302 2853 448 2978 ύμετέρφ
458 2862 742 2941 πολιτευομένους.
756 2847 820 2921 κόίν
831 2853 955 2940 ταύτην
965 2859 1061 2942 έχον-

99 2981 150 3034 τες
160 2957 222 3043 την
232 2955 412 3023 διοίνοιαν’
395 2957 557 3042 ακούσητε
567 2983 635 3023 των
648 2952 838 3040 μελλόντων
849 2952 1061 3038 ῥηθήσεσθαι

98 3055 223 3139 λόγων,
248 3082 286 3122 ευ
275 3049 403 3123 'Wolff
383 3080 434 3122 οτι
452 3060 560 3123 δίκαια
580 3054 686 3122 καὶ”
647 3079 771 3136 ενορκα
781 3053 836 3120 καὶ
847 3055 1060 3139 συμφεροντα

98 3150 177 3238 ὑμῖν
188 3152 299 3233 αὐτοῖς
311 3164 491 3241 ψηφιεῖσθε
502 3155 557 3222 καὶ
568 3153 657 3240 πόση
668 3161 708 3240 τῇ
719 3150 821 3219 πόλει.

62 3270 80 3324 9
180 3255 262 3335 Περὶ
283 3252 345 3337 μὲν
365 3245 429 3320 ούν
450 3260 507 3338 τῆς
529 3250 608 3337 ὅλης
628 3255 824 3336 κατηγορίας
845 3255 982 3334 μετρίως
1003 3276 1058 3335 μοι

95 3352 212 3429 ἐλπίζω
220 3359 455 3435 προειρῆσθαι·
468 3349 587 3433 περλδέ
597 3347 785 3416 αὐτῶντῶν
795 3349 918 3432 νόμων,
929 3354 1061 3416 οΐκεῖν-

96 3477 147 3515 ται
159 3448 311 3528 περὶτῶν
323 3446 541 3534 ὑπευθύνων,
556 3444 630 3536 παρ’
646 3443 705 3525 οὓς
726 3443 763 3513 τό
786 3446 941 3529 ψήφισμα
961 3454 1060 3512 τοῦτο
