2340 3916
139 187 181 252 48
422 210 426 215 -
509 186 726 240 ANAOKIAOT

140 329 237 409 πόλις
260 320 340 418 ἦρχε
364 331 433 397 τῶν
454 327 624 415 Ἑλλήνων
646 328 704 395 καὶ
731 324 923 414 εύδαιμόνει
950 329 1107 416 μάλιστα,

138 431 325 511 Ἱππόνικος
342 429 381 500 δὲ
405 421 447 518 ᾖν
465 429 716 508 πλουσιύτατος
733 431 803 497 τῶν
818 427 1005 517 Ἑλλήνων,
1029 431 1106 500 τότε

141 536 256 621 μέντοι
280 533 404 612 πάντες
436 542 506 603 ίστε
530 529 580 601 ὅτι
605 531 696 620 παρά
722 545 793 610 τοῖς
818 536 1009 621 παιδαρίοις
1034 547 1107 612 τοῖς

142 635 352 725 μικροτάτοις
370 636 428 703 καὶ
446 649 518 714 τοῖς
536 641 692 720 γυναίοις
710 632 849 721 κληδοδν
868 635 906 703 ἐν
922 631 1038 722 ἀπάση
1064 637 1107 723 τῇ

142 737 238 807 πόλει
254 753 426 823 κατεῖχεν,
445 733 496 803 ὅτι
506 734 694 815 Ἱππόνικος
710 737 747 802 ἐν
763 736 805 823 τη
826 742 919 825 οἰκίη
937 733 1109 825 ἀλιτήριον

141 841 274 928 τρέφει,
289 835 325 918 ὃς
338 836 448 907 αὐτοῦ
462 836 524 924 τὴν
537 837 702 925 τράπεζαν
720 834 908 926 ἀνατρέπει.
936 839 1110 926 μέμνησθε

75 973 123 1023 131
141 944 268 1028 ταῦτα,
295 931 322 1007 ὦ
348 938 478 1026 ἄνδρες.
522 942 594 1019 πῶς
621 929 685 1007 οὖν
710 936 731 1027 ἡ
756 937 849 1026 φήμη
875 937 895 1024 ἡ
920 938 998 1008 τότε
1022 930 1110 1008 οὖσα

143 1048 238 1112 δοκεῖ
252 1040 339 1129 ύμῖν
357 1039 542 1129 ἀποβηναι;
568 1039 722 1128 οἰόμενος
740 1040 806 1129 γὰρ
820 1038 1010 1120 Ἱππόνικος
1028 1041 1111 1110 υίδν

142 1144 278 1233 τρέφειν
305 1141 475 1231 ἀλιτήριον
500 1139 594 1234 αύτῷ
621 1148 779 1231 ἔτρεφεν,
812 1138 848 1222 ὃς
879 1140 1111 1230 ἀνατέτροφεν

144 1248 277 1314 ἐκείνου
295 1244 356 1313 τὸν
375 1248 545 1332 πλοῦτον,
569 1245 631 1331 τὴν
650 1243 898 1333 σωφροσύνην,
925 1243 985 1313 τόν
1003 1242 1111 1314 ἀλλον

142 1354 221 1434 βίον
247 1344 390 1415 ἅπαντα.
426 1343 535 1427 οὕτως
560 1337 624 1414 οὖν
641 1345 704 1435 χρὴ
730 1347 807 1434 περὶ
832 1345 957 1415 τούτου
981 1345 1111 1432 γιγνοί-

143 1466 253 1534 σκειν,
272 1447 320 1528 τός
338 1445 436 1528 όντος
451 1447 656 1518 Ἱππονίκου
675 1446 860 1536 ἀλιτηρίου.

77 1581 125 1632 132
217 1548 318 1619 Ἀλλά
333 1550 399 1639 γάρ
408 1604 417 1639 ,
436 1540 617 1638 ὦάνδρες,
635 1548 741 1619 διὰτί
753 1573 833 1618 ποτε
846 1564 918 1629 τοῖς
934 1551 1007 1637 ἐμοὶ
1025 1553 1109 1618 νυνὶ

145 1653 385 1740 ἐπιτιθεμένοις
408 1649 490 1739 μετά
509 1658 663 1721 Καλλίου
682 1652 739 1720 καὶ
765 1650 1111 1740 συμπαρασκευάσασι

142 1753 204 1822 τόν
221 1753 340 1840 ἀγῶνα
358 1756 416 1822 καὶ
434 1752 586 1842 χρήματα
600 1754 851 1839 είσενεγκοῦσιν
866 1751 917 1821 ἐπ’
939 1755 1013 1841 ἐμοὶ
1031 1761 1113 1843 τρία

142 1854 206 1943 μὲν
226 1863 283 1944 ἐτη
303 1858 474 1945 ἐπιδημῶν
492 1857 550 1924 καὶ
568 1852 660 1942 ἥκων
680 1858 716 1924 ἐκ
731 1854 878 1943 Κύπρου
894 1853 958 1924 ούκ
975 1854 1113 1942 ἀσεβεῖν

145 1957 288 2027 ἐδόκουν
306 1956 446 2045 αύτοῖς,
463 1961 562 2045 μυῶν
579 1955 644 2045 μὲν
657 1954 694 2027 Ἀ
714 2010 720 2024 .
742 2011 748 2024 .
769 2010 776 2024 .
796 2009 803 2024 .
830 1956 989 2045 Δελφόν,
1007 1962 1056 2026 ἔτι
1074 1958 1113 2027 δὲ

145 2056 271 2137 ἀλλους
285 2058 404 2138 ξένους
419 2061 588 2147 ἐμαυτοῦ,
601 2059 658 2128 καὶ
672 2057 787 2128 είσιοδν
801 2065 849 2139 εἰς
858 2056 896 2126 τό
904 2056 1113 2129 Ἐλευσίνιον

144 2161 202 2228 καὶ
220 2157 338 2247 δύων,
358 2157 471 2248 ὥσπερ
487 2160 634 2247 ἐμαυτὸν
651 2158 745 2241 ἀξιον
763 2167 888 2248 νομιῖοι
905 2158 1006 2229 εἶναι·
1025 2158 1113 2230 ἀλλά

144 2259 350 2330 τούναντίον
365 2269 574 2350 λειτουργεῖν
588 2252 962 2351 οὗτοιπροόβάλλοντο,
976 2266 1114 2351 πρῶτον

145 2361 208 2450 μὲν
230 2371 489 2453 γυμνασίαρχον
503 2363 746 2452 Ἡφαιστείοις,
771 2370 883 2433 ἔπειτα
902 2362 1115 2455 ἀρχοδεωρὸν

146 2471 194 2544 είς
209 2463 347 2552 Ἰσθμόν
365 2467 422 2536 καὶ
438 2464 657 2554 Ὀλυμπίαζε,
675 2464 747 2534 εἶτα
765 2465 803 2535 δὲ
821 2473 946 2554 ταμίαν
965 2469 1002 2535 ἐν
1018 2464 1115 2536 πόλει.

146 2569 215 2634 τῶν
230 2568 332 2656 ἱερῶν
345 2568 540 2658 χρημάτων·
554 2571 622 2637 νῦν
635 2567 674 2637 δὲ
687 2565 798 2655 ἀσεβῶ
807 2562 985 2636 καδάδικῶ
998 2568 1115 2638 είσιοδν

81 2698 130 2750 133
148 2676 196 2747 είς
221 2668 261 2735 τά
291 2669 381 2757 ἱεράς
408 2669 474 2756 ε’γά
498 2668 583 2757 ύμῖν
609 2671 674 2759 ἐρῶ
699 2668 785 2739 διότι
808 2659 902 2739 οὗτοι
919 2673 1027 2738 ταῦτα
1044 2674 1115 2739 νύν

145 2769 403 2856 γιγνώσκουσιν.
428 2770 605 2860 Ἀγύρριος
619 2770 685 2860 γάρ
699 2771 837 2859 ούτοσί,
855 2768 874 2839 ὁ
889 2771 991 2852 καλὸς
1004 2769 1115 2857 κάγα-

144 2870 228 2956 θός,
246 2869 402 2959 ἀρχύνης
422 2874 554 2958 ἐγένετο
572 2877 631 2958 της
649 2875 874 2960 πεντηκοστῆς
892 2879 1008 2963 τρίτον
1027 2879 1116 2959 ἐτος,

148 2973 205 3039 καὶ
226 2972 364 3060 ἐπρίατο
383 2972 562 3063 τριάκοντα
576 2973 770 3062 ταλάντων,
787 2975 949 3062 μετέσχον
967 2973 999 3042 δ’
1020 2972 1115 3067 αὐτῷ

212 3160 822 3255 ατατη1παση7ἀπειλὴ-κατεῖχεν
841 3172 954 3252 scripsi:
966 3166 1117 3239 κατέαγεν

215 3241 271 3290 131.
290 3255 356 3290 υτον
369 3236 493 3319 τρέφειν
503 3240 551 3290 ΑΒ
568 3240 633 3290 Bk:
626 3231 717 3291 ·υἱο“ν
737 3231 816 3308 αὑτῷ
833 3235 960 3305 τρέφειν.

214 3299 353 3361 132.Ἀ..
366 3300 589 3388 .Δελφρ’νΒλε.ι
609 3298 805 3386 ἀδελφόν-
771 3302 855 3357 -H
856 3306 1116 3374 φαιστίοιςΑΒΒΖ

146 3371 313 3440 (Turroe)
277 3347 511 3454 -ἀρχιδεωρδν
528 3375 623 3426 ABLZ
641 3375 708 3426 Bk.·
727 3325 918 3454 ἀρχιδέυρον.

215 3446 271 3494 133.
252 3433 428 3524 Ἀγύρριος
450 3441 516 3498 Bk.-
549 3433 751 3509 ἀ.γύρριοςΑ;
780 3433 957 3527 ἀγύριοςΒ,
978 3432 1117 3510 ἀργύρεος

145 3525 219 3561 v.·-
242 3503 373 3576 ἀρχιονης
397 3509 512 3564 eumR.
533 3515 561 3561 οῖ
579 3511 678 3565 Valek.
701 3510 768 3561 Bk.·
791 3527 888 3578 αρχων
911 3505 961 3570 εἷς.
984 3538 1017 3550 -
