2340 3916
100 205 138 252 vl
386 188 592 240 PRAEFATIO
613 188 768 240 ORITIOA.

99 371 279 440 pervenerunt
298 358 430 424 aetatem,
450 361 478 416 iu
493 380 526 418 eo
540 379 681 419 causarum
696 361 858 436 privatarum
879 376 978 434 genere
994 377 1054 417 ver·

99 456 210 524 santurs
219 448 290 503 haud
304 446 380 504 multi
398 447 508 502 luerunt
523 447 568 519 qui
577 446 672 503 ¹studia
686 463 735 500 sua
743 445 909 501 conferrent.
932 444 1054 517 Contigit

98 540 188 589 tamen
203 532 242 588 eis
260 539 292 587 ut
305 530 445 603 egregium
459 547 551 586 rerum
567 531 688 587 oratioue
708 528 898 603 explicaturum
913 528 1052 584 dictionis·

100 633 152 690 que
174 615 394 671 nanciscerentur
417 622 600 670 enarratorem
621 614 787 687 eundemque
809 613 932 669 criticum
948 612 1054 667 muneri

99 716 149 756 suo
158 715 249 772 parem
264 698 362 771 Georg.
376 697 447 753 laid.
461 697 687 760 Schoemannum,
703 714 717 752 a
734 714 788 771 quo
803 695 931 753 derebus
946 695 1055 769 quidem

98 782 276 855 inprimisque
299 782 331 837 de
347 781 405 838 iure
428 779 498 836 civili
513 782 557 836 vir
574 799 644 838 unns
659 789 687 837 et
707 781 777 837 alter
790 779 900 837 relictus
918 778 993 835 locus
1011 787 1055 835 est

98 866 145 940 qui
167 873 214 922 aut
237 867 401 922 accuratiore
422 865 613 922 retractatione
631 873 678 921 aut
691 864 858 921 correctione
878 864 998 937 indigere
1016 862 1055 917 vi·

97 950 201 1006 deatur.
232 949 267 1005 lle
284 950 372 1005 verbis
383 957 473 1005 autem
486 948 559 1006 illius
576 949 693 1006 oratoris
710 948 907 1023 perpurgaudis
922 956 1002 1020 atque
1021 946 1055 1001 ad

96 1034 239 1108 pristinam
250 1033 365 1108 speciem
373 1032 528 1090 revocandis
542 1051 603 1090 cum
617 1033 717 1106 optime
731 1039 888 1088 meruerunt
900 1032 973 1088 lmm.
988 1031 1055 1086 Bek-

97 1117 180 1174 kerus
195 1125 223 1173 et
239 1117 326 1173 critici
338 1117 510 1182 Turicenses,
529 1134 645 1192 quorum
659 1116 704 1172 ille
719 1116 747 1184 in
761 1115 814 1172 hec
829 1116 914 1189 magis
929 1133 1008 1189 quam
1026 1115 1055 1170 iu

97 1200 195 1257 ceteris
219 1200 372 1257 oratoribus
396 1209 526 1274 quantum
547 1201 648 1275 ingenii
672 1200 793 1257 acumine
808 1207 903 1273 posset
922 1199 1055 1272 sagacita-

98 1291 180 1358 teque
206 1285 338 1346 ostendit,
365 1284 394 1339 hi
415 1284 505 1358 siquid
527 1284 560 1341 ab
573 1287 632 1341 viro
653 1283 701 1340 illo
721 1283 878 1341 doctissimo
900 1282 1054 1356 neglectum

97 1376 170 1425 esset
191 1367 340 1424 autminus
356 1375 431 1424 recte
445 1368 600 1426 institutum
624 1368 797 1442 expleverunt
812 1376 859 1424 ant
869 1374 1054 1430 correxerunt,

97 1459 156 1509 tum
172 1451 225 1508 hoc
241 1459 362 1526 tempore
377 1469 455 1508 nemo
472 1454 544 1526 quod
559 1453 639 1510 seiam
657 1453 685 1508 in
701 1452 826 1508 omnihus
841 1451 908 1507 lsaei
924 1450 1054 1507 orationi·

97 1535 149 1592 bus
163 1536 333 1593 recensendis
355 1536 516 1611 edendisque
534 1537 696 1610 peculiarem
714 1553 823 1610 operam
842 1551 989 1608 curamque
1004 1552 1055 1608 po·

97 1620 162 1676 snit.
191 1619 256 1676 llam
271 1619 411 1676 llobsonus
426 1620 570 1676 Britannus
586 1622 612 1677 id
632 1621 734 1694 egit'ut
749 1620 879 1693 quidquid
893 1627 966 1675 esset
983 1636 1055 1674 ace-

97 1704 164 1760 teris
172 1703 367 1776 interpretibus
382 1705 413 1758 ad
429 1703 488 1760 illas
503 1704 677 1761 illustrandas
696 1703 805 1761 allatum
819 1703 964 1777 diligenter
976 1701 1055 1758 colli·

97 1796 189 1860 geret,
217 1804 279 1843 raro
304 1788 367 1860 quid
388 1788 421 1843 de
439 1805 548 1862 quoque
568 1787 629 1845 loco
651 1787 709 1862 ipse
730 1788 844 1844 sentiret
862 1786 1053 1861 profiteretur:

85 1871 124 1947 id
139 1878 228 1927 tamen
241 1871 367 1927 utilitatis
379 1870 470 1927 attulit
483 1873 675 1929 adorationem
688 1871 756 1928 lsaei
769 1870 871 1927 rectius
887 1870 1055 1927 constituen-

72 2006 74 2010 ,
96 1955 170 2018 dam,
195 1955 267 2028 quod
289 1955 390 2011 codicis
413 1956 508 2028 optimi
528 1951 678 2031 Grippsiani
697 1955 795 2012 iterum
819 1973 834 2010 a
856 1973 884 2010 se
905 1954 1012 2011 excussi
1027 1962 1055 2009 et

95 2034 239 2094 Burneiani
263 2038 413 2112 scripturae
443 2040 648 2112 discrepantiam
672 2038 813 2113 evulgavit.
844 2038 966 2094 Parisino
989 2054 1053 2093 vero

97 2121 179 2178 editio
194 2140 209 2177 a
223 2121 318 2178 Garolo
336 2122 449 2178 lldllero
465 2123 676 2179 incuriosissime
689 2132 782 2180 curata
795 2139 856 2180 cnm
870 2140 903 2178 ue
918 2130 1055 2178 transver-

77 2240 81 2266 t
97 2223 155 2260 sum
169 2206 275 2278 quidem
285 2223 403 2279 unguem
413 2207 532 2262 discedat
547 2207 713 2263 a'luriceusi
722 2208 750 2263 in
764 2223 874 2266 censum
889 2206 980 2262 venire
998 2223 1054 2261 non

96 2296 197 2363 potest.
235 2289 286 2345 Sed
309 2307 396 2362 nuper
417 2289 578 2353 exstiterunt
599 2291 719 2363 quamvis
735 2291 814 2364 pauci
831 2291 876 2364 qui
895 2291 922 2344 iu
937 2289 1053 2362 singulis

76 2371 164 2433 ⁸locis
186 2372 353 2447 expoliendis
368 2372 540 2447 mendisque,
563 2369 662 2447 quibus
685 2362 713 2430 iu
735 2382 810 2430 tanta
834 2372 1053 2431 doctissimorum

97 2457 217 2512 virorum
228 2456 359 2511 industria
370 2474 400 2512 ac
415 2456 556 2531 diligentia
569 2466 658 2514 tamen
667 2457 809 2531 permultis
823 2455 977 2529 inquinatae
988 2465 1053 2513 suut

95 2539 164 2596 lsaei
182 2540 332 2602 orationes,
356 2539 499 2597 liberandis
521 2541 615 2598 sedulo
632 2541 810 2597 elaborarent.
839 2541 868 2595 lu
883 2539 982 2612 quibus
996 2533 1053 2596 n'ou

96 2624 228 2680 mediocri
242 2624 320 2681 laude
330 2623 405 2698 digni
417 2634 480 2680 suut
492 2624 637 2687 llobraeus.
650 2625 794 2681 Britannus
802 2624 1053 2698 perspicacissimus

95 2705 242 2780 (adversar.
263 2706 316 2763 vol.
338 2708 357 2762 l.
377 2726 403 2781 p.
422 2716 472 2769 286
489 2726 548 2781 sqq.
573 2717 601 2764 et
622 2716 689 2763 orat.
704 2709 760 2764 lltt.
776 2709 816 2765 ed.
834 2707 948 2765 llohson.
968 2707 1009 2762 lV.
1024 2725 1052 2781 p.

93 2789 250 2864 v-xvt.)‚
264 2791 405 2864 Emperius
422 2793 541 2865 (opuscc.
556 2809 583 2865 p.
599 2797 649 2852 279
667 2809 725 2866 sqq.
741 2801 769 2849 et
789 2792 863 2866 316).
881 2791 1053 2849 lleutznerus

95 2873 157 2946 (act.
174 2873 396 2932 societflraecae
410 2875 440 2930 ll.
455 2893 482 2948 p.
494 2882 527 2935 99
541 2874 625 2948 sqq),
640 2875 686 2931 lld.
701 2876 836 2933 leniclrius
851 2875 1007 2949 (observatt.
1023 2876 1054 2931 in

93 2958 198 3016 Isaeum
218 2959 291 3033 Lips.
317 2953 408 3032 1838),
433 2958 462 3013 G.
483 2960 513 3014 Α.
530 2959 699 3032 llirschigius
720 2960 828 3031 (Philol.
847 2958 897 3016 vol.
913 2959 941 3022 V,
958 2976 985 3031 p.
1001 2966 1053 3019 322

95 3042 162 3115 sq.):
180 3059 284 3116 paucos
304 3040 380 3097 locos
395 3041 522 3111 sollerter
539 3050 567 3098 et
582 3041 719 3105 alacriter,
740 3044 780 3099 uti
795 3043 879 3107 solet,
896 3043 987 3115 attigit
1001 3043 1052 3099 Co·

94 3125 175 3183 betus
197 3126 239 3182 vel
259 3126 288 3181 iu
306 3125 386 3181 variis
404 3125 446 3182 vel
460 3126 487 3181 in
504 3126 581 3182 novis
595 3125 765 3183 lectionibus.
800 3126 946 3184 Pervellem
960 3136 1051 3184 tamen

93 3208 207 3266 Batavus
223 3209 457 3283 ingeniosissimus
467 3211 571 3284 quique
582 3218 690 3284 praeter
707 3219 813 3268 ceteros
834 3212 950 3268 emineat
966 3212 1051 3267 Attici

94 3295 229 3350 sermonis
258 3301 382 3349 accurata
403 3301 430 3350 et
449 3297 559 3368 copiosa
585 3295 696 3351 seientia
715 3296 850 3368 cognitam
867 3295 979 3352 haberet
1004 3304 1051 3351 aut

95 3391 264 3449 cognoscere
283 3376 363 3432 vellet
379 3377 652 3453 BaiteriSauppiique
668 3377 892 3451 elegantissimam
911 3386 1050 3435 oratorum

92 3459 245 3516 Atticorum
265 3461 422 3526 editionem,
445 3479 478 3518 ue
500 3479 568 3536 quae
589 3463 641 3518 iam
655 3462 762 3519 inventa
780 3471 871 3518 esseut
886 3471 1050 3536 receptaque
