2340 3916
60 177 87 230 μ.
105 159 150 212 78.
242 159 333 212 ΠΕΡΙ
350 157 426 211 Tor
443 156 663 209 ΑΣΥΓΤΦΙΛΟΤ
680 158 844 212 ΚΛΗΡΟΤ.
958 162 1019 225 123

59 329 238 422 τεκμήριον
255 336 354 399 ἔσται.
393 329 529 399 τοιαῦτα
545 330 656 417 μέντοι
673 333 769 418 κοινῇ
793 326 843 398 ἐπ’
864 332 933 418 ἐμοὶ
949 356 1020 419 τεχ-

59 431 235 519 νάζουσιν·
258 425 385 518 ἡγεῖται
407 427 471 520 γάρ
489 425 600 498 αὐτοῖν
619 426 772 519 ἑκάτερος
790 427 916 520 εῦρημα
933 437 1021 519 ἔχειν

61 530 126 604 δτι
144 526 190 603 διν
207 533 275 600 τῶν
288 526 488 618 Ἀστυφίλου
505 527 600 619 λάβη.

104 629 165 713 Ὡς
181 631 245 721 μὲν
261 620 324 700 οῦν
340 625 403 700 οῦκ
421 632 508 700 εἰσὶν
522 625 662 718 ἀληθεῖς
680 634 718 699 αί
739 632 914 716 διαθῆκαι,
939 624 1022 698 άλλᾶ
1038 650 1072 699 27

61 735 180 804 Κλέων
207 733 264 801 καλ
296 724 458 821 Ἱεροκλῆς
486 727 660 818 βούλονται
694 724 779 819 ῦμῦς
812 732 1020 818 ἐξαπατῆσαι,

61 829 139 904 καθ’
164 827 247 902 ὅσον
270 827 439 920 ἐδυνάμην
461 827 630 912 άπέδειξα·
661 824 706 910 ὡς
730 826 763 898 δ’
788 837 820 899 εἰ
840 831 895 899 καὶ
917 830 1022 918 μηδὲν

62 930 241 1024 προσήκων
266 937 383 1020 ἔτυχον
396 926 598 1024 Ἄστυφίλρι,
625 928 826 1019 δικαιότερός
848 936 913 1018 είμι
936 937 1023 1018 ἔχειν

22 1098 26 1121 ,
61 1031 99 1103 τά
117 1037 251 1102 ἐκείνου
267 1025 288 1117 ἢ
306 1021 415 1119 οῦτοι,
435 1028 557 1113 διδάξω
576 1025 668 1119 ὑμᾶς.
703 1027 758 1100 ὅτε
773 1028 837 1121 γάρ
860 1028 1023 1120 ἐλάμβανε

62 1131 276 1225 Θεόφραστος
292 1126 310 1201 5
330 1127 405 1220 ἐμδς
422 1127 529 1220 πατὴρ
540 1127 602 1218 τὴν
616 1126 696 1219 ἐμὴν
707 1133 830 1219 μητέρα
841 1133 896 1200 καὶ
911 1127 1023 1201 Ἀστυ-

61 1240 164 1321 φίλον
199 1228 288 1323 παρά
307 1226 520 1322 Ἱεροκλέους,
555 1221 641 1319 ἦλθε
674 1232 729 1300 καὶ
765 1227 867 1301 αῦτὸν
896 1235 1024 1301 ἐκεῖνον

61 1339 184 1422 ἔχουσα
216 1328 336 1423 μικρὸν
368 1327 465 1419 ὄντα,
501 1333 555 1400 καὶ
592 1332 724 1420 διητᾶτο
752 1326 832 1419 παρ’
862 1327 943 1420 ἡμίν
965 1329 1024 1401 τὸν

61 1429 193 1505 ἅπαντα
209 1429 329 1524 χρόνον
344 1426 364 1504 5
379 1427 591 1521 Ἀστύφιλος,
610 1433 665 1500 καὶ
685 1429 868 1519 ἐπαιδεύθη
879 1426 946 1501 ύπό
963 1436 1025 1501 τοῦ

62 1530 186 1624 πατρὸς
202 1535 265 1602 τοῦ
282 1533 370 1621 ἐμοῦ.
400 1534 456 1602 καί
476 1529 589 1618 ἐπειδὴ
608 1529 670 1619 ἐγώ
690 1529 914 1621 ἐγενόμηνκαὶ
932 1529 1023 1628 ὥραν
1040 1557 1075 1609 28

63 1633 153 1723 εἶχον
180 1629 419 1719 παιδεύεσθαι,
454 1629 526 1720 μετ’
558 1635 689 1702 ἐκείνου
723 1629 1022 1720 συνεπαιδευύμην.

61 1733 156 1820 Λαβέ
179 1734 219 1803 δέ
237 1760 292 1821 μοι
315 1729 439 1818 ταύτην
455 1729 517 1819 την
533 1740 735 1822 μαρτυρίαν,
761 1731 830 1802 εἶτα
846 1735 914 1801 νῦν
932 1736 1023 1800 διδα-

61 1831 195 1903 σκάλων
211 1828 286 1902 ὅποι
304 1834 494 1922 ἐφοιτοῦμεν.

436 1993 647 2048 ΜΑΡΤΤΡῙΔΙ.

144 2131 188 2204 Τό
204 2142 320 2205 τοίνυν
331 2143 453 2225 χωρίον
469 2131 505 2204 τό
524 2138 654 2206 ἐκείνου
666 2138 831 2230 πατρῷον,
851 2125 878 2205 ὦ
889 2133 1022 2226 ἄνδρες,
1128 2222 1133 2232 .

61 2229 81 2305 5
97 2231 208 2324 πατὴρ
224 2229 242 2305 5
260 2232 336 2324 ἐμὰς
355 2233 518 2324 ἐφύτευσε
535 2238 590 2305 καὶ
609 2233 762 2327 ἐγεώργει
779 2239 835 2306 καὶ
853 2240 954 2307 ἐποίει
975 2243 1024 2306 δι-

10 2346 12 2429 2
63 2342 208 2404 πλασίοο
226 2333 326 2419 ἄξιον.
359 2331 589 2424 Ἀυάβητέμοι
607 2335 807 2408 καὶτούτων
823 2335 995 2428 μάρτυρες.

9 2460 13 2555 λ
436 2475 644 2553 mmmm.

9 2686 11 2707 .
136 2632 226 2706 Ἐπεὶ
250 2647 367 2708 τοίνυν
393 2638 597 2729 ἐδοκιμάσθη
632 2635 649 2709 5
679 2635 842 2727 ἀδελφός,
877 2633 1022 2723 ἀπέλαβε
1040 2663 1075 2717 29

60 2736 172 2808 πάντα
187 2732 297 2828 ὀρθῶς
314 2740 369 2807 καὶ
381 2745 532 2829 δικαίως,
550 2738 634 2810 ὥστε
646 2743 778 2810 ἐκείνου
790 2738 875 2828 μηδὲ
891 2735 1024 2808 πάποτε

61 2838 168 2928 μηδὲν
192 2841 362 2926 ἐγκαλέσαι
384 2841 431 2932 τῷ
449 2843 516 2933 ἐμῷ
532 2848 639 2931 πατρί.
682 2837 763 2929 μετά
789 2840 944 2910 δὲταῦτα
961 2837 1022 2927 τὴν

61 2935 214 3026 ἀδελφὴν
236 2935 297 3026 τὴν
326 2942 454 3010 ἐκείνου
481 2935 686 3032 ὁμοπατρίαν
712 2937 880 3029 ἠγγύησεν
903 2934 920 3009 5
946 2937 1023 3029 ἐμός

61 3035 171 3128 πατὴρ
188 3035 253 3131 ῦτςα
268 3037 375 3110 ἐδόκει
394 3037 500 3134 αύτῷ,
519 3044 574 3111 καὶ
590 3033 692 3113 τᾶλλα
703 3039 832 3134 διῴκει,
850 3041 1022 3110 καὶταῦτα

62 3143 110 3231 τῷ
123 3134 309 3232 Ἀστυφίλρο
329 3139 470 3232 ἐξήρκει·
497 3139 616 3230 ίκαυην
632 3138 695 3231 γάρ
712 3136 856 3230 ἡγήσατο
874 3139 1022 3227 βάσανον

63 3241 234 3328 είληφέναι
262 3235 327 3310 άπὸ
355 3244 417 3311 τοῦ
439 3239 562 3332 πατρὸς
584 3244 645 3312 τοῦ
666 3245 747 3331 ἐμοῦ
768 3244 826 3330 τῆς
850 3247 896 3322 είς
919 3235 1022 3309 αὑτὸν

63 3335 212 3428 εῦνοίας,
238 3341 274 3408 ἐκ
289 3335 410 3430 μικρὸῦ
426 3348 562 3412 παιδίου
578 3343 803 3433 τεθραμμένος
820 3337 900 3429 παρ’
919 3336 1020 3432 αύτῷ,

61 3442 267 3531 μαρτυροῦσι
287 3441 325 3509 δέ
341 3435 422 3529 ύμῖν
439 3444 494 3511 καὶ
512 3445 587 3533 περὶ
604 3447 662 3531 τῆς
681 3439 800 3529 ἐγγύης
821 3446 856 3510 ολ
872 3439 1005 3521 εἰδότες,
