2340 3916
358 194 449 247 ΠΕΡΙ
467 194 543 247 μου
560 194 794 249 mmmm.
1006 195 1048 261 51

74 334 192 405 αὐτῶν
224 335 361 424 σύματα
384 337 595 416 αἰκισθέντες
625 334 814 425 ἀπέθανον,
836 376 879 385 -
908 336 980 407 εἶτα
1011 342 1048 408 οί
1063 359 1112 421 139

74 436 141 527 μέν
163 437 240 515 θεοί
266 439 303 506 ἐκ
327 438 500 507 τοσούτων
517 436 690 506 κινδύνων
716 437 839 521 ἔσωζόυ
862 466 921 528 με,
946 442 1045 527 σφῶν

75 538 116 609 δέ
134 531 251 607 αύτάν
264 537 524 628 προύστησαπο
537 539 686 629 τιμωρόν
699 540 860 625 γενέσθαι
873 549 1045 628 Κηφίσιον

74 641 138 711 τὸν
151 640 383 730 πονηρότατον
393 639 604 730 Ἀθηναίων,
623 631 672 709 ὧν
687 631 790 721 οὗτός
807 664 890 729 φησι
904 651 1044 732 πολίτης

75 740 164 813 εἶναι
181 740 246 811 ούκ
266 739 332 829 ἀν,
356 733 382 833 ᾦ
401 741 480 812 οὐδ’
500 742 600 830 ύμάυ
618 746 687 812 τῶν
704 744 910 831 καθημένων
929 742 1044 825 ου’δείς

75 840 120 913 ἀν
139 845 344 934 ἐπιτρέψειεν
363 843 468 915 οὐδὲν
484 847 554 915 τῶν
573 849 693 933 ίδίαν,
711 845 811 925 είδύς
829 847 953 914 τοῦτον
971 840 1043 927 οἷός

77 949 185 1029 ἐστιν;
217 945 283 1032 ἐγώ
310 944 374 1032 μὲν
400 938 483 1034 οὖν,
514 937 541 1017 ὦ
572 943 715 1036 ἄνδρες,
744 946 893 1034 ἠγοῦμαι
923 950 1045 1036 χρῆναι

75 1055 221 1135 νομίζειν
251 1047 332 1127 τούς
361 1050 538 1129 τοιούτους
568 1049 754 1129 κινδύνους
783 1047 1044 1138 ἀνθρωπίνους,

75 1150 158 1230 τούς
181 1148 220 1218 δέ
243 1149 328 1218 κατά
352 1150 528 1220 θάλατταν
552 1160 680 1230 θείους.
717 1160 812 1237 εἰπερ
838 1142 903 1220 οὖν
927 1156 982 1221 δεῖ
1004 1151 1046 1219 τά

75 1252 147 1320 τάν
176 1253 269 1320 θεων
293 1249 476 1339 ύιτονοεῖν,
508 1251 601 1322 πάνυ
625 1248 669 1321 ἀν
694 1247 824 1333 αύτούς
854 1251 947 1341 οἶμαι
978 1253 1045 1340 ἐγιό

77 1351 270 1442 ὀργίζεσθαι
300 1354 359 1422 καί
385 1351 610 1442 ἀγανακτεῖν,
641 1360 673 1425 εἰ
697 1354 780 1434 τούς
810 1352 876 1442 ἀφ’
913 1357 1045 1426 ἑαυτῶν

76 1455 287 1542 σωζομένους
304 1452 366 1525 ἀπ’
387 1453 501 1525 ἀλλων
517 1454 778 1544 ἀπολλυμένους
796 1454 916 1548 ὁρῷεν.

152 1557 221 1626 Καὶ
238 1556 303 1644 μὲν
320 1555 363 1645 δὴ
376 1558 436 1626 καὶ
449 1557 530 1627 τάδε
547 1555 633 1645 ύμῖν
647 1554 740 1638 ἀξιον
755 1549 781 1626 ἀ
798 1555 922 1647 ἀνδρες
937 1561 1044 1629 ἐνθυ-
1063 1586 1112 1636 140

73 1661 243 1746 μηθηυαι,
262 1655 313 1726 ὅτι
329 1660 412 1730 νυνὶ
430 1662 512 1729 τιάσι
523 1656 760 1747 τοῖςἝλλησιν
773 1657 897 1748 ἀνδρες
915 1657 1043 1750 ἀριστοι

73 1761 132 1829 καὶ
151 1758 392 1848 εὐβουλότατοι
408 1766 537 1832 δοκεῖτε
554 1761 757 1848 γεγενῆσθαι
780 1760 845 1831 ούκ
864 1762 921 1830 ἐττὶ
938 1787 1042 1848 τιμω-

74 1869 155 1951 ρίαν
172 1862 376 1951 τραπόμενοι
393 1867 463 1933 τῶν
481 1862 735 1950 γεγενημένων,
759 1860 836 1930 ἀλλ’
858 1863 913 1931 ἐπὶ
933 1884 1042 1951 σωτη-

73 1970 154 2051 ρίαν
178 1966 237 2051 τῆς
255 1964 386 2044 πόλεως
402 1967 460 2035 καί
484 1963 649 2052 ὁμόνοιαν
672 1966 742 2034 τῶν
760 1966 916 2033 πολιτῶν.
953 1986 1043 2052 συμ-

73 2066 180 2153 φοραὶ
196 2064 260 2153 μὲν
277 2063 344 2155 γάρ
362 2064 426 2154 ἤδη
440 2068 497 2136 καὶ
511 2064 624 2147 ἀλλοις
644 2073 783 2147 πολλοῖς
802 2067 961 2153 ἐγένοντο
980 2064 1044 2136 ούκ

76 2166 237 2248 ἐλάττους
255 2161 276 2254 ἢ
292 2168 351 2236 καί
369 2166 467 2256 ἡμῖν·
486 2168 524 2237 τό
543 2168 582 2238 δέ
595 2169 656 2249 τάς
673 2169 857 2257 γενομένας
877 2170 1043 2257 διαφορὰς

76 2268 161 2359 πρὸς
193 2268 363 2355 ἀλλήλους
388 2271 513 2341 θέσθαι
536 2272 666 2359 καλῶς,
696 2270 792 2340 τοῦτ’
818 2271 957 2352 εἰκότως
980 2268 1043 2359 ἤδη

74 2376 170 2441 δοκεῖ
192 2369 329 2461 ἀνδρῶν
354 2370 499 2458 ἀγαθῶν
522 2373 580 2441 καί
605 2372 796 2462 σωφρόνων
822 2379 923 2461 ἔργον
948 2370 1043 2441 εἶναι.

75 2473 188 2562 ἐπειδὴ
213 2481 334 2544 τοίνυν
359 2474 449 2563 καρά
468 2474 606 2543 πόντων
630 2471 912 2560 ὁμολογουμένως
937 2472 1042 2543 ταῦθ’

73 2573 159 2662 ύμῖν
182 2573 344 2665 ύαάρχει,
368 2577 427 2644 καί
445 2585 480 2645 εί
492 2602 541 2655 τις
568 2583 669 2663 φίλος
689 2570 737 2644 ἀν
755 2574 914 2662 τυγχάνει
930 2574 988 2642 καὶ
1013 2584 1048 2642 εῖ

73 2703 122 2757 τις
142 2678 282 2767 ἐχθρός,
299 2676 344 2764 μὴ
358 2678 568 2765 μεταγνοίτε,
586 2675 672 2765 μηδὲ
685 2676 853 2764 βούλεσθε
864 2674 928 2761 τὴν
943 2674 1044 2743 ιιόλιυ

74 2777 299 2869 ἀποστερῆσαι
322 2779 446 2867 ταύτης
470 2781 530 2866 της
554 2777 672 2867 δόξης,
693 2776 780 2867 μηδὲ
804 2775 905 2847 αύτοὶ
929 2782 1043 2848 δοκεῖν

76 2881 164 2970 τύχη
181 2883 290 2951 ταῦτα
306 2881 437 2969 μᾶλλον
455 2876 476 2970 ἣ
493 2881 614 2971 γνύμη
634 2887 858 2970 ψηφίσασθαι.

152 2985 283 3071 Δέομαι
305 2974 370 3053 οὖν
400 2982 563 3052 ἀπόντων
592 2980 722 3071 (ὑμῶν)
753 2982 831 3071 τιερδ
864 2983 946 3069 ἐμοῦ
978 2979 1041 3068 τὴν
1061 3009 1109 3059 141

143 3183 200 3234 139.
220 3181 315 3233 malim
333 3174 396 3233 εἶτα
414 3171 498 3233 αότοί
516 3175 570 3246 μὲν
588 3173 617 3232 oc
632 3177 710 3233 θεολ.
728 3206 762 3216 -
780 3171 811 3232 ἐκ
828 3170 972 3231 τοσούτων
989 3178 1042 3229 Bk.

74 3265 135 3327 cuju
153 3250 266 3330 AB12Z3
286 3242 317 3301 ἐκ
339 3247 395 3301 τῶν
414 3240 565 3301 τοσούτων.
585 3275 619 3284 -
635 3239 715 3301 ιιάυο
738 3247 772 3300 οἱ.
790 3247 837 3301 Β.;
860 3238 935 3299 πολύ
959 3239 1041 3307 (πολύ

76 3316 323 3465 μαῗδδάῖωιαιόδδὶ]
341 3377 377 3436 τά
394 3376 429 3437 θ’
443 3383 544 3438 ABLZ.
562 3378 750 3448 -βούλεσθε
767 3398 828 3435 cum
843 3382 877 3434 R.
890 3380 955 3437 Bk.:
975 3351 1042 3446 Ιβου·

76 3453 209 3575 λευεέἐδε..
219 3525 282 3587 post
300 3511 436 3573 ἀπόντων
460 3519 553 3572 addidi
575 3511 655 3586 ὑμῶν
677 3534 738 3572 cum
760 3520 793 3571 R.
817 3546 850 3555 -

874 3601 910 3652 4⁸
