2340 3916
449 225 745 283 ΕΠΙΣΤΟΛΑΙ.
944 274 950 285 .
1018 223 1081 285 209

128 388 197 451 δεῖν
208 390 265 450 καί
273 411 305 451 τι
316 383 400 469 ἡμᾶς
417 384 472 451 καί
489 377 562 451 οἷον
581 385 617 449 ἐν
629 387 815 473 κωμῳδίαις
831 388 905 468 περὶ
916 384 977 453 τόν
987 385 1082 453 Σκύ·

76 495 107 546 10
126 486 277 567 μανδρον
298 483 511 567 ἐργάσασθαι.
545 479 636 566 κάγώ
661 481 724 567 μέν
740 480 821 551 ἀλλο
840 482 940 552 ούδέν
960 481 982 571 ή
1002 483 1079 552 ὅποι

127 581 215 666 λήξει
226 579 246 666 ἡ
259 580 402 666 τοσαύτη
414 577 629 665 ἀναισχυντία
647 583 862 669 προσμένων,
880 591 1011 663 λίθινος
1022 580 1077 651 ὑπ’

127 677 279 757 ἀπιστίας
291 678 474 765 ἐγεγόνειν
496 675 513 744 ὁ
527 679 562 746 δὲ
574 678 668 767 ἐφ’κει
679 682 733 745 καί
744 687 859 767 τρίτην
872 679 1080 761 Ἀπόλλωνός

127 806 184 863 μοι
206 784 294 847 δοκῶ
316 781 370 846 καὶ
381 777 556 847 Διονύσου
577 785 726 864 μοιχείαν
743 779 892 864 ἐπάξειν,
917 781 978 860 ἕως
999 777 1081 849 ίδάν

129 879 191 962 ἐγώ
215 876 315 964 όχλον
337 879 519 964 προσιόντα
540 885 581 965 τῇ
598 876 691 966 θύρη
709 875 819 964 ,τοῦτ’
832 882 962 947 ἐκεῖνοί(
983 885 1079 966 ἔφην,

129 979 421 1064 ,,καταπρήσοντες
431 974 517 1064 ήμάς
529 976 702 1061 πάρεισι,“
724 980 779 1044 καὶ
796 974 836 1043 δι’
848 974 1081 1064 ὀπισθοδόμου

128 1078 218 1156 τινδς
240 1076 367 1155 εύθέως
388 1080 472 1164 πρὸς
495 1081 755 1162 Μελανιππίδην
776 1078 913 1162 φεύγων
935 1078 1079 1164 ᾠχόμην,

129 1182 260 1244 ἐκεῖθεν
271 1181 307 1244 δὲ
319 1180 458 1260 ἑσπέρας
475 1178 527 1244 ἐπὶ
538 1177 720 1245 θάλατταν.
734 1175 802 1245 εἶτα
816 1178 966 1261 πρόσθεν
977 1176 1081 1268 ἀξένφ

128 1278 183 1345 καὶ
203 1275 291 1364 ἀστη
313 1275 424 1366 ἀνέμῳ
442 1275 671 1362 κατήχθημεν,
695 1273 735 1345 δν
751 1280 864 1363 μηδεὶς
881 1274 924 1345 ἀν
940 1277 1040 1357 ἀλλος
1060 1273 1082 1364 ἦ

131 1377 268 1462 φεύγων
278 1375 314 1443 τό
328 1377 515 1462 Κιμώνειον
526 1374 607 1460 ἀγος
619 1372 795 1462 ὑπομείναι
805 1380 924 1444 πλέων.
946 1383 1084 1445 τοιαῦτα
1098 1389 1150 1447 68⁵

128 1477 190 1560 μὲν
202 1475 324 1545 παθόν
336 1482 406 1545 δεῖν
417 1496 470 1543 σοι
479 1475 632 1562 γράφειν,
645 1472 689 1553 ὡς
700 1475 924 1561 σχετλιάσαντι
935 1479 989 1544 καί
1001 1478 1082 1561 ἐμοῦ

128 1584 271 1661 μᾶλλον,
286 1575 394 1666 φ’ίμην·
417 1573 461 1641 σύ
472 1574 508 1642 δέ
519 1570 562 1640 ἀν
572 1578 710 1662 ίκανως,
725 1573 830 1658 οἶμαι,
844 1575 1025 1659 γελάσειας.

579 1725 626 1787 ll.

211 1843 295 1901 THI
312 1841 488 1902 ΒΟΥΛΗΙ
504 1841 593 1901 ΚΑΙ
613 1840 697 1901 Tm
716 1840 883 1901 ΔΗΜΩΙ
904 1839 1002 1900 ΤΩΝ

474 1939 735 2001 ΑΘΗΝΑΙΩΝ.

216 2061 264 2130 Τά
276 2063 337 2148 μὲν
348 2062 431 2131 ἀλλα
444 2068 514 2130 δεῖν
525 2061 604 2150 ὑμῖν
614 2066 825 2147 ἐπιστέλλειν,
839 2067 913 2148 περὶ
926 2057 974 2131 ύν
984 2067 1083 2151 ἐβου-

129 2165 252 2249 λόμην,
277 2162 513 2247 καὶπρότερον
531 2161 659 2252 ω’όμην·
680 2160 721 2230 ού
740 2160 805 2248 γὰρ
830 2159 1029 2251 ἀφηρήσθαί
1045 2191 1083 2250 γε

129 2270 227 2330 τοῦτο
239 2259 447 2348 ἀτυχήσαντα
458 2271 527 2331 τῶν
538 2262 612 2346 παρ’
625 2259 706 2349 ύμῖν
717 2259 971 2350 ὑπελάμβανον·
996 2286 1083 2349 συμ-

70 2398 79 2406 ·
129 2363 306 2449 βουλεύειν
326 2366 435 2430 δὲκαὶ
459 2372 750 2449 πολυπραγμονεῖν
768 2360 810 2429 οὐ
832 2353 952 2448 μικρᾶς
974 2369 1084 2450 ἔμοιγε

129 2460 289 2545 ἀκρασίας
299 2465 398 2545 ἔργον
416 2463 568 2547 ἐφαίνετο
586 2460 685 2546 εἶναι,
710 2460 868 2528 δεδωκότι
883 2462 1083 2549 τηλικαύτην

130 2562 228 2641 δίκην
248 2566 311 2624 τού
332 2559 584 2644 πολιτεύεσθαι,
607 2558 696 2645 πλήν
713 2568 745 2626 εί
758 2586 790 2626 τι
802 2561 870 2627 δέοι
887 2561 1083 2628 καλούντων

100 2675 116 2725 2
132 2653 236 2741 ὑμῶν.
259 2655 367 2735 ἀλλως
378 2657 414 2724 δέ
428 2663 510 2744 μηδὲ
521 2658 621 2747 ῥηίδιά
632 2679 719 2726 τισιν
729 2659 937 2745 ἐπιτηδείων,
961 2657 1021 2745 οὐχ
1033 2658 1084 2727 ότι

130 2756 239 2841 πόλει,
254 2757 497 2843 συμβουλεύειν
514 2754 535 2823 δι’
552 2758 710 2844 προσήκει
729 2753 856 2847 ᾠόμην·
880 2754 1007 2842 ύμῑνδέ
1021 2758 1084 2825 ε’ω’-

131 2880 200 2938 ρων
217 2853 339 2934 ἀλλους
358 2859 413 2923 καὶ
437 2858 545 2942 λέγειν
565 2858 620 2924 καὶ
639 2855 795 2943 πράττειν
818 2860 1025 2944 δυναμένους
1043 2856 1083 2924 τό

129 2955 226 3023 κοινά
236 2982 242 2994 ·
255 2959 433 3024 κατέλιπον
443 2955 509 3043 γάρ
522 2955 584 3025 ούκ
595 2955 736 3042 όλίγους.
760 2959 830 3024 ἐπεὶ
848 2955 884 3024 δέ
902 2960 936 3025 οί
951 2958 1012 3045 μὲν
1028 2984 1083 3025 τε-

128 3061 248 3139 θνᾶσι,
272 3057 387 3124 πολλοὶ
401 3055 436 3125 δέ
448 3053 652 3142 ήτυχήκασιν
664 3053 775 3139 ὥσπερ
787 3053 869 3142 ἐγω,
892 3059 1084 3142 περιέστηκε
1099 3071 1150 3127 686

129 3152 165 3220 δὲ
178 3151 196 3238 ή
208 3152 304 3232 πόλις
315 3160 361 3233 είς
378 3148 516 3242 ἐρημίαν
527 3161 596 3221 τῶν
613 3155 898 3241 πολιτευομένων,
921 3149 1034 3221 ἀκούω
1047 3158 1083 3221 δὲ

127 3249 388 3339 τούςμέναύτοῦ
398 3252 576 3338 παρόντας,
584 3248 664 3331 τούς
675 3253 710 3318 δὲ
722 3254 776 3318 καί
787 3247 827 3319 δι’
835 3254 1020 3320 ἐπιστολῶν
1030 3278 1082 3320 κι-

128 3364 198 3417 νεῖν
214 3376 245 3416 τι
262 3358 330 3417 τῶν
349 3360 407 3436 τῆς
423 3353 551 3430 πόλεως
567 3349 789 3437 πραγμάτων,
813 3351 942 3436 ἕτοιμος
960 3346 1025 3435 ήδη
1041 3348 1081 3416 τά

127 3453 294 3515 δοκοῦντα
310 3455 352 3536 τῇ
369 3450 464 3516 πόλει
482 3452 683 3535 συμφέρειν,
709 3445 753 3526 ὦς
769 3447 877 3535 μόνον
893 3451 999 3528 ἔξεστί
1015 3474 1090 3530 μοι,

168 3543 329 3598 Ausculum.
