2340 3916
132 193 173 264 4'6
484 248 488 258 ,
545 193 673 243 ΙΣΑΙΟΤ
993 192 1045 243 Οτι.
1063 192 1090 246 3.

132 397 231 458 χοντα
256 363 470 436 ἐκινδύνευεν
492 359 534 435 ἆυ
551 362 627 454 περὶ
643 367 704 433 τού
720 362 869 452 σώματος
886 366 942 433 καὶ
958 366 1017 450 τῆς
1033 359 1092 433 ού·

78 487 114 540 63
132 479 206 549 σίας
229 463 356 553 όιπόσης
380 469 437 554 τῆς
462 468 590 536 ἑαυτοῦ.
632 461 702 535 ”En
727 460 761 532 δ’
784 459 826 534 όν
849 463 1009 554 πρότερον
1032 467 1093 534 τού

133 571 333 649 Ξενοκλέους
350 571 385 637 οί
399 570 459 636 τού
475 563 614 655 Πύρρου
632 577 735 652 θελοι,
760 571 791 634 εί
806 562 932 654 ᾔδεσαν
948 572 1092 652 γνησίαν

133 671 303 758 θυγατέρα
325 671 371 760 τῷ
394 669 522 737 ἑαυτῶν
544 661 715 757 ἀδελφιδῷ
736 668 1016 755 καταλειπομένην
1035 667 1091 735 καὶ

134 767 228 861 ἡμοῐν
256 771 383 859 μηδένα
411 765 592 857 λαμβάνειν
623 769 780 836 ἐθέλοντα
808 761 929 855 αύτήν,
958 761 1022 835 ούκ
1050 763 1094 837 ἄν

135 899 214 942 ποτε
227 873 408 958 ἐπέτρεψαν
418 868 592 954 Ξενοκλέα,
610 862 668 936 τόν
680 865 874 956 μηδαμόθεν
884 862 1044 956 μηδὲν
1001 892 1091 953 γενει

134 969 343 1062 προσηκοντα
359 965 502 1088 Πύρρῳ,
526 964 670 1054 λαβόντα
696 974 784 1056 ἔχειν
806 995 867 1054 την
890 963 975 1037 κατὰ
994 968 1093 1054 γένος

134 1069 366 1192 προσηκουσαν
389 1062 502 1148 αύτοῑς
524 1083 676 1156 νυναικα.
719 1061 936 1155 ἢδεινόνηί
960 1095 1003 1137 αν
1028 1077 1091 1154 είη.

82 1183 117 1235 64
133 1168 191 1252 τός
208 1164 313 1260 μὲν’
292 1166 359 1239 υπδ
375 1196 443 1239 των
460 1172 611 1260 πατέρων
629 1169 826 1248 ἐκδοθείσας
844 1170 900 1238 καὶ
917 1165 1092 1238 συνοικού-

133 1293 193 1351 σας
215 1266 355 1360 ἀνδράσι
377 1285 538 1357 γυναῖκας
556 1258 698 1360 (περὶ
670 1297 718 1339 ων
740 1276 789 1349 τίς
811 1263 853 1340 ι’ὶν
875 1297 1013 1357 αμεινον
1034 1261 1092 1356 ηδ

133 1398 239 1461 πατηρ
263 1368 510 1459 βουλεύσαιτο;)
534 1367 648 1440 καλ
612 1398 670 1493 τρις
692 1365 779 1440 ούτυ
804 1363 1027 1491 δρθείσας,“
1005 1398 1051 1440 αν
1072 1363 1092 1437 ὁ

133 1469 240 1561 πατὴρ
264 1467 375 1541 νότιόν
397 1469 576 1561 τελευτήσῃ
599 1469 643 1559 μὴ
668 1467 857 1541 καταλιπόν
879 1466 994 1550 αύταῑς
1011 1497 1092 1558 μνη·

134 1580 226 1694 σίφυς
241 1568 432 1670 αδελφούς,
459 1588 529 1652 τοῖς
553 1570 713 1660 ἐγγύτατα
740 1573 857 1659 γένους
882 1563 1092 1652 ίαιδίιιουςό

133 1671 233 1762 νόμος
257 1673 343 1744 εἶναι
372 1671 517 1760 κελεύει,
547 1674 602 1742 καὶ
625 1673 740 1742 πολλοὶ
769 1674 1002 1800 συνοικρύντες
1026 1667 1092 1758 ηδη

84 1783 117 1836 65
134 1769 322 1890 όφηρηνται
345 1770 402 1854 τοὶς
426 1801 553 1844 εαντων
570 1789 740 1860 γυναῖκας.
773 1770 843 1841 εἶτα
865 1769 923 1852 τὰς
946 1765 1047 1860 μὲν
1025 1767 1093 1841 υπδ

134 1877 203 1943 τοῖν
220 1877 371 1965 πατέρων
396 1877 588 1954 ἐκδοθείσας
612 1869 667 1943 διόι
688 1870 746 1943 τόν
768 1870 872 1960 νόμον
895 1867 1092 1960 ἐξάνάγκης

137 1976 305 2055 ἐπιδίκους
329 1974 415 2044 εἶναι
429 1968 610 2062 προσήκει·
641 1981 800 2051 Ξενοκλεῖ
822 1973 860 2042 δὲ
881 1969 924 2043 ἄν
945 2000 995 2053 τις
1018 1967 1091 2042 τόδ’

136 2076 294 2161 ἐπέτρεψε
311 2075 378 2143 τεόν
399 2077 459 2143 τού
475 2073 615 2164 Πύρρου
639 2082 760 2160 θείων,
785 2080 815 2143 εί
830 2063 873 2161 ἦν
889 2080 1012 2160 γνησία
1028 2085 1092 2145 θυ-

134 2170 238 2262 νύτηρ
256 2176 371 2265 ἐκείνῳ
383 2177 657 2294 καταλειπρμένη,
676 2172 819 2261 λαβόντα
838 2169 997 2262 ἔχειντὴν
1009 2169 1093 2245 κατόι

135 2275 230 2360 γένος
258 2272 490 2362 προσηκουσαν
517 2269 631 2355 αὑτοῖς
657 2291 816 2361 γυναῖκα,
847 2276 901 2344 καὶ
930 2273 1093 2362 τοσαύτης

134 2369 250 2454 ούσίας
260 2378 384 2445 τούτου
401 2377 600 2462 καταστῆναι
623 2374 827 2465 κληρονόμον
844 2371 924 2446 ἄνθ’
945 2402 1093 2460 εαυταν;

85 2481 118 2533 66
136 2502 180 2563 μη
169 2472 352 2564 νομίσητε
366 2469 481 2565 υμεῑς,
500 2503 525 2543 ω
514 2464 678 2565 ἄνδρες
704 2471 865 2556 ουδεὶς
825 2504 888 2566 γαρ
899 2471 1095 2599 όνθραξποτν

136 2593 226 2663 μισεῖ
241 2571 278 2645 τό
295 2578 506 2664 λυσιτελοῦν,
529 2572 610 2646 ούδε
634 2579 709 2698 περὶ
731 2584 883 2657 πλείονος
900 2573 979 2658 τούς
996 2572 1094 2649 αλλο-
1129 2598 1132 2603 “

136 2687 248 2795 τρίους
266 2678 390 2746 εαυτού
405 2692 553 2747 ποιεῖται.
588 2666 709 2747 ἐὰν
667 2705 730 2747 ουν
751 2684 1020 2766 προφασίζονται
1038 2674 1095 2748 δια

136 2802 198 2861 την
213 2779 275 2845 τού
293 2771 423 2846 Ἐνδίου
446 2783 579 2863 ποίησιν
600 2806 648 2896 μη
670 2777 872 2848 ἐπίδικον
841 2806 926 2848 ειναι
948 2775 1011 2866 τὴν
1035 2808 1094 2868 μν-

136 2890 253 2962 ναικα,
272 2878 327 2945 καί
346 2873 401 2945 διόι
417 2879 521 2947 ταῦτα
537 2873 703 2997 μηροῖσιν
713 2873 958 2967 ἆμφισβητησαι
975 2874 1094 3002 αύτης,

136 2977 267 3092 πρρότον
290 2976 351 3065 μὲν
377 2979 486 3046 ἐκεῖνα
509 2971 630 3059 αύτούς
654 2980 788 3068 ἐρέσθαι
810 2977 949 3097 χρη,εί
976 2975 1095 3069 όμολο

135 3079 272 3160 νούντες
288 3073 349 3163 τὴν
365 3103 425 3145 του
413 3072 568 3148 Ἐνδίου
584 3087 718 3166 ποίησιν
734 3073 799 3148 ύπδ
810 3106 869 3148 του
858 3078 1023 3170 Πύρρου
1041 3109 1095 3170 με·

135 3176 254 3245 νίσθαι
273 3178 508 3268 ἐπεσκημμένοι
527 3181 590 3247 είσλ
606 3195 675 3259 τοῖς
691 3177 954 3269 μεμαρτυρηκόσι
975 3211 1094 3271 ταυτα,

85 3290 118 3341 67
136 3273 206 3344 εἶτα
228 3275 450 3364 παρελθόντες
474 3275 531 3349 τόν
552 3288 741 3350 τελευταῖον
763 3284 822 3349 τού
846 3291 939 3352 οίκου
956 3310 1094 3373 νενενη

134 3377 235 3461 μόνον
253 3375 455 3467 κληρονόμον
472 3383 533 3449 τού
548 3376 688 3470 Πύρρου
704 3378 828 3470 κλήρου
844 3378 906 3469 τὴν
922 3387 1020 3470 λῆξιν
1035 3395 1095 3455 λα-

134 3490 206 3562 χεῖν
223 3471 369 3563 ἠξίωσαν
386 3477 474 3570 παρὰ
490 3476 548 3549 τόν
557 3477 669 3570 νόμον.
697 3477 777 3569 πρός
796 3482 833 3550 δὲ
844 3480 973 3566 τούτοις
984 3489 1093 3558 ἐκεῖνο
