2340 3916
147 184 190 248 52
525 181 740 234 Δοταεωτοω

147 344 318 433 τιμήσεως,
337 338 378 411 δν
397 351 466 412 ίστε
484 339 629 431 ἀκριβῶς
647 338 698 410 ὅτι
718 346 854 422 δικαίως
868 336 911 409 άν
925 343 980 410 καὶ
999 344 1035 411 ἐκ
1054 347 1119 411 τοῦ

150 450 252 520 άλλου
272 456 350 538 βίου
372 450 428 518 καὶ
448 451 484 518 ἐκ
506 451 574 517 τῶν
596 451 663 516 νῦν
681 443 772 540 αὐτῷ
796 449 1039 537 πεπραγμένων
1057 453 1119 537 τῆς

99 571 131 621 12
150 557 287 646 ἐσχάτης
304 555 399 644 τύχοι
417 561 589 645 τιμωρίας,
613 551 676 624 οὐκ
691 551 940 644 Ἀριστογείτων
964 557 1069 643 ἐστίν,
1090 548 1119 625 ὦ

146 662 336 752 Ἀθηναῖοι,
365 658 383 731 ὁ
411 660 494 731 κατά
522 664 580 749 τῆς
613 665 734 751 ἱερείας
761 665 819 749 τῆς
843 658 1030 750 Ἀρτέμιδος
1056 667 1121 751 τῆς

149 776 370 861 Βραυρωνίας
393 770 534 838 καὶτῶν
552 772 686 837 οίκείων
709 764 811 855 αὐτῆς
829 770 967 837 τοιαῦτα
986 769 1120 858 γράψας

55 876 60 885 ’
150 879 206 947 καλ
233 876 457 964 ψευσάμενος,
486 871 572 943 ὥσθ’
598 870 698 963 ὑμᾶς,
727 873 840 962 ἐπειδὴ
863 873 925 963 τὴν
953 871 1120 964 άλήθειαν

150 983 321 1054 ἐπύθεσθε
340 980 430 1071 παρά
449 984 517 1050 τῶν
535 981 746 1070 κατηγόρων,
764 983 861 1050 πέντε
879 981 1051 1051 ταλάντων
1069 1011 1119 1051 τι-

84 1124 96 1129 ··
150 1094 253 1179 μῆσαι
279 1089 402 1179 τούτφ,
432 1085 576 1178 ὅσονπερ
604 1079 648 1175 ἦν
671 1090 724 1157 ἐπὶ
747 1090 788 1177 τῇ
815 1091 884 1156 τάν
911 1088 1120 1183 παρανόμων

151 1199 265 1287 γραφῇ
282 1200 406 1283 τίμημα
425 1197 722 1285 έπιγεγραμμένον;
742 1192 803 1283 οὐχ
823 1187 920 1276 οὗτος
933 1196 1013 1285 πρὶν
1032 1198 1120 1264 ἐκτῖ-

152 1324 208 1371 σαι
226 1304 341 1387 τοῦτο,
360 1304 584 1390 συκοφαντῶν
602 1300 663 1371 τὸν
681 1301 928 1389 ἐντυγχάνοντα
947 1297 1044 1390 ὑμῶν
1062 1306 1120 1372 καὶ

151 1410 258 1494 λέγων
277 1409 332 1477 καλ
351 1408 493 1498 γράφων
512 1411 548 1477 έν
566 1411 611 1499 τῷ
631 1408 726 1500 δήμφ
747 1409 961 1495 διατετέλεκε,
985 1410 1041 1477 καλ
1060 1438 1120 1478 κα-

151 1517 333 1605 ταφρονῶν
356 1510 496 1584 ἁπασῶν
518 1518 587 1583 τάν
609 1517 776 1604 τιμωριῶν
795 1521 833 1582 αἳ
852 1513 936 1584 κατά
953 1518 1021 1584 τῶν
1045 1504 1121 1586 άδι-

103 1633 134 1682 13
152 1622 305 1691 κούντων
333 1624 369 1690 ἐν
396 1637 466 1703 τοῖς
497 1621 614 1709 νόμοις
646 1622 710 1690 είσλ
738 1625 977 1711 γεγραμμέναι;
1012 1619 1053 1691 οὐ
1081 1621 1120 1693 τὸ

151 1737 343 1798 τελευταῖον
376 1719 473 1809 οὗτος
506 1729 689 1816 ἐνδειχθεὶς
720 1724 786 1797 ὑπὸ
815 1729 1034 1817 Λυκούργου,
1063 1732 1121 1798 καλ

153 1837 355 1924 ἐξελεγχθεὶς
382 1832 529 1923 ὀφείλων
560 1837 606 1927 τῷ
635 1839 784 1927 δημοσίῳ
817 1837 926 1922 λέγειν
954 1832 1016 1905 οὐκ
1044 1835 1122 1917 ἐξὸν

153 1940 255 2033 αὐτῷ,
273 1943 329 2011 καὶ
347 1943 553 2031 παραδοθεὶς
569 1955 640 2022 τοῖς
654 1943 772 2011 ἕνδεκα
789 1940 873 2011 κατὰ
886 1940 966 2024 τοὺς
983 1942 1123 2029 νόμους,

153 2050 344 2138 περιπατῶν
372 2054 563 2137 ἔμπροσθεν
590 2050 659 2116 τῶν
692 2053 915 2138 δικαστηρίων
939 2103 1035 2117 .....
1064 2052 1122 2118 καλ

154 2159 201 2234 είς
218 2152 281 2241 τὴν
300 2159 483 2242 προεδρίαν
500 2155 569 2221 τῶν
586 2154 784 2242 πρυτάνεων
802 2155 967 2238 ἐκάθιζεν;

105 2269 138 2316 14
234 2255 307 2327 Εἶτ’
329 2251 355 2328 ὦ
375 2257 495 2349 άνδρες
511 2257 699 2349 Ἀθηναῖοι,
723 2256 765 2329 δν
784 2265 819 2330 οί
839 2261 937 2350 νόμοι
960 2260 1022 2349 μὲν
1040 2272 1122 2331 πολ-

154 2365 248 2447 λάκις
271 2361 353 2453 ὑμῖν
375 2365 632 2457 παραδεδώκασι
650 2367 920 2457 τιμωρήσασθαι,
939 2382 1123 2456 κατεψηφι-

155 2474 279 2561 σμένον
302 2470 369 2563 (δ’)
390 2468 457 2542 δπδ
480 2476 548 2542 τῶν
570 2476 716 2542 πολιτῶν
740 2475 795 2542 καὶ
815 2476 957 2543 δεθέντα
976 2475 1124 2562 φυλάξαι

271 2677 283 2713 ιι

155 2697 208 2746 τυχ
210 2681 291 2797 ηλὲ.
295 2745 560 2812 ΒραυρωνίαςΜλιλ.
573 2748 609 2797 R:
629 2745 867 2814 βαυβρωνίαςΝῑῐι
880 2746 1008 2833 (βραυβρ.
1027 2748 1052 2799 N
1066 2765 1123 2800 see.

155 2813 218 2876 Th.)
244 2815 290 2863 ΑΖ
315 2818 344 2865 et
369 2828 438 2868 corr
456 2816 493 2878 Β,
522 2813 684 2880 βαβρωνίας
706 2818 729 2868 Β
751 2832 804 2897 μα,
830 2814 1070 2882 βαμβρωνίαςΜ.

155 2880 265 2946 τίμημα
284 2886 350 2932 ante
368 2880 488 2958 τιμῆσαι
507 2882 568 2932 αδδ.
588 2885 611 2933 Α
628 2900 720 2949 pr
749 2877 840 2953 τοάτφ
857 2884 882 2934 N
901 2888 1007 2934 etcum
1025 2883 1124 2965 Steph,

156 2951 249 2999 Turn:
268 2946 429 3000 τοῦτον-
451 2939 503 3016 οὐχ
522 2966 607 3010 ουτος
625 2967 686 3002 cum
705 2950 794 3002 Schm.
815 2935 843 3000 At
860 2952 944 3003 Dobr.
954 2952 1018 3003 Mn:
1038 2939 1124 3003 δου-

155 3031 212 3076 τος.
249 3015 354 3067 Οοαλτα
371 3016 423 3068 Bk.
443 3017 562 3070 secludit
578 3018 672 3073 τοῦτο.

225 3103 265 3151 13.
289 3103 356 3152 Post
374 3100 486 3154 δικαστ.
499 3103 532 3153 Β.
544 3102 718 3154 intercidisse
736 3107 817 3168 putat
825 3093 925 3183 ὤφθη
937 3094 1016 3156 vel‘
1001 3120 1122 3185 εωρατρ,

156 3195 190 3206 -
182 3167 381 3247 uuqosffqslav
398 3173 424 3223 N
436 3175 512 3257 etpr
522 3170 554 3220 A.
565 3197 597 3207 —
616 3168 777 3237 τῶνποστ]
799 3163 853 3237 τὴν
867 3187 914 3237 πρ.
928 3173 968 3234 N;
987 3187 1051 3222 num
1069 3167 1125 3238 τὴν

157 3234 271 3302 τῶνκρ
273 3239 349 3287 .-—?
367 3230 612 3304 §ynammmmal
632 3239 665 3288 Β.

226 3307 267 3356 14.
292 3314 439 3372 κατεψηφ.
457 3237 527 3370 κτέ]
552 3304 614 3355 dedi
640 3304 728 3356 locum
751 3322 784 3357 ex
808 3307 879 3358 coni.
905 3307 945 3371 8.,
973 3307 1028 3357 αἰεί
1052 3308 1125 3372 quod

158 3367 286 3424 δεθέντα
289 3389 353 3452 pro
371 3389 404 3423 εο
422 3373 493 3437 quod
511 3371 560 3422 ille
580 3374 723 3452 proposuit
741 3363 914 3456 άπαγθέντα
932 3344 1041 3440 έοτὶροί.
1067 3376 1127 3426 Κα-

157 3447 221 3505 τεψ.
240 3434 339 3493 δπδτ.
358 3456 389 3490 π.
409 3437 602 3560 διδαρθέντες
620 3432 796 3505 φολάξαιδ
817 3432 886 3495 ουθ’
906 3434 963 3497 κτέ.
985 3442 1125 3504 ΝΑΒΖΜ;

157 3523 183 3557 v.
204 3524 253 3573 pro
272 3506 331 3559 διδ.
352 3508 469 3573 praebet
502 3504 682 3575 νδειχθέντα
700 3504 868 3577 (εἱρχθέντα
885 3509 987 3577 Emp..)
1016 3512 1064 3561 Fr
1085 3511 1127 3562 ita
