2340 3916
162 119 204 180 76
319 128 322 135 ·
573 109 702 161 ΙΣΑΙΟΤ
1027 111 1078 162 03.
1096 110 1123 164 6.

160 279 242 373 ὑμῖν
259 285 363 352 ταῦτα
388 278 720 402 μεμαρτυρηκότας
729 276 784 350 ὅτε
800 277 864 370 γάρ
882 285 919 349 αί
933 277 1125 372 ἀνακρίσεις

72 378 74 383 ’
160 374 248 472 ήσαν
265 380 346 474 πρός
372 386 419 475 τῷ
444 380 578 473 άρχοντι
603 370 720 451 καί
677 407 770 451 ουτοι
787 378 1103 471 παρακατέβαλον”
1078 411 1124 465 ως

161 480 250 606 ὑπὲρ
272 450 420 607 γυησίων
444 479 547 553 τάνδ’
574 477 821 605 Εὐκτήμονος”
802 509 926 570 οντων,
955 481 1124 605 ἐρωτάμε·

160 614 213 655 νοι
230 580 292 673 ὐφ’
310 579 406 673 ήμοῖν
422 591 472 664 τίς
492 593 543 671 εἴη
560 578 673 652 αὐτοῖν
683 580 790 673 μήτηρ
800 578 893 651 καὶ“
873 610 952 653 οτου
969 581 1125 703 θυγάτηρ

159 682 223 756 οὐκ
241 685 271 754 ε
270 714 330 775 χον
346 680 528 771 ἀποδείξαι,
548 678 897 773 διαμαρτυρομένων’
877 687 972 806 ημάν
989 686 1046 753 καὶ
1063 687 1125 754 τοῦ

160 783 316 877 ἄρχοντος
342 783 535 863 κελεύοντος
561 779 805 872 ἀποκρίνασθαι
828 781 911 853 κατά
926 781 986 855 τόν
1009 784 1122 874 νόμον.

160 883 305 956 aalma*
284 911 423 972 ατοπον,
451 912 477 953 ω
464 873 631 975 άνδρες,
657 880 936 973 άμφισβητεῖνὲ
895 914 919 974 μ
936 915 957 955 ν
975 880 1020 965 σός
1021 881 1124 1010 ὑπὲρ

31 1012 33 1019 ⁴
159 993 308 1074 γνησίων
331 987 386 1054 καὶ
410 990 663 1076 διαμαρτυρεῖν,
688 988 811 1107 μητέρα
836 981 919 1054 δὲ”
896 1014 917 1073 η
939 1013 988 1067 τις
1010 975 1055 1073 ήν
1077 984 1123 1075 μή

161 1093 249 1175 ἔχειν
274 1081 462 1174 άποδεῖξαι,
496 1087 581 1175 μηδὲ
609 1083 816 1176 προσήκοντα
841 1082 954 1207 αὐτοῖς
984 1087 1122 1209 μηδίνρι.

111 1199 143 1252 13
160 1183 243 1255 άλλά
260 1185 333 1256 τότε
351 1187 413 1275 μὲν
424 1194 579 1275 Λημνίαν
591 1185 794 1275 σκηψάμενοι
811 1185 936 1274 ταύτην
953 1182 1124 1275 άυαβολήν

162 1285 372 1375 ἐποιήσαντο·
400 1285 437 1356 τό
465 1283 496 1355 δ’
524 1284 665 1378 ὕστερον
691 1283 826 1374 ἥκοντες
845 1293 892 1367 είς
908 1283 970 1375 τήν
987 1283 1123 1377 άνάκρι·

161 1409 231 1476 σιν,
259 1389 339 1477 πρίν
366 1395 424 1457 καί
437 1416 512 1458 τινα
530 1391 680 1477 ἐρέσθαι,
708 1383 812 1468 εὐθύς
831 1393 944 1476 ἔλεγον
964 1384 1015 1457 ότι
1034 1397 1123 1458 Καλ-

161 1495 265 1576 λίππη
282 1486 405 1577 μήτηρ,
432 1485 516 1576 αὕτη
536 1485 568 1557 δ’
597 1498 647 1575 είη
664 1490 866 1571 Πιστοξίνου
882 1486 1053 1578 θυγάτηρ,
1078 1484 1124 1570 εδς

162 1590 335 1679 ἐξαρκέσον
362 1596 394 1658 εί
417 1585 522 1677 όνομα
546 1585 649 1677 μόνον
674 1595 865 1678 πορίσαιντο
889 1585 948 1659 τόν
965 1587 1123 1672 Πιστόξε·

74 1702 78 1707 ’
159 1717 227 1759 νον.
266 1691 431 1780 ἐρομένων
450 1685 481 1758 δ’
510 1683 603 1778 ήμεόν
620 1684 708 1769 ὅστις
727 1699 779 1776 εἴη
795 1691 851 1759 καί
870 1696 900 1758 εί
916 1693 956 1778 ζή
971 1684 993 1776 6
1009 1687 1067 1778 μή,
1086 1693 1124 1761 ἐν

159 1797 298 1881 Σικελίᾳ
324 1795 452 1877 ἔφασαν
477 1785 663 1860 ἀποθανεῖν
688 1787 964 1879 στρατευόμενον,
991 1800 1124 1860 καταλι-

160 1888 265 1958 πόντα
281 1888 407 1977 ταύτην
422 1893 593 1980 θυγατέρα
610 1887 742 1982 παρά
709 1893 757 1959 τά
773 1886 979 2008 Εὐκτήμονι,
999 1893 1032 1973 ἐξ
1055 1895 1125 1961 ἑπι-

159 1991 448 2078 τροπενομίνηςδ
428 1989 594 2082 δετούτρτ
617 1993 793 2078 γενέσθαι,
812 1994 946 2081 πρᾶγμα
962 1990 1123 2062 πλάττον-

159 2115 213 2169 τες
238 2085 392 2180 άναιδείᾳ
417 2061 633 2212 ὑπερβάλλον
646 2092 702 2159 καλ
718 2086 795 2160 οὐδ’
816 2088 1125 2180 ίγγενόμενον,ως

160 2184 262 2275 ἐγεδ
242 2207 324 2278 υμῖν
340 2186 503 2279 άποφανω
491 2192 557 2260 ἐκ
573 2189 702 2260 τούτοιν
715 2216 847 2281 πρωτον
864 2181 913 2261 τόν
931 2187 1064 2263 αὐτολ’
1043 2218 1123 2263 απε-

109 2306 142 2357 14
159 2297 325 2379 κρίναντο.
360 2293 402 2379 τῇ
427 2288 552 2379 μὲν
513 2319 575 2380 γαρ
602 2294 753 2382 στρατιᾷ,
779 2288 839 2381 ὐφ’
858 2281 901 2362 06
927 2295 1125 2375 ἐξέπλευσεν

162 2397 208 2470 είς
225 2396 402 2479 Σικελίαν,
421 2388 484 2479 ήδη
504 2393 571 2461 ἐστὶ
590 2390 651 2461 δύο
669 2394 724 2461 καί
741 2391 945 2480 πεντήκοντα
963 2389 1077 2514 ἔτη,’
1057 2389 1123 2462 αττδ

158 2486 374 2612 Ἀριμνήστου
400 2488 573 2582 άρχοντος,
605 2521 651 2585 τρι
679 2494 716 2561 δε
741 2496 953 2584 πρεσβυτέρῳ
978 2491 1122 2582 τούτων,

161 2580 209 2660 οόν
243 2613 347 2682 φασιν
380 2595 415 2662 ἐκ
440 2596 498 2681 τής
523 2561 717 2680 Καλλίππης
743 2595 798 2662 καὶ
824 2597 884 2664 τοῦ
910 2590 1125 2681 Εὐκτήμονος

161 2689 333 2813 είυριι,”
290 2719 384 2761 ουπω
401 2687 488 2782 ὑπὲρ
515 2703 638 2763 είκοσιν
656 2700 720 2781 ἔτη.
757 2690 913 2782 άφελόντι
938 2683 1001 2763 οὐν
1016 2697 1125 2763 ταῦτα

159 2786 224 2861 άπδ
249 2794 316 2860 τῶν
335 2794 371 2861 ἐν
388 2802 527 2884 Σικελίᾳ
552 2786 764 2863 ὑπολείπεται
786 2789 928 2863 πλείω”
906 2823 928 2882 η
945 2790 1125 2882 τριάκοντα

160 2897 231 2979 ἔτη·
260 2888 339 2961 ὥστ’
366 2888 440 2962 οὐτ’
469 2891 744 2984 ἐπιτροπεύεσθαι
770 2897 915 2985 προσήκε
945 2892 1007 2982 τήν
1033 2903 1124 2964 Καλ-

159 2999 286 3080 λίππην
304 2999 373 3081 ἔτι,
385 2998 635 3081 τριακοντούτίν
650 3022 689 3083 γε
707 2985 828 3083 οὖσαν,
846 2992 924 3065 οὐτε
941 2990 1126 3065 ἀνέκδοτον

159 3094 215 3161 καὶ
241 3090 364 3162 άπαιδα
391 3093 492 3184 εἶναι,
524 3091 607 3165 άλλά
638 3093 728 3165 πάνυ
753 3094 855 3165 πάλαι
885 3111 1073 3184 συνοικεῖν,
1100 3089 1124 3183 6

109 3210 141 3262 15
160 3196 387 3282 ἐγγυηθεῖσαν
409 3193 491 3266 κατά
516 3195 620 3285 νόμον
644 3189 666 3283 6
690 3199 971 3267 ἐπιδικασθεῑσαν.
1017 3203 1065 3266 ἔτι
1084 3197 1124 3265 δὲ

159 3297 214 3363 καλ
247 3294 493 3381 γιγνώσκεσθαι
520 3291 625 3383 αὐτήν
650 3290 716 3365 ὖπό
741 3298 809 3367 τοῖν
834 3293 1047 3386 Εὐκτήμονος
1072 3303 1122 3366 οί-

158 3402 260 3466 κείων
277 3391 457 3484 άναγκαῖον
474 3386 517 3485 ήν
534 3399 589 3466 καὶ
607 3391 673 3466 ὑπό
688 3400 757 3467 τάν
773 3400 929 3487 οἰκετῶν,
956 3407 989 3469 εί
1003 3400 1066 3490 κίρ
1081 3423 1124 3486 γε
