2340 3916
180 174 200 238 8
559 172 772 224 ΔΕΙΝΑΡΧΟΤ

180 335 302 401 τοῦτον
320 328 515 421 ἀνδρωπον,
530 328 566 413 δς
584 329 667 420 πρὸς
681 331 804 419 ἑτέροις
821 339 957 412 πολλοῖς
970 333 1026 400 καὶ
1044 334 1145 419 μεγά·

180 448 251 520 λοις
273 434 483 529 ἁμαρτήμασι
507 440 563 507 καὶ
590 435 652 525 τὴν
677 444 836 524 Θηβαίων
857 436 956 507 πόλιν
978 444 1145 528 περιεῖδεν

180 542 368 614 ἀνάστατον
390 547 591 632 γενομένην,
610 543 784 633 τριακόσια
802 543 945 612 τάλαντα
964 543 1078 632 λαβὼν
1097 551 1145 626 είς

179 649 241 738 τὴν
264 654 401 720 ἐκείνων
425 657 594 741 σωτηρίαν
616 648 705 740 παρὰ
727 653 789 719 τοῦ
807 653 949 740 Περσῶν
972 653 1144 739 βασιλέως,

179 761 235 827 καὶ
251 755 421 847 Ἀρκάδων
439 754 591 845 ἡκόντων
609 762 655 838 είς
672 753 808 845 Ἰσθμὸν
821 759 877 825 καὶ
895 755 957 845 τὴν
975 757 1036 844 μὲν
1055 756 1146 847 παρὰ

149 910 155 955 ,³
177 862 394 953 Ἀντιπάτρου
407 869 588 954 πρεσβείαν
603 861 772 953 ἄπρακτον
786 861 1063 950 ἀποστειλάντων,
1081 863 1146 951 τὴν

180 970 326 1058 δὲπαρά
347 976 505 1057 Θηβαίων
528 972 596 1039 τῶν
614 969 833 1059 ταλαιπώρων
856 971 1145 1059 προσδεξαμένων,

147 1064 153 1099 ³
180 1084 215 1146 οἳ
230 1075 312 1146 κατὰ
330 1076 501 1146 θάλατταν
520 1076 613 1163 μόλις
627 1073 789 1163 ἀφίκοντο
804 1075 888 1164 πρὸς
902 1078 1062 1162 ἐκείνους,
1078 1081 1145 1145 ίκε·

147 1184 152 1223 ³
178 1190 297 1272 τηρίαν
325 1189 456 1270 ἔχοντες
487 1184 543 1251 καὶ
575 1181 734 1270 κηρύκεια
765 1184 1070 1270 [συμπεπλεγμένα,
1099 1179 1145 1264 ὡς

21 1282 24 1287 ’
132 1315 161 1387 ¹19
180 1296 320 1376 ἔφασαν,
340 1291 461 1357 ἐκτῶν
479 1291 643 1376 δαλλῶν],
662 1290 815 1377 ἐροῦντες
833 1303 902 1370 τοῖς
918 1285 1072 1378 Ἀρκάσιν
1092 1288 1144 1359 ὅτι

180 1393 221 1463 οὐ
239 1393 301 1482 τὴν
318 1393 401 1484 πρὸς
419 1393 669 1482 τοὺςἝλληνας
688 1401 807 1482 φιλίαν
827 1402 969 1483 Θηβαῖοι
987 1398 1146 1464 διαλῦσαι

129 1528 133 1547 ³
179 1501 379 1588 βουλόμενοι
397 1516 467 1584 τοῖς
484 1501 677 1591 πράγμασιν
691 1503 930 1588 ἐπανέστησαν,
949 1499 1024 1570 οὐδ’
1046 1505 1144 1570 ἐναν·

178 1615 251 1676 τίον
273 1610 343 1677 τῶν
363 1604 530 1696 Ἑλλήνων
553 1605 655 1677 οὐδὲν
678 1607 872 1697 πράξοντες,
896 1605 979 1677 ἀλλά
1002 1607 1042 1676 τὰ
1060 1607 1140 1699 παρ’

142 1774 145 1805 :
179 1711 293 1796 αὐτοῖς
320 1711 386 1784 ὑπὸ
409 1718 477 1783 τῶν
500 1713 712 1783 Μακεδόνων
735 1716 772 1782 ἐν
794 1717 834 1802 τῇ
861 1714 955 1784 πόλει
982 1715 1144 1802 γινόμενα

178 1824 294 1911 φέρειν
313 1818 424 1890 οὐκέτι
443 1821 641 1909 δυνάμενοι,
660 1817 741 1890 οὐδὲ
760 1820 822 1909 την
841 1825 999 1890 δουλείαν
1017 1817 1142 1909 ὑπομέ-

178 1956 265 2015 νειν,
284 1924 365 2016 οὐδὲ
383 1925 441 2009 τὰς
459 1924 573 2017 ὕβρεις
592 1923 676 2017 δρᾶν
694 1925 753 2009 τάς
771 1932 819 2009 είς
836 1925 877 1996 τὰ
896 1928 1058 2017 ἐλεύθερα
1078 1928 1142 1996 σοι’-

125 2030 160 2119 ηη
178 2061 264 2120 ματα
295 2036 485 2122 γινομένας,
521 2074 566 2083 -
599 2028 649 2114 οἷς
681 2035 822 2121 ἑτοίμων
854 2037 1044 2122 γενομένων
1074 2039 1144 2103 τῶν

42 2214 46 2221 ⁶
117 2172 122 2203 :
176 2137 345 2229 Ἀρκάδων
368 2147 525 2228 βοηθεῖν,
548 2142 604 2208 καὶ
623 2140 831 2227 ἐλεησάντων
849 2141 886 2208 ἐν
906 2134 964 2222 οἷς
978 2132 1065 2229 ἦσαν
1083 2170 1142 2210 κα-

111 2292 116 2305 ι
177 2261 263 2333 κοῖς,
286 2248 342 2315 καὶ
366 2244 516 2336 φανερὸν
539 2246 753 2333 ποιησάντων
777 2243 826 2316 ὅτι
843 2262 914 2328 τοῖς
932 2247 994 2335 μὲν
1013 2248 1144 2336 σώμασι

106 2420 109 2425 ,
177 2351 257 2439 μετὰ
273 2350 492 2442 Ἀλεξάνδρου
507 2350 564 2421 διά
576 2350 656 2434 τοὺς
669 2351 807 2442 καιροὺς
821 2349 1025 2423 ἀκολουθεῖν
1039 2351 1142 2442 ἠναγ-

115 2492 117 2497 ·
177 2460 326 2546 κάζοντο,
345 2473 416 2539 ταῖς
435 2455 467 2527 δ’
489 2455 636 2540 εὐνοίαις
655 2457 735 2546 μετδι
751 2466 911 2547 Θηβαίων
929 2461 1056 2549 καὶτῆς
1073 2464 1143 2529 τῶν

174 2561 340 2654 Ἑλλήνων
354 2567 547 2655 ἐλευθερίας
559 2556 657 2654 ἦσαν,
675 2567 806 2635 καὶτοῦ
826 2570 1012 2656 στρατηγοῦ
1031 2565 1144 2636 αὐτῶν

9 2718 12 2723 -
88 2664 115 2759 ’,ε
174 2669 335 2741 Ἀστύλου
359 2667 466 2740 ὠνίου
485 2670 597 2759 ὄντος,
622 2670 732 2762 ὥσπερ
756 2675 812 2742 καὶ
830 2677 1042 2764 Στρατοκλῆς
1060 2672 1143 2761 εἷπε,

101 2764 109 2887 3⁵
177 2779 232 2845 καὶ
253 2780 332 2846 δέκα
355 2763 500 2846 τάλαντα
523 2782 699 2861 αἰτοῦντος
718 2777 801 2848 ὥστε
824 2777 963 2867 ἀγαγεῖν
981 2778 1043 2867 την
1061 2781 1141 2868 βοη-

177 2974 318 3049 κηράκεια
335 2984 359 3034 N
377 2984 442 3038 Mn:
460 2977 643 3051 κηρύκια-
666 3002 711 3040 vv.
730 2987 920 3051 συμπεπλ-
942 2984 1062 3038 θαλλῶν
1081 3003 1141 3037 eum

178 3051 205 3104 S.
225 3050 287 3116 (Ep
307 3067 343 3103 cr.
361 3068 388 3118 p.
409 3053 468 3114 132)
489 3052 542 3106 del.
560 3054 611 3103 Mr

246 3138 286 3190 19.
297 3151 386 3215 τους
409 3143 474 3188 ante
490 3123 565 3217 ἰξὶλλ.
584 3137 646 3188 εδδ.
663 3137 713 3189 ΝΑ
730 3137 834 3188 Bk.-
801 3129 925 3217 -παρ’
950 3129 1051 3197 αὐτοῖς
1074 3139 1140 3189 Bk.:

176 3194 250 3268 παρ’
268 3193 430 3284 αὖτοῖς.-
453 3198 593 3286 γινόμενα
609 3205 661 3255 ΖΜ
678 3205 744 3256 Bk:
768 3197 976 3272 γενόμενα.-
998 3198 1073 3271 δρᾶν
1091 3201 1142 3265 τὰς

176 3269 242 3320 Bk.:
261 3264 337 3337 δρῶν
355 3264 483 3335 τοὶςΝς
502 3266 625 3340 δρῶντες
642 3289 669 3325 v.

243 3359 283 3408 20
303 3349 335 3409 ἐν
353 3344 435 3417 οίς
416 3371 490 3423 ησαν
508 3356 558 3407 ΝΑ
575 3357 641 3409 Bk:
661 3348 692 3408 ἐν
711 3349 793 3417 εἶς’
773 3371 902 3438 ηκρυσαν
920 3345 1083 3422 (ἐνοίοις
1065 3372 1141 3424 ησιιν

175 3438 251 3489 susp.
270 3423 393 3489 Mt).-
411 3439 457 3475 vv.
478 3426 538 3483 τοῖς
545 3418 609 3502 μὲν
629 3417 789 3490 σάμασι-
807 3411 882 3490 ἦσαν
900 3442 933 3478 ex
950 3427 1075 3478 Isocrate
1095 3443 1141 3476 ex·

164 3506 284 3555 pressa:
303 3491 413 3545 νΡλελ.
423 3494 507 3545 15.-
475 3508 571 3560 της
583 3489 655 3560 των]
668 3497 733 3552 ταις
746 3510 801 3545 ταν
814 3509 854 3559 pr
863 3492 990 3547 Acorr¹.
