2340 3916
10 207 12 213 -
15 181 148 251 μω
233 184 324 236 1191‘1
340 184 417 237 νον
433 184 696 239 αῐτοετνετου
713 190 878 243 τεκνον.
985 200 1026 261 57

10 331 24 420 ἰ
60 379 140 425 ποτε
163 356 280 447 ἰκείνφ
304 344 507 477 διάφοροι
483 378 586 443 ησαν,
617 365 665 426 ἔτι
688 360 725 427 δὲ
747 356 851 429 καλ
827 390 871 442 ως
894 370 1027 444 ἔθαψαν

10 424 306 543 ῐ,Νικόστρατὺν,
334 453 416 544 πρὸς
441 456 478 525 δὲ
499 454 627 537 τούτοις
650 453 695 538 ὥς
718 459 886 549 Χαριάδης
912 458 1025 532 οὑτοσὶ

10 571 18 604 ¹
60 549 215 643 οὑδαμως
243 550 314 623 οὔτ’
341 554 519 625 ἐνθάδε
485 554 558 625 οὔτ’
590 560 644 626 ἐπὶ
666 559 883 649 στρατεύματι
912 566 1026 652 ἐχρῆτο

10 654 286 747 ῗΝικοστράτφ,
304 662 351 724 ἔτι
371 657 407 725 δὲ
424 655 526 725 καί
489 686 551 744 την
567 650 799 747 κοινωνίαν,
775 688 797 748 η
815 658 951 749 μάλισθ’
970 653 1025 732 οὑ·

60 782 112 835 τος
130 762 345 845 ἰσχυρίζεται,
364 761 473 875 φευδή
490 748 604 827 οὖσαν.

10 855 13 944 f
133 853 240 925 Καί”
219 883 301 925 ανευ
319 855 462 944 τούτων,
482 886 507 925 ω
497 848 661 946 άυδρες,
681 856 803 941 άξιον“
783 877 865 949 υμῖν
880 860 1025 982 ἐξετάσαι
1042 883 1076 933 27

62 956 234 1047 ἑκατέρους
264 952 376 1025 αὑτων
399 952 467 1025 οἷοί
492 964 564 1026 εἰσι.
613 956 803 1047 Θράσιππος
832 962 893 1049 μὲν
921 957 1024 1051 γαρδ

54 1050 219 1143 ’Ἅγνωνος
241 1052 324 1125 καὶ
319 1060 496 1144 Αγνοθέου
519 1054 625 1146 πατήρ
650 1056 713 1179 ήδη
735 1089 766 1128 τι
790 1064 845 1129 καὶ
863 1059 1023 1183 ἐλειτούρ-

10 1177 14 1221 ÷
59 1178 161 1243 μησεν
181 1151 265 1245 ὑμῖν
286 1160 343 1225 καί
367 1156 552 1278 εἰσήνεγκε
577 1161 631 1226 καλ
654 1157 760 1240 άλλως
783 1152 1003 1241 σπουδαῖος
983 1191 1024 1250 ην

58 1263 207 1377 πολίτης
232 1252 326 1326 αὑτοὶ
350 1247 446 1326 δὲ
404 1286 495 1327 ουτοι
518 1255 595 1327 οὑτε
611 1254 921 1381 άποδεδημήκασιν,Ι
923 1258 1022 1330 οὑδα·

10 1397 12 1406 ·
59 1358 106 1445 μή
124 1355 270 1445 πώποτε,
294 1353 369 1425 ὅποι
392 1350 433 1426 άν
455 1355 499 1445 μή
521 1354 616 1446 ὑμεῖς
639 1360 855 1481 προστάξητε,
879 1359 939 1429 οὑτ
944 1358 1023 1431 ’ἐν

11 1537 14 1544 Ι
57 1453 146 1525 δάδε
161 1460 314 1545 με’νουτες
326 1454 483 1584 άχρηστοί
498 1465 561 1526 εἰσι
572 1486 612 1547 τη
601 1457 735 1545 πόλει,
754 1456 837 1528 άλλά
854 1464 908 1529 καὶ
926 1482 1022 1551 στρα-

58 1554 210 1625 τεύονται
227 1559 332 1625 καίί
301 1561 491 1646 εἰσφέρουσι
514 1560 569 1626 καί
591 1548 693 1626 τάλλα
711 1558 817 1628 πάντα
835 1565 965 1630 ποιοῦσι
982 1558 1023 1629 τά

57 1654 324 1745 προσταττομενα
352 1661 408 1727 καί
436 1653 558 1737 αὑτούς
587 1654 646 1779 (933
676 1658 795 1739 πάντες
819 1660 923 1749 ίσασι)
948 1682 1022 1728 κοσ-

10 1767 15 1838 ’,
57 1764 156 1845 μίους
177 1754 451 1846 παρέχουσιυ,”
424 1779 507 1827 ωστε
524 1755 609 1827 πολὺ
626 1762 751 1846 μάλλον
768 1758 906 1839 τούτους
923 1781 1022 1849 προσ·
1040 1784 1078 1835 28·

56 1854 132 1943 ήκει
155 1855 236 1926 κατά
265 1854 359 1927 δόσιν
386 1860 454 1926 τοῖν
475 1856 650 1946 χρημάτων
672 1862 739 1927 των
756 1858 984 1947 Νικοστράτου
1002 1854 1023 1947 9

57 1954 232 2045 Χαριάδην
248 1954 476 2046 ἀμφισβητεῖν.
512 1947 607 2037 οὗτος
624 1956 705 2047 γάρ,
728 1954 779 2026 ὅτ’
800 1958 954 2047 ἐπεδήμει
973 1963 1022 2029 ἐν·

56 2055 162 2145 θάδε,
186 2061 316 2148 πρῶτον
344 2059 405 2145 μὲν
435 2064 481 2137 εἰς
503 2054 540 2126 τδ
566 2056 789 2145 δεσμωτήριον
817 2053 861 2138 οὑς
884 2062 1023 2146 κλέπτης

58 2152 106 2227 οὑν
136 2152 188 2227 ἐπ’
217 2154 400 2250 αὐτοφώρῳ
427 2154 578 2246 άπήχθη,
608 2156 681 2227 τότε
711 2160 748 2227 δὲ
776 2155 915 2247 άφεθεδς
944 2156 1021 2246 μεθ’

59 2259 182 2346 ἑτέρων
198 2261 298 2327 τινων
314 2253 380 2327 ὑπδ
397 2260 464 2326 των
482 2261 617 2345 ἕνδεκα,
641 2254 700 2337 οὑς
719 2264 860 2349 δημοσία
877 2255 1024 2339 ἅπαντας

57 2353 158 2447 ὑμεῖς
168 2354 396 2445 άπεκτείυατε,
416 2356 515 2427 πάλιν
532 2354 736 2448 άπογραφείς
755 2367 802 2438 εἰς
819 2356 880 2445 τήν
898 2356 1024 2445 βουλήν

56 2460 264 2548 κακουργεῖν,
276 2453 461 2547 ὑποχωρῶν
477 2454 577 2550 ρ’ίχετο
589 2462 645 2527 καί
656 2454 717 2546 οὑχ
728 2454 931 2545 ὑπήκουσεν,
950 2454 1022 2525 ἀλλ’
1041 2468 1075 2519 29

57 2554 117 2629 99’
139 2561 268 2628 ἐκείνου
288 2561 506 2627 ἑπτακαίδεκα
525 2562 607 2627 ἐτοῖν
621 2555 779 2644 Ἀθήναζε
796 2554 858 2625 οὑκ
876 2554 1023 2645 ἄφίκετο,

56 2657 147 2745 πλήν
177 2655 289 2745 ἐπειδή
318 2656 541 2748 Νικόστρατος
569 2653 727 2726 ἀπέθανε.
775 2659 830 2724 καὶ
853 2652 940 2746 ὑπὲρ
963 2657 1025 2744 μὲν

55 2754 156 2849 ὑμῶν
173 2755 250 2828 οὑτε
266 2766 441 2847 στρατείαν
459 2755 620 2846 οὑδεμίαν
639 2755 848 2847 ἐστράτευται
865 2753 942 2825 οὔτε
961 2764 1024 2825 εἰσ-

56 2856 169 2947 φοράν
191 2854 352 2948 οὐδεμίαν
377 2856 579 2947 εἰσενήνοχε,
607 2855 694 2945 πλήν
717 2868 750 2926 εἰ
768 2855 880 2945 τιάρα
898 2860 929 2939 ἐξ
947 2853 1025 2925 ὅτου

55 2964 128 3029 ταῖν
155 2957 383 3049 Νικοστράτου
416 2956 683 3048 ἠμφισβήτησεν,
717 2954 788 3027 οὔτ’
819 2954 892 3026 ἄλλ’
924 2953 1025 3025 οὐδὲν

55 3056 143 3149 ὑμῖν
160 3059 438 3150 λελειτούργηκεν.
475 3066 586 3128 ἔπειτα
602 3062 748 3138 τοιοὺτος
766 3053 813 3126 τάν
836 3054 897 3126 οὑκ
914 3053 1027 3146 άγαπά

57 3169 89 3231 εἰ
105 3158 152 3251 μή
169 3188 236 3229 των
256 3156 511 3327 ήμαρτημίνωνἰ
522 3165 619 3246 δίκην
642 3158 757 3245 δώσει,
781 3154 864 3226 άλλά
886 3159 1005 3225 καλ
958 3184 1025 3224 των

56 3258 242 3351 άλλοτρίων
253 3257 461 3355 άμφισβητει
482 3265 543 3346 εἰμ
546 3260 582 3328 ἓν
599 3250 661 3329 οὑν
678 3264 750 3328 οἵδε
762 3254 1026 3346 φιλοπράγμονες
1043 3270 1078 3322 3ο

56 3390 78 3449 η
61 3356 247 3443 αλλοις
227 3389 333 3450 ομοιοι
355 3368 502 3439 πολίταις
520 3348 619 3479 ήσαν,
644 3370 723 3437 ἰσως
746 3351 788 3426 άν
806 3386 845 3425 ου
836 3353 940 3442 ’περὶ
957 3381 1025 3421 τωι

56 3459 290 3554 Νικοστράτου
318 3459 492 3549 χρημάτων
521 3456 734 3548 ἠμφισβήτει,
759 3452 832 3525 ἀλλ’
857 3451 943 3544 ὑπὲρ
966 3454 1027 3521 τοὺ
