2340 3916
137 216 179 279 66
483 218 741 276 ΑΙΣΧΙΝΟΤ

138 385 274 462 πρᾶγμα
297 377 436 462 πάσχειν
457 375 552 455 δόξω.
585 377 650 460 εἰμὶ
670 376 731 461 μὲν
752 373 816 462 γάρ
839 375 857 445 ὁ
879 380 1123 450 κινδυνεύων8

138 475 202 560 ἐγώ
223 477 300 541 νυνὶ
321 477 396 559 περὶ
417 481 477 541 τοῦ
495 473 662 560 σώματος,
684 482 742 560 τής
759 476 795 543 δὲ
811 484 1009 564 κατηγορίας
1027 478 1089 565 τήν

137 580 294 659 πλείστην
314 579 486 658 πεποίηται
507 573 733 659 Φιλοκράτους
754 579 810 642 καλ
832 576 1014 661 Φρύνωνος
1034 580 1116 645 καλε

137 680 204 740 τῶν
221 670 334 738 ἄλλων
350 672 590 756 συμπρέσβεων
607 674 662 739 καὶ
673 679 842 741 Φιλίππου
857 677 912 742 καὶ
929 682 987 760 τῆς
999 676 1090 762 είρή-

138 797 196 857 νης
218 773 273 838 καλ
293 777 362 837 τάν
382 767 564 857 Εὐβούλου
584 771 849 858 πολιτευμάτων,
870 775 907 840 ἐν
928 772 1033 840 άπασι
1053 774 1090 841 δὲ

137 871 267 948 τούτοις
283 869 347 954 ἐγω
365 872 529 955 τέταγμαι.
556 869 658 955 μόνος
675 869 707 936 δ’
726 873 763 938 ἑν
779 871 924 961 τῷλόγῳ
937 880 1090 958 φαίνεται
1108 938 1111 943 .

136 968 290 1055 κηδεμών
301 977 359 1053 τής
373 969 499 1047 πόλεως
510 970 748 1054 Λημοσθένης,
769 975 802 1037 οί
813 970 845 1037 δ’
858 968 952 1039 άλλοι
962 971 1090 1058 προδό-

137 1096 205 1136 ται·
228 1073 427 1135 διατετέλεκε
442 1066 506 1154 γάρ
526 1075 571 1147 είς
581 1065 666 1155 ήμάς
677 1065 837 1155 ὑβρίζων,
859 1073 913 1137 καὶ
923 1074 1091 1156 λοιδορίας

137 1173 270 1247 ψευδεῖς
281 1166 343 1234 ούκ
355 1171 425 1252 ἐμοὶ
437 1168 543 1253 μόνον
554 1168 827 1254 λοιδορούμενος,
851 1165 934 1236 άλλίι
952 1171 1007 1236 καὶ
1023 1183 1091 1247 τοῖς

138 1266 259 1342 άλλοις.
283 1263 324 1332 δυ
344 1263 378 1354 δ’
401 1262 507 1344 οὕτως
528 1262 689 1352 άτιμάζει,
718 1267 818 1334 πάλιν
840 1271 874 1335 ἐκ
896 1276 1124 1355 μεταβολής,9

138 1365 224 1434 ὅπου
235 1363 336 1450 τύχοι,
350 1363 460 1451 ὥσπερ
469 1363 677 1452 Ἀλκιβιάδην
687 1361 709 1453 ή
721 1370 942 1452 Θεμιστοκλέα
953 1373 1089 1452 κρίνων,

137 1470 171 1530 οἳ
180 1473 333 1530 πλείστου
344 1471 411 1531 τῶν
420 1462 585 1550 Ἑλλήνων
595 1466 674 1552 δόξη
686 1465 875 1550 διήνεγκαν,
888 1463 1091 1553 ἀνῃρηκέναι

69 1577 120 1632 194
138 1563 199 1649 μὲν
210 1570 353 1630 αἰτιᾶταί
366 1590 406 1649 με
422 1561 480 1642 τάς
494 1567 530 1630 ἐν
541 1571 695 1631 Φωκεῦσι
713 1564 840 1649 πόλεις,
863 1561 1092 1650 άπηλλοτριω-

136 1665 230 1729 κε’ναι
241 1659 272 1728 δ’
290 1661 352 1747 άφ’
369 1659 536 1748 ύμοδντδν
547 1665 598 1731 ἐπὶ
612 1663 875 1752 Θράκηςτόπον,
894 1667 1092 1750 ἐκβεβληκέ-

137 1787 191 1827 ναι
208 1760 244 1828 δδ
261 1765 316 1829 καὶ
331 1771 389 1848 τής
406 1759 509 1848 ἀρχῆς
522 1766 793 1848 Κερσοβλέπτην,
807 1762 913 1847 άνδρα
925 1770 1025 1848 φίλον
1035 1764 1090 1829 καὶ

57 1933 61 1936 ,
137 1858 309 1947 σύμμαχον
330 1870 387 1947 της
410 1861 546 1939 πόλεως.
579 1863 762 1947 ἐνεχείρησε
786 1859 818 1928 δ’
841 1859 1028 1940 άπεικάζειν
1050 1886 1089 1943 με
1108 1872 1140 1926 10

136 1967 306 2048 Διονυσίῳ
324 1968 371 2048 τῷ
388 1966 541 2037 Σικελίας
558 1959 731 2047 τυράννῳ,
763 1960 818 2026 καὶ
841 1959 922 2043 μετά
942 1962 1092 2045 σπουδῆς

135 2061 190 2126 καὶ
215 2067 362 2143 κραυγῆς
379 2066 502 2143 πολλῆς
519 2054 782 2144 παρεκελεύσαθ’
806 2052 886 2141 ύμῖν
906 2053 944 2123 τδ
967 2063 1091 2142 θηρίον

69 2177 119 2232 195
136 2157 366 2242 φυλάξασθαι,
388 2158 442 2224 καὶ
453 2155 488 2224 τδ
502 2165 560 2242 τῆς
574 2160 693 2242 ἱερείας
704 2157 863 2224 ἐνύπνιον
873 2165 931 2243 τής
941 2161 977 2224 ἐν
989 2165 1093 2224 Σικε*

138 2263 191 2342 λίηι
210 2254 397 2340 διηγήσατο.
422 2254 509 2322 ούτω
528 2253 558 2322 δ’
571 2254 642 2322 άυω
655 2252 691 2322 τδ
704 2263 839 2341 πράγμα
854 2254 971 2340 ἐξάρας
981 2254 1092 2340 ἐφθό-

139 2354 221 2440 νησέ
234 2378 299 2437 μου
310 2367 381 2430 ταῖς
392 2357 575 2441 διαβολαῖς,
586 2353 644 2432 τάς
657 2360 761 2432 αἰτίας
771 2353 941 2432 ἀνατιθεὶς
950 2361 1019 2420 ταῖν
1029 2377 1092 2420 πε-

138 2455 337 2538 πραγμένων
350 2448 391 2517 ού
409 2464 477 2530 τοῖς
487 2454 574 2536 ἐμοῖς
585 2451 711 2536 λόγοις,
723 2449 806 2518 άλλά
818 2466 885 2529 τοῖς
897 2450 1012 2528 ὅπλοις
1022 2464 1091 2527 τοῖς

138 2557 313 2618 Φιλίππου.
347 2547 430 2632 πρὸς
452 2553 488 2617 δὲ
509 2550 674 2636 τοσαύτην
697 2550 823 2636 τόλμαν
845 2552 899 2618 καὶ
920 2557 1090 2636 τερατείαν
1109 2563 1141 2616 ll

137 2647 324 2733 άνθροίπου
340 2648 485 2734 χαλεπὸν
502 2651 557 2717 καὶ
575 2654 857 2736 διαμνημονεῦσαι
870 2649 910 2717 τά
928 2654 1090 2733 λεχθέντα

136 2747 216 2816 καθ’
231 2750 352 2816 ἕκαστα
364 2751 418 2817 καὶ
429 2752 537 2835 λέγειν
548 2749 629 2834 μετὰ
642 2749 804 2817 κινδύνου
822 2747 905 2832 πρὸς
920 2746 1091 2832 ἀπροσδο-

137 2848 257 2933 κήτους
275 2847 438 2933 διαβολάς.
461 2840 484 2934 ᾖ
502 2844 531 2913 δ’
553 2845 696 2933 ἡγοῦμαι
708 2847 935 2933 σαφεστάτους
946 2872 1002 2933 μοι
1012 2845 1091 2924 τούς

71 2963 121 3020 196
138 2943 257 3030 λόγους
275 2952 411 3013 ἔσεσθαι
427 2949 482 3012 καὶ
492 2952 680 3031 γνωρίμους
691 2944 771 3031 ύμίν
781 2947 837 3012 καὶ
848 2949 1011 3031 δικαίους,
1034 2949 1090 3012 ἐν·

136 3051 262 3111 τεῦθευ
275 3043 430 3129 άρξομαι,
453 3040 517 3111 άπὸ
530 3052 598 3111 τῶν
609 3048 684 3132 περὶ
694 3053 752 3131 τής
769 3044 902 3130 εἰρήνης
914 3045 1024 3129 λόγων
1035 3046 1091 3112 καὶ

137 3150 195 3229 τής
220 3145 375 3227 αίρέσεως
395 3150 453 3227 τῆς
474 3151 661 3231 πρεσβείας·
685 3143 773 3211 ούτω
795 3142 860 3230 γάρ
883 3140 927 3212 άν
949 3143 1091 3230 μάλιστα

137 3243 192 3308 καὶ
203 3241 410 3327 μεμνήσομαι
428 3244 483 3309 καὶ
502 3248 606 3311 εἰπεῖν
623 3243 822 3329 δυνήσομαι,
844 3246 899 3310 καὶ
915 3240 1008 3328 ὑμεῖς
1025 3271 1091 3329 μα-

136 3339 297 3425 θήσεσθε.

213 3437 379 3518 ’Ἀπαντας
396 3438 461 3527 γάρ
480 3436 522 3508 άν
533 3439 618 3527 ύμάς
647 3440 739 3526 οἶμαι
750 3441 849 3510 τοῦτό
859 3468 897 3527 γε
910 3439 991 3508 αύτό
1004 3468 1090 3528 μνη·
1107 3455 1141 3510 1λ
