2340 3916
309 246 446 302 ΚΑΤΑ
467 244 847 305 ΚΤΗΣΙΦΩΝΤΟΣ
985 239 1046 303 147

93 410 167 487 τρία
185 401 216 470 δ’
237 396 280 489 ἦν
297 399 317 469 ά
334 400 402 488 άμα
413 405 578 487 ε’ξωνεῖτο,
590 412 722 487 πρῶτον
732 402 795 488 μὲν
805 400 849 488 μη
862 406 1047 488 διασφαλῆ-

94 529 149 569 ναι
159 509 217 587 τῆς
228 500 312 587 πρὸς
323 499 408 585 ύμάς
420 508 619 587 συμμαχίας·
639 499 739 571 οῦδὲν
748 499 814 586 γάρ
829 495 920 588 ἦντὸ
933 503 1046 587 μέσον,

95 607 125 668 εί
144 602 305 685 μνησθεὶς
327 607 394 666 νῦν
418 603 589 685 προτέρων
612 597 824 686 ἀδικημάτων
841 597 858 668 ὁ
878 606 979 688 δημος
1000 599 1044 686 μη

94 701 309 781 προσδέξαιτο
331 697 393 782 την
415 704 621 786 συμμαχίαν,
651 697 722 768 ἀλλ’
746 696 896 786 ὑπῆρχεν
914 694 1047 789 αύτφῆ

94 797 232 881 φεύγειν
244 800 279 863 ἐκ
290 801 453 876 Χαλκίδος
467 793 489 883 ἢ
499 798 661 866 τεθνάναι
672 801 970 885 ἐγκαταληφθέντι·
988 824 1047 883 τη-

94 904 245 964 λικαῦται
260 897 418 982 δυνάμεις
437 897 488 965 ἐπ’
506 896 610 966 αύτδυ
621 900 875 984 ἐπεστράτευον,
889 899 921 986 ἥ
936 926 970 966 τε
984 906 1045 965 Φι-
1062 901 1116 957 484

94 1003 218 1063 λίππου
237 998 291 1063 καί
309 1001 474 1083 Θηβαίων.
500 998 658 1081 δευτερου
674 991 747 1066 δ
724 1025 808 1085 ηκον
825 1001 861 1066 οί
874 1001 1031 1086 μισθοὶ
1000 1004 1045 1064 τοῦ

94 1095 260 1178 γράψαντι
280 1091 342 1180 τὴν
364 1105 553 1180 συμμαχίαν
571 1093 656 1179 ὑπὲρ
681 1104 743 1163 τοῦ
765 1094 809 1182 μὴ
832 1095 1047 1180 συνεδρεύειν

91 1192 249 1278 Ἀθήνησι
260 1195 459 1278 Χαλκιδέας,
477 1199 590 1279 τρίτον
601 1191 672 1261 δὲ
653 1191 737 1261 ω’στε
747 1219 791 1278 μη
781 1191 909 1261 τελεῖν
920 1191 1046 1259 συντά-

42 1307 78 1360 92
95 1296 166 1371 ξεις.
189 1292 390 1358 καὶτούτων
407 1319 476 1358 των
492 1295 719 1378 προαιρέσεων
734 1289 927 1377 οῦδεμιάς’
906 1295 1046 1411 απέτνχε

94 1396 251 1474 Καλλίας,
267 1387 371 1458 άλλΗ
356 1416 373 1455 ο
393 1390 636 1476 μισοτύραννος
646 1393 878 1477 Λημοσθένης,
891 1388 934 1468 ὡς
946 1388 1048 1467 αὐτὸς

94 1501 337 1572 προσποιεῖται,
360 1487 402 1556 ὅν
420 1509 502 1575 φησι
518 1497 702 1576 Κτησιφῶν
712 1490 753 1557 τά
764 1495 914 1577 βέλτιστα
926 1493 1044 1573 λέγειν,

94 1588 234 1656 ἀπέδοτο
257 1589 319 1672 μὲν
339 1587 419 1666 τοῦς
436 1588 573 1674 καιροῦς
589 1587 668 1668 τοῦς
684 1596 742 1674 τῆς
759 1589 901 1674 πόλεως,
923 1593 1046 1674 ἔγραψε

94 1686 124 1754 δ’
139 1691 175 1754 έν
186 1693 225 1774 τῇ
238 1694 404 1774 συμμαχία
415 1694 556 1774 βοηθεῖν
565 1686 651 1774 ἡμᾶς
661 1692 872 1773 Χαλκιδεῦσι,
886 1690 973 1775 ῥῆμα
984 1686 1046 1772 μό-

93 1814 155 1854 νον
166 1784 524 1870 ἀντικαταλλαξάμενος
536 1786 609 1854 άντὶ
620 1786 759 1871 τούτων,
773 1783 935 1871 εὐφημίας
949 1787 1045 1852 ἕνεκα

94 1887 311 1973 προσγράψας
322 1889 504 1965 Χαλκιδέας
512 1892 667 1972 βοηθεῖν,
689 1885 750 1953 ἐάν
767 1910 814 1962 τις
826 1894 860 1970 λη
872 1881 922 1952 ἐπ’
946 1882 1045 1969 Ἀθη-

40 2004 75 2061 93
92 1993 220 2064 ναίους·
231 1985 290 2064 τάς
299 1985 335 2053 δὲ
348 1989 521 2068 συνεδρίας
531 1981 838 2068 καὶτάςσνντάξεις,
851 1985 883 2062 ἐξ
893 1974 940 2049 ὦν
950 1983 1043 2068 ίσχύ-
1062 1994 1114 2052 485

94 2083 194 2154 σεινδ
214 2085 357 2170 πόλεμος
373 2082 531 2170 ἤμελλεν,
555 2082 663 2169 άρδηυ
680 2081 836 2165 άπέδοτο,
860 2088 1045 2160 καλλίστοις

93 2185 254 2270 ὀνόμασιν
262 2189 426 2268 αἰσχίστας
432 2182 565 2268 πράξεις
571 2182 714 2269 γράφων
722 2183 829 2270 καὶτῷ
839 2180 927 2269 λύγφ
939 2200 1045 2264 προσ-

91 2283 239 2370 βιβάζων
259 2280 358 2368 ὑμᾶς,
381 2279 440 2361 τάς
461 2284 523 2367 μὲν
542 2288 701 2369 βοηθείας
723 2280 767 2360 ὡς
791 2286 843 2348 δεῖ
860 2279 922 2366 τὴν
946 2279 1045 2348 πάλιν

30 2372 43 2382 ’
92 2383 257 2469 πρότερον
274 2390 442 2449 ποιεῖσθαι
461 2395 529 2459 τοῖς
544 2379 594 2450 ἀεὶ
607 2381 776 2466 δεομένοις
786 2388 854 2446 των
866 2376 1042 2465 Ἑλλήνων,

91 2481 150 2560 τάς
171 2484 207 2550 δὲ
230 2488 414 2565 συμμαχίας
435 2476 574 2563 ὑστέρας
596 2479 676 2564 μετά
685 2477 752 2557 -τάς
770 2475 966 2564 εῦεργεσίας.
988 2483 1044 2546 ἵνα

93 2579 124 2646 δ’
144 2574 183 2646 εῦ
202 2583 325 2662 εἰδῆτε,
348 2575 521 2663 ὅτιάληθη
539 2580 642 2662 λέγω,
665 2581 747 2664 λαβέ
757 2603 813 2663 μοι
823 2576 884 2664 την
895 2585 1044 2646 Καλλίου

91 2675 287 2764 γραφὴνκαῖ
298 2676 358 2761 τὴν
367 2681 565 2762 συμμαχίαν,
576 2678 632 2744 καὶ
643 2673 820 2759 άυάγνωθι
830 2673 867 2742 τδ
878 2676 1041 2762 ψήφισμα.

452 2780 684 2842 ΨΗΦΙΣΜΑ.

39 2897 75 2952 94
128 2955 130 2959 Ι
178 2874 282 2942 Ούπω
306 2881 423 2941 τοίνυν
444 2869 535 2942 τοῦτ’
559 2875 626 2940 ἐστὶ
649 2870 777 2958 δεινὰν,
802 2877 833 2939 εί
853 2873 961 2956 καιροὶ
983 2874 1043 2939 πέ-
1062 2882 1113 2939 486

92 3001 234 3062 πρανται
245 2980 432 3060 τηλικοῦτοι
445 2974 499 3040 καὶ
510 2976 680 3059 συνεδρίαι
694 2977 750 3040 καῖ
760 2971 945 3056 συντάξεις,
959 2969 1043 3039 άλλά

92 3075 179 3142 πολῦ
196 3074 319 3142 τούτου
337 3072 526 3158 δεινότερον
540 3069 621 3159 ύμῖν
638 3072 822 3159 φανήσεται
840 3067 976 3157 δμέλλω
988 3072 1043 3138 λέ-

92 3203 172 3260 γειν.
186 3180 230 3254 είς
241 3173 305 3259 γάρ
316 3180 415 3241 τοῦτο
433 3172 587 3258 προήχθη
597 3179 743 3250 Καλλίας
756 3173 816 3258 μέν
827 3168 845 3238 ὁ
858 3170 1043 3247 Χαλκιδεύς

92 3272 220 3361 ὕβρεως
239 3275 293 3342 καὶ
312 3276 517 3357 πλεονεξίας,
538 3273 761 3357 Δημοσθένης
782 3274 833 3356 δέ,
856 3266 897 3337 δν
919 3272 1047 3336 ἐπαινεῖ

92 3379 291 3459 Κτησιφων,
305 3370 558 3457 δωροδοκίας,
537 3370 620 3438 ωστε
632 3370 690 3450 τάς
700 3373 733 3449 ἐξ
743 3367 861 3454 Ὠρεοῦ
873 3368 1043 3449 συντάξεις

89 3475 144 3538 καὶ
156 3470 214 3549 τάς
226 3474 257 3549 ἐξ
267 3467 442 3557 Ἐρετρίας,
461 3498 501 3537 τα
491 3469 592 3538 δέκα
601 3462 765 3553 τάλαντα,
755 3465 950 3615 ,ὁροίζτὴωυ
962 3492 1056 3545 φάο
