2340 3916
334 213 431 264 ΚΑΤΑ
448 211 741 266 ΔΗΜΟΣΘΕΝΟΤΣ.
983 215 1020 278 17

56 376 194 441 τοιαῦτα
213 372 349 458 κινάδη,
373 378 408 439 οἳ
423 370 621 458 πεποιήκασι
640 372 700 458 μὲν
720 369 821 441 οὐδὲν
840 370 920 442 οὐδὲ
938 374 1021 463 πρά-

58 482 175 560 ξουσιν
194 476 327 564 άγαθδν
341 473 425 566 ὑπὲρ
440 481 497 564 της
515 476 652 563 πόλεως,
661 476 724 564 τὴν
739 478 775 548 δέ
786 473 898 547 αὐτῶν
912 477 1021 567 άσφά-

58 595 152 653 λειαν
175 587 352 673 τηροῦντες
374 584 430 653 καλ
443 573 667 670 ’πανταχόθεν
690 581 943 673 ἀργυριζόμενοι
965 589 1021 653 καλ

57 691 272 777 πεποιηκότες
289 689 351 777 τὴν
373 691 471 758 πόλιν
490 686 693 779 ἀδοξοτέραν
717 691 859 776 ἑαυτῶν,
882 692 938 759 καλ
957 695 1023 760 νῦν

58 799 249 884 εἰλημμένοι
265 800 356 885 δῶρα
370 793 446 864 καθ’
463 791 560 883 ὑμῶν
574 796 756 883 εἰληφότες,
770 795 1020 885 παρακρούονθ’

57 900 159 988 ὑμᾶς,
187 905 243 971 καλ
271 900 402 982 άξιοῦσι
433 905 581 970 τοιοῦτοι
612 904 827 990 γεγενημένοι
858 904 933 992 περὶ
965 907 1023 991 τῆς

59 1011 188 1076 ἑαντῶν
206 1010 396 1088 πλεονεξίας
414 1010 666 1096 παραγγέλλειν·
685 1005 745 1089 οὓς
763 1011 847 1097 χρῆν
860 1010 1022 1077 τεθνάναι

58 1115 160 1182 πάλαι
178 1113 260 1183 κατά
278 1109 315 1181 τδ
337 1116 465 1182 ἑαυτῶν
480 1113 647 1201 ψήφισμα,
662 1117 800 1183 τοιαῦτα
820 1120 1021 1204 διαπεπραγ-

57 1223 189 1307 μένους.

142 1324 213 1395 Οὐκ
241 1327 457 1413 αἰσχύνεσθε,
490 1323 611 1415 άνδρες
635 1323 825 1413 Ἀθηναῖοι,
853 1353 913 1414 την
940 1327 1024 1396 κατά
1040 1338 1073 1387 41

59 1434 306 1519 Λημοσθένους
324 1437 486 1520 τιμωρίαν
505 1435 541 1500 έκ
558 1435 627 1499 τῶν
645 1428 813 1561 ημετέρῳν
835 1433 946 1519 λόγων
965 1434 1056 1529 μό-ξζ

59 1566 131 1606 νων
148 1535 331 1625 ἡγούμενοι
356 1543 428 1606 δειν
451 1545 594 1626 κρίνειν;
618 1535 681 1606 οὐκ
700 1547 768 1606 ίστε
786 1541 908 1607 τοῦτον
927 1534 1058 1625 αότολλλ

60 1642 294 1734 δωροδόκον”
276 1672 357 1712 οντα
376 1646 431 1712 καλ
454 1646 596 1732 κλέπτην
615 1645 671 1712 καλ
690 1644 861 1733 προδότην
880 1648 948 1712 τῶν
967 1634 1065 1771 φί-λῖἑ

59 1760 128 1819 λων
146 1754 201 1819 καλ
220 1777 278 1837 της
295 1750 421 1830 πόλεως
440 1747 578 1831 ἀνάξιον
597 1751 652 1818 καλ
671 1747 776 1818 αντδν
795 1749 902 1817 καλ
869 1777 931 1837 την
949 1742 1069 1863 mpi'ib

59 1860 180 1925 τοῦτον
198 1857 303 1985 τόχην
322 1858 560 1985 γεγενημένηη;
585 1853 650 1924 άπὸ
669 1862 778 1924 ποίων
801 1846 1069 1985 φηφισμάτωνξ

59 1991 79 2048 η
108 1970 215 2031 ποίων
239 1963 354 2049 νόμων
378 1954 477 2042 οὗτος
506 1960 568 2031 οὐκ
592 1958 771 2049 εἰληφεν’
753 1962 975 2050 αργάριονςε
961 1967 1029 2031 εἰσί
1043 1985 1076 2034 42

59 2096 146 2149 τινες
166 2073 202 2137 ἐν
225 2095 271 2159 τῳ
256 2071 493 2160 δικαστηρίῳ
517 2072 584 2136 τῶν
603 2071 640 2137 έν
658 2082 728 2150 τοίς
750 2075 953 2156 τριακοσίοις
971 2095 1030 2155 γε-

60 2176 263 2262 γενημένων,
274 2172 326 2242 ὅθ’
344 2166 442 2254 οὗτος
452 2177 556 2243 έτίδει
569 2173 630 2243 τὸν
644 2176 719 2263 περὶ
734 2177 802 2241 τῶν
815 2174 1029 2265 τριηράρχωνΙ

59 2282 180 2366 νόμον;
205 2278 247 2349 οὐ
270 2280 413 2369 φράσετε
437 2295 506 2361 τοῖς
529 2288 672 2367 πλησίον
701 2278 752 2349 ὅτι
779 2287 854 2369 τρία
881 2274 1030 2357 τάλαντά

60 2385 174 2473 λαβὼν
198 2389 381 2476 μετέγραφε
404 2389 459 2454 καλ
482 2387 694 2474 μετεσκεύαζε
722 2383 782 2454 τόν
810 2386 917 2473 νόμον
943 2374 1031 2482 καθ’ῗξ

61 2494 203 2580 ἑκάστην
231 2497 423 2580 ἐκκλησίαν,
451 2495 507 2561 καλ
530 2491 570 2561 τά
593 2492 654 2579 μὲν
682 2491 799 2560 ἐπώλει
823 2483 871 2560 ὦν
898 2488 1034 2585 εἰλήφειξ

60 2597 122 2684 τὴν
144 2600 258 2686 τιμήν,
285 2598 326 2667 τὰ
351 2597 382 2667 δ’
404 2597 612 2687 ἀποδόμενος
631 2595 693 2666 οὐκ
717 2601 889 2685 ἐβεβαίον;
914 2592 1078 2693 είπατέζις

62 2731 118 2790 μοι
149 2703 233 2792 πρὸς
260 2704 359 2791 Διός,
389 2697 414 2773 ὦ
443 2704 578 2794 ἄνδρες,
609 2719 731 2794 προῖκα
763 2707 884 2772 τοῦτον
913 2696 1032 2803 oiseis}

61 2811 187 2899 γράψαι
210 2818 345 2903 Διφίλῳ
369 2810 431 2898 τὴν
455 2815 491 2879 έν
514 2819 703 2902 πρυτανείῳ
728 2817 859 2896 σίτησιν
886 2813 941 2879 καλ
965 2808 1032 2897 τὴιέ

130 3014 170 3060 40.
201 3005 236 3062 τά
255 3018 321 3064 ante
339 3010 459 3063 τοιαῦτα
482 3028 533 3063 οιιι.
554 3028 595 3077 pr.
614 3012 698 3063 A.—
714 3004 924 3091 πεποιήκασιν
942 3012 975 3065 N.
995 3038 1027 3047 -

62 3072 251 3143 πανταχόθεν
264 3095 329 3132 scr..
348 3073 555 3131 πάντοθεν-
521 3068 790 3161 π-οιρᾶκροάονδ’
807 3079 844 3129 N:
864 3073 1028 3158 παρακροό·

62 3161 207 3196 ονται.-
234 3147 306 3214 χρῆν
330 3164 390 3199 cum
414 3147 465 3198 Bk.
484 3147 569 3201 Dobr.
587 3149 680 3200 Turn:
700 3143 815 3214 χρὴ-
842 3139 934 3198 πάλαι
952 3139 1028 3197 κατά

61 3204 135 3267 τόἕ.
155 3221 187 3276 φ.
206 3215 230 3264 N
248 3218 312 3266 Mn:
331 3207 406 3267 κατά
425 3207 497 3267 τδέ.
517 3222 549 3276 ψ
567 3207 667 3268 πάλαι.

129 3300 170 3348 41.
189 3290 335 3364 ἡμετέρων
354 3301 377 3350 Α
398 3298 537 3351 corr.².-
561 3289 650 3377 μόνον
668 3297 729 3349 ΔΙδ.
749 3303 777 3349 ει
794 3313 823 3349 ιι.
843 3302 907 3348 ante
926 3297 977 3347 Bk.
996 3322 1029 3334 -

61 3361 230 3445 τῶνφίλων
248 3368 273 3417 Ν
291 3368 382 3418 Turn:
408 3366 560 3430 φίλαν.-
581 3355 711 3431 ἢποίων
735 3360 798 3430 νόμ.
818 3381 903 3424 ουτος
921 3365 947 3417 Ν
964 3365 1028 3418 Mr:

62 3420 148 3491 οὗτος
166 3423 184 3497 ἢ
202 3433 294 3484 ποίων
313 3427 417 3499 νόμων.

130 3519 173 3566 43.
198 3518 327 3587 Διιφίλῳ
344 3519 502 3570 NABLZM
522 3547 554 3557 -

109 3607 226 3638 νιαιιιοιιι
237 3609 272 3641 on.
838 3604 861 3652 (ζ
