2340 3916
69 183 97 233 p.
115 164 159 217 76.
249 163 340 228 ΠΕΡΙ
356 162 432 214 ΤΟΤ
449 161 670 215 ΔΣΤΤΦΙΛΟΤ
687 162 851 215 ΚΛΗΡΟΤ.
922 164 924 171 ’
971 168 1034 231 119

67 332 148 406 υίδν
166 337 308 406 ἐποιεῖτο
325 330 405 424 μηδ’
424 328 475 404 ότι
493 329 657 421 διαθήκας
675 343 865 424 καταλίποι,
885 326 1035 426 είκδςῆν
1068 360 1071 367 ·

68 436 156 527 μηδέ
178 431 281 506 ἄλλον
303 437 430 524 μηδένα
453 432 681 524 ἐγγεγράφθω
705 437 741 505 ἐν
758 438 806 528 τῷ
821 445 1034 532 γραμματείῳ

69 535 238 628 μα’ρτυρα·
264 543 294 607 εί
318 532 352 605 δ’
378 539 530 607 ἐναντίον
551 532 730 625 μαρτύρων
747 543 902 624 φαίνεται
921 541 1034 608 διαθέ-

69 665 186 727 μενος,
216 636 344 708 τούτων
367 637 405 707 δὲ
426 633 472 726 μὴ
494 639 562 706 τεόν
582 634 722 724 μάλιστα
749 638 929 726 χρωμένων
951 634 1035 709 ἀλλὰ

70 741 138 808 τόν
162 736 384 886 ἐντυχόντων,
409 740 479 819 πως
502 734 588 817 εἰκός
607 740 697 808 ἐστιν
713 732 851 824 ιἰληθείς
874 736 960 807 εἶναι
977 737 1035 862 τρὶς

72 941 183 1032 ἑαυτῷ
188 892 422 1061 πόιούμενου,
447 943 605 1028 τολμῆσαι
627 936 748 1020 αλλους
771 936 863 1062 τινὰς
886 966 1035 1029 παρακα-

71 1033 203 1127 λέσαιῆ
227 1040 232 1124 Ι
253 1038 449 1128 τούτους,ο
432 1035 482 1121 οἷς
499 1066 562 1129 περ
579 1041 672 1109 καὶί
657 1030 758 1130 ίερων
775 1035 904 1110 καίί
847 1048 904 1110 οσί
903 1069 950 1112 ων
967 1069 1035 1111 κοι-

72 1137 183 1211 νωνόν
206 1135 288 1212 ἄνθ’
313 1135 415 1210 αύτου
403 1137 531 1221 είς
497 1168 555 1211 τον
574 1147 685 1209 ἔπειτα
702 1138 822 1230 χρόνον
845 1148 960 1230 ἔμελλε
976 1171 1034 1212 κα·

72 1249 234 1311 ταλιιτείν.
276 1237 358 1309 ιἰλλα
380 1238 447 1330 μὴν
463 1236 541 1311 οὐδ’
561 1244 784 1329 αἰσχυνθῆναι
800 1238 916 1313 ούδενί
934 1265 1034 1334 προσ-

72 1338 145 1428 ήκει
164 1343 219 1410 ἐπί
234 1339 401 1421 τοιαύταις
421 1339 597 1431 διαθήκας
615 1336 659 1421 ὥς
676 1347 849 1422 πλείστους
866 1341 1035 1434 μάρτυρας

73 1449 315 1533 παρίστασθαι,
342 1440 447 1560 νόμον
469 1469 509 1531 γε
530 1439 623 1521 όντος
647 1445 770 1525 ἐξεῖναι
792 1439 857 1512 ότω
882 1441 1035 1530 βούλοιτο

75 1540 248 1613 δούναι
211 1572 251 1613 τα
270 1545 400 1613 ἑαυτοῦ

150 1645 332 1727 Σκέψασθε
354 1646 407 1735 δέ,
432 1672 458 1712 ω
448 1633 611 1734 ανδρες,
635 1645 691 1714 καὶ
715 1646 751 1713 ἐκ
772 1646 834 1714 τού
854 1643 976 1733 χρόνον
997 1640 1037 1715 όν
1054 1662 1089 1715 14

76 1734 168 1814 νότοι
184 1747 318 1833 λέγουσι
335 1696 412 1835 περί
428 1747 496 1815 των
515 1747 696 1833 διαθηκων.
738 1739 794 1813 ὅτε
811 1772 940 1834 γαρς
894 1751 940 1825 είς
957 1754 1035 1867 Μη-

74 1842 212 1934 τιλύυην
235 1848 361 1929 ἐξέπλει
384 1842 680 1936 στρατευσόμενος,
709 1841 782 1914 τότε
803 1847 908 1934 φασὶν
932 1839 1036 1915 αύτδυ

72 1949 178 2015 ταύτα
196 1949 391 2016 διαθέσθαι
417 1952 572 2034 φαίνεται
595 1946 632 2013 δέ
648 1940 875 2034 ὁιἌστύφιλος
891 1949 939 2038 τῷ
960 1944 1036 2015 τού-

73 2073 142 2116 των
165 2044 251 2140 λόγρι
275 2043 314 2115 τοὶ
336 2048 498 2136 μέλλοντα
527 2052 663 2115 ἔσεσθαι
692 2043 863 2137 προειδιός.
904 2049 1037 2138 πρῶτον

73 2147 137 2235 μέν
154 2143 216 2237 γὰρ
235 2143 471 2238 ἐστρατεύσατο
490 2153 536 2228 είς
554 2144 743 2237 Κόρινθον,
763 2153 874 2217 ἔπειτα
892 2153 938 2228 είς
956 2157 1036 2218 Θετ-

73 2253 209 2336 ταλίαν,
233 2254 281 2316 ἐτι
306 2248 343 2318 δὲ
365 2245 424 2318 τόν
449 2244 619 2335 Θηβαίαδν
643 2245 787 2336 πόλεμον
809 2244 956 2338 ἅπαντα,
980 2251 1038 2319 καί

73 2344 194 2417 ἄλλοσε
215 2343 300 2418 ὅπου
322 2375 385 2439 περ
409 2346 602 2420 αίσθύνοιτο
631 2346 817 2438 στράτευμα
840 2347 1037 2439 συλλεγόμε-

74 2476 154 2537 νον,
177 2444 349 2539 ἁπανταχῇ
366 2445 536 2539 ἀπεδήμει
550 2452 715 2538 λοχαγῶν·
740 2452 795 2519 καὶ
818 2445 894 2519 οὐδ’
920 2452 956 2518 ἐν
979 2451 1039 2540 μιηῖ

73 2547 204 2619 τούτων
226 2577 293 2621 των
316 2546 440 2632 ἐξόδων
470 2548 633 2637 διαθήκας
660 2551 842 2619 κατέλιπεν.
885 2543 969 2635 ἡδὲ
991 2555 1039 2628 εἰς

74 2879 173 2942 τερον
191 2847 291 2931 αλλας
304 2859 475 2942 στρατείας
491 2879 551 2921 του
540 2848 765 2939 Ἀστυφίλου
776 2853 1039 2939 στρατευομένου

73 2941 198 3021 καὶ
158 2979 197 3020 ευ
221 2949 388 3033 είδότος’Ι
369 2981 420 3022 οτι
444 2956 481 3022 ἐν
509 2947 650 3032 ύιπύσαις
673 2952 786 3040 μέλλοι
812 2949 1038 3074 κινδυνεύειν,
1096 3025 1099 3028 ,

73 3049 182 3133 ούτως
205 3048 349 3175 ἆκριβως
371 3080 412 3122 τα
433 3080 523 3178 παρα
544 3081 602 3141 της
623 3050 724 3141 τύχης
747 3055 933 3140 συμβηναι,
959 3046 1038 3121 ὥστ’

74 3156 113 3223 ἐν
131 3154 194 3242 μέν
209 3156 258 3245 τῷ
273 3152 422 3243 πρόσθεν
439 3151 546 3246 χρόνω
563 3157 648 3243 μηδὲ
665 3154 778 3243 περί
760 3149 834 3233 ενδς
846 3148 950 3222 αύτόν
972 3179 1040 3222 των

75 3249 185 3324 αύτού
202 3257 398 3344 διαθέσθαι,
423 3252 478 3325 ὅτε
496 3255 534 3325 δὲ
549 3253 587 3325 τδ
604 3263 794 3324 τελευταίου
811 3260 926 3342 ἔμελλε
943 3275 1040 3342 στρα-

75 3352 254 3443 τεύεσθαι,
283 3354 463 3444 ἐθελοντήν
489 3384 526 3426 τε
551 3356 729 3425 ἐκπλέοντα
754 3356 810 3425 καί
839 3352 979 3444 μάλιστα
1004 3356 1041 3421 ἐκ

75 3454 198 3545 ταύτης
227 3459 284 3543 της
313 3465 485 3548 στρατείας
515 3460 686 3541 ἐλπίζοντα
708 3453 941 3545 σωθήσεσθαι,
970 3455 1040 3533 πῶς
