2340 3916
337 211 434 262 RATA
452 211 744 265 Δεκοεοεαοτε.
980 211 1021 275 27

55 400 110 453 τες
120 370 181 458 μὲν
190 370 252 439 τὸν
265 370 435 458 προδότην
448 368 509 438 τὸν
520 371 683 459 [πρῶτον]
695 379 742 454 είς
756 372 816 442 τὸν
826 379 916 442 λδιον
927 370 1022 442 οἷκον

57 477 331 564 εἰσενεγκάμενον
358 476 396 545 τὸ
426 480 745 566 δεδωροδοκημένον
776 486 931 568 χρυσίον,
964 507 1022 549 κα-

56 583 257 670 τεγνωκότες
276 583 312 651 δὲ
331 583 437 672 μηδὲν
455 579 579 671 άληδλς
601 584 680 672 μήτε
700 592 806 673 ζητεῖν
830 583 912 674 μηδ’
934 583 1023 675 εὑρί-

57 712 151 759 σκειν
174 690 212 758 τὸ
235 689 439 777 σεμνότατον
466 688 556 778 παρὰ
583 693 687 759 πᾶσιν
714 688 909 782 ἀνθρώποις
936 691 1024 761 εἶναι

56 796 277 885 νομιζόμενον
287 798 482 885 σννέδριον;
500 801 594 878 τίνας
604 799 653 884 δέ,
665 788 691 866 ά
701 794 874 885 Ἀθηναῖοι
888 837 932 847 -
947 819 1023 868 σκο-
1041 824 1074 878 οη

56 919 147 972 πεϊτε
170 901 234 992 γάρ
257 902 340 992 πρὸς
362 897 449 988 ὑμᾶς
467 898 591 984 αὐτούς
614 943 674 991 -,
697 910 790 985 τίνας
813 903 871 985 τδις
889 907 1025 986 ἐλπίδας

57 1012 184 1096 ἕξομεν,
204 1008 263 1076 ἐὰν
281 1008 441 1089 κίνδυνός
453 1033 503 1089 τις
521 1011 690 1098 καταλάβῃ
703 1009 766 1099 την
784 1012 891 1096 πόλιν,
905 1009 943 1079 τὸ
963 1012 1024 1099 μὲν

58 1118 151 1203 δῶρα
178 1114 361 1202 λαμβάνειν
388 1111 552 1202 κατάντης
578 1121 738 1205 πατρίδος
764 1113 911 1205 άσφαλλς
937 1115 1024 1186 ελναι

56 1220 285 1308 πεποιηκότες,
303 1219 341 1289 τὸ
361 1221 398 1290 δλ
416 1220 479 1309 τὴν
497 1220 653 1310 φυλακὴν
672 1228 750 1310 ἔχον
769 1224 949 1311 συνέδριον
967 1227 1025 1312 τῆς

56 1327 185 1407 πόλεως
204 1329 241 1394 ἐν
263 1342 333 1408 τοῖς
355 1326 522 1408 τοιούτοις
544 1327 716 1410 κινδύνοις
740 1325 903 1416 άδόκιμον
925 1357 1023 1398 κατα-

57 1433 288 1519 στησαντες;τ
269 1430 352 1501 τ’ίδ
374 1433 500 1501 ἐάν-
456 1437 665 1521 -τιθῶμεν
683 1433 747 1523 γὰρ
765 1439 932 1503 ταῦτα-
936 1436 1038 1523 ,ἕλικ’
1043 1447 1076 1497 68

57 1536 143 1608 κατά
166 1538 203 1607 τὸ
227 1539 383 1626 ψηφισμα
410 1537 447 1608 τὸ
472 1538 764 1628 Λημοσθένονς’
747 1544 868 1629 απαιτῇ
895 1543 1037 1669 πέμψρις-
1051 1534 1068 1655 ζ

56 1641 144 1732 ημᾶς
164 1640 438 1734 Ἀλέξανδρος
406 1673 443 1714 το
466 1653 608 1735 χρυσίον
632 1644 668 1715 τὸ
698 1646 861 1734 κομισθὲν
888 1651 935 1726 ελς
919 1660 1075 1774 ςτηνι·

55 1750 170 1839 χάραν
193 1747 259 1820 ὑπὸ
279 1747 459 1841 Ἁρπάλου,
487 1753 542 1819 καλ
564 1750 647 1841 πρὸς
669 1755 715 1844 τῷ
738 1755 940 1839 μεγενησδαι
962 1779 1025 1881 την
1056 1704 1083 1861 6
1099 1748 1110 1773 '⁴

56 1860 124 1984 τῆς,
139 1861 264 1945 βονλης
287 1854 459 1946 ἀπόφασιν
482 1856 561 1939 τοὺς
583 1863 705 1938 παῖδας
727 1860 922 1947 καταπέμψῃ
941 1857 1072 1965 πρὸς,ἱ

55 1959 143 2051 ἡμᾶς
169 1963 249 2045 τοὺς
275 1967 340 2033 νῦν
373 1960 418 2045 ὡς
445 1961 566 2033 ἑαυτὸν
598 1960 937 2053 ἀνακεκομισμένους,
968 1950 1078 2069 καλη’,

56 2069 187 2138 τούτων
206 2067 295 2151 άξιοῐ
310 2069 548 2139 πυνθάνεσθαι
566 2097 628 2159 την
646 2066 846 2158 άληδειαν’
828 2073 923 2159 ημᾶς,
942 2058 1087 2159 πρὸςλῖ

55 2179 161 2262 θεῶν,
181 2204 206 2244 ω
193 2168 357 2265 άνδρες,
371 2183 406 2243 τί
422 2179 577 2265 ἐροῦμενς
596 2177 735 2265 γράψεις
753 2177 797 2246 σὺ
805 2177 1026 2265 Δημόσθενες
1043 2205 1076 2255 69
1129 2178 1133 2185 ’

55 2291 214 2369 πολεμεῖν
237 2278 337 2370 ἡμᾶς,
361 2281 474 2370 ἐπειδὴ
497 2283 553 2351 καλ
574 2280 654 2364 τοὺς
676 2283 839 2373 πρότερον
862 2286 1027 2371 πολέμους

57 2391 166 2469 καλοῖς
191 2391 194 2477 λ
221 2387 402 2480 διῴκησαςς
421 2389 478 2456 καλ
495 2388 638 2477 πότερόν
656 2391 725 2457 ἐστι
744 2388 964 2477 δικαιότερον,
983 2385 1026 2456 διν
1038 2421 1064 2461 οι

58 2497 163 2561 ταῦτα
187 2495 268 2583 δόξη
291 2495 348 2562 καλ
367 2509 437 2574 τοῖς
459 2491 572 2574 άλλοις
587 2491 794 2581 Ἀθηναίοις,
818 2500 866 2574 ελς
887 2492 948 2561 τὸν
965 2495 1026 2562 πό-

57 2608 160 2685 λεμον
187 2597 348 2689 ὑπάρχειν
375 2599 456 2687 μετὰ
482 2602 551 2668 τῶν
574 2596 685 2668 άλλων
711 2602 768 2669 καλ
789 2598 827 2669 τὸ
850 2597 940 2686 παρὰ
964 2602 1027 2667 σοῦ

61 2774 114 2833 τὸν
132 2781 256 2850 πρῶτον]
277 2780 328 2835 τὸν
345 2783 458 2850 πρῶτον
476 2776 527 2835 τὸν
545 2785 571 2835 N
590 2788 618 2834 et
635 2784 659 2834 A
676 2799 768 2849 pr.-
797 2777 878 2836 οἷκον
897 2782 959 2835 add.
977 2783 1028 2834 NA

58 2850 111 2900 Bk.
134 2850 179 2914 (ei
199 2851 283 2903 Wolf.
308 2856 336 2902 et
359 2851 531 2918 Stephm)
496 2848 793 2917 -δεδωροκημένον
815 2853 867 2904 Nm.
891 2877 925 2888 -
951 2846 1028 2918 μηδὲ

59 2917 157 2996 ζητειν
174 2919 260 2969 Dobs.
280 2924 310 2970 et
326 2935 353 2971 v.
372 2924 451 2997 ante·
457 2920 523 2982 Bk.;
516 2918 668 2970 ·eodieum
685 2925 785 2969 neuter
801 2920 969 2970 mentionem
986 2919 1028 2970 fa·

58 2985 158 3101 οἰῖι,-
181 2977 293 3049 οεμνὸτ.
309 2979 389 3051 παρά
411 2984 500 3038 πᾶσιν
517 2957 605 3055 «ivae.
626 2981 701 3039 εἶναι
724 2985 750 3036 Ν
766 2985 830 3042 Mn:
852 2978 932 3052 παρά
950 3002 980 3038 π.
999 2976 1028 3037 ά.

58 3065 139 3101 εναι
157 3065 240 3131 σεμν.

129 3120 171 3170 67.
207 3113 259 3180 τάς
276 3114 399 3202 ἐλπίδας
415 3120 465 3171 ΝΑ
482 3121 547 3172 Bk.
566 3113 747 3180 ἐλπίδας-
765 3115 839 3172 ἔων
876 3122 949 3173 rN.

128 3187 169 3239 68
205 3186 237 3238 τί
259 3181 290 3239 δ’
314 3181 366 3240 ἐάν
388 3188 553 3240 Funkhknel
574 3188 649 3242 Bait.
673 3188 740 3238 Mra
713 3137 839 3240 -ωντλ
815 3137 903 3239 auf*
885 3177 921 3239 άν
938 3187 977 3251 Ν,
1000 3184 1031 3237 τί

58 3244 133 3305 δε
114 3270 151 3304 αν
169 3270 248 3309 v.-
277 3249 310 3307 τό
328 3255 506 3322 γεγενῆσθαι
523 3256 624 3307 BLZM
641 3260 670 3306 et
673 3270 728 3335 pr.
745 3254 913 3310 Δοοεε..--ι
942 3270 1030 3305 κατα

57 3316 170 3402 πέμψει
194 3324 217 3373 1.
242 3328 271 3374 et
287 3339 338 3402 ε..με
351 3325 375 3374 Α
397 3322 539 3378 corr..²-
571 3315 643 3388 κρδς
666 3314 743 3387 ὑμᾶς
760 3323 793 3373 Ν.
812 3349 844 3360 ·-
873 3315 950 3388 ἡμᾶς
967 3328 1030 3387 post

58 3381 148 3453 άλήθ.
167 3392 261 3442 Turr..
279 3384 363 3456 ὑμᾶς.

127 3459 169 3508 69
205 3452 328 3524 γράψεις
346 3474 407 3509 eum
424 3458 518 3525 Steph.
538 3463 567 3509 et
586 3457 669 3510 Wolf.
682 3458 731 3510 R..
749 3451 941 3526 qqu'upmoe-
959 3450 1047 3518 &166³-

56 3524 134 3588 τοις)
156 3517 227 3590 δόξη
246 3523 295 3577 καλ
314 3528 347 3576 οὶ.
365 3527 397 3582 R
417 3554 450 3564 -
