2316 3900
81 172 129 233 VI
464 178 675 229 rnaurnrro.

80 363 147 402 rum
174 340 373 420 exemplaria.
423 338 551 399 Illarum
577 339 739 418 regionum
771 338 892 398 incolae
920 337 1054 411 Arabes,

80 435 242 507 postquam
264 424 510 486 animadvertere
524 423 683 486 volumina
703 443 826 503 quoque
847 424 901 483 illa
924 444 942 484 a
965 444 1056 504 pere·

80 513 176 591 grinis
199 512 233 570 iu
254 512 354 590 pretio
376 509 493 584 haberi,
519 509 685 588 diligenter
708 510 895 588 conquirunt
917 517 948 569 et
971 511 1057 570 inter

80 606 197 657 ceteras
225 616 273 655 res
302 615 382 675 quae
409 596 443 654 in
470 594 618 674 sepulcris
646 595 849 655 inveniuntur
875 593 1056 654 venditant.

80 681 208 741 Exstitit
229 681 325 760 igitur
346 682 380 739 in
401 680 542 760 sepulcro
565 679 699 760 quodam
714 679 892 739 Thebarum
906 679 1058 740 volumen

80 787 290 846 papyraceum
312 765 483 846 Hyperidis
506 774 568 825 tres
591 766 746 824 orationes
769 765 944 838 continens,
971 766 1059 844 quod

79 852 236 931 patefacto
258 850 400 931 sepulcro
423 850 462 910 ab
484 848 638 910 Arabibus
662 851 742 910 circa
768 850 956 929 principium
979 853 1060 910 anni

82 937 163 995 1847
186 937 270 995 inter
297 944 399 997 cetera
426 937 589 996 inventum
616 934 791 1014 elatumque
814 932 923 1012 est.*)‚
956 933 1059 994 Habi-

79 1021 167 1081 tabat
188 1020 252 1080 illic
273 1021 355 1082 inter
376 1021 482 1082 ruinas
504 1028 644 1080 vetustae
666 1019 750 1080 urbis
767 1017 968 1080 Castellarius
989 1022 1059 1099 qui-

81 1105 153 1165 dam
189 1105 280 1165 homo
313 1105 425 1181 Italus,
470 1105 525 1185 qui
556 1104 677 1165 Arabes
711 1104 919 1165 assuefecerat
960 1124 1059 1183 quae-

79 1209 201 1270 cunque
228 1191 423 1251 invenissent
455 1191 497 1250 ad
523 1209 557 1256 se
586 1189 721 1264 deferre,
757 1189 832 1249 inde
865 1191 968 1268 pretio
1006 1210 1060 1250 ex-

78 1276 151 1353 iguo
175 1275 219 1334 eis
241 1275 341 1335 soluto
366 1274 637 1354 peregrinantibus
666 1274 775 1335 eadem
802 1294 915 1354 magno
944 1275 1060 1335 vendi-

78 1359 175 1420 tabat.
225 1360 337 1440 Itaque
372 1381 441 1421 cum
475 1380 550 1422 vere
583 1360 670 1441 anui¹
692 1359 774 1419 1847
807 1358 846 1418 Α,
878 1357 912 1419 Ο.
943 1359 1059 1420 Harris

78 1444 263 1519 Britannus,
297 1445 351 1524 qui
384 1444 596 1507 Alexandriae
625 1443 813 1504 domicilium
840 1444 1058 1520 constituerat,

78 1528 204 1589 Thebas
226 1531 378 1604 venisset,
408 1552 426 1590 a
450 1527 648 1603 castellario,
678 1549 770 1609 quem
797 1549 872 1588 sane
899 1530 969 1608 ipse
993 1551 1061 1590 non

78 1614 228 1688 nominat,
251 1615 381 1694 triginta
403 1615 464 1675 duo
487 1615 663 1693 fragmenta
684 1615 800 1674 maiora
822 1616 984 1675 minorave
1010 1637 1060 1676 ac·

79 1700 176 1778 cepit,
208 1700 401 1760 coutinentia
427 1699 482 1761 illa
510 1700 656 1780 reliquias
685 1699 833 1760 orationis
862 1706 972 1759 contra
995 1700 1061 1761 De-

79 1783 272 1845 mosthenem
293 1786 465 1864 priorisque
484 1785 581 1864 partis
597 1785 662 1845 eius
678 1804 757 1864 quae
772 1804 829 1863 pro
844 1783 1060 1864 Lycophrone

78 1868 186 1928 habita
208 1878 264 1929 est.
309 1868 373 1929 Sed
393 1869 472 1931 haec
493 1869 669 1948 fragmenta
691 1869 816 1929 alterius
839 1878 964 1929 tantum
987 1891 1059 1949 par·

78 1954 118 2013 tis
140 1954 305 2014 voluminis
328 1963 426 2029 erant,
450 1953 561 2015 misere
582 1953 708 2014 habitae
730 1953 885 2033 foedeque
902 1954 1058 2016 dilacera·

79 2047 144 2114 tao;
170 2038 267 2098 altera
289 2059 360 2118 pars
383 2048 415 2099 et
436 2039 559 2118 integra
580 2046 736 2099 manserat
762 2057 863 2117 neque
886 2039 920 2096 in
945 2061 1061 2102 manus

81 2120 256 2182 Castaliarii
277 2132 416 2183 venerat.
460 2123 612 2203 Iosephus
633 2123 719 2192 enim
739 2122 858 2196 Ardeu,
882 2123 1062 2186 Britannus

80 2208 215 2285 etipse,
246 2227 315 2266 oum
344 2205 411 2267 cal.
439 2206 509 2268 Ian.
539 2229 568 2268 a.
593 2209 675 2268 1847
703 2207 828 2269 Thebas
857 2210 1001 2270 venisset
1034 2222 1064 2273 et

78 2292 161 2351 ultra
183 2292 276 2351 etiam
296 2311 503 2371 processurus,
528 2292 602 2353 dein
617 2292 742 2354 Thebas
757 2312 940 2354 reversurus
965 2306 1062 2371 esset,

79 2375 199 2436 Arabes
223 2377 499 2439 commonefeccrat
523 2386 559 2438 ut
579 2378 606 2437 si
629 2397 690 2457 qua
712 2378 831 2439 interea
858 2379 1065 2442 invenissent

80 2462 140 2522 sibi
162 2471 371 2529 reservarent;
401 2462 486 2523 unde
508 2462 555 2523 illi
577 2463 700 2523 maioris
722 2463 816 2542 pretii
839 2483 895 2542 spe
919 2467 1066 2546 amplum

80 2546 159 2606 illud
179 2547 325 2608 volumen
348 2544 565 2619 Castellarium
594 2547 761 2626 diligenter
782 2547 982 2624 celaverunt,
1017 2575 1065 2613 re·

81 2631 252 2711 deuntique
267 2631 407 2693 Ardenio
423 2643 517 2693 noctu
539 2632 617 2693 clam
638 2632 717 2692 Italo
739 2633 885 2692 trecentis
910 2644 944 2693 et
968 2640 1066 2716 quin·

80 2717 231 2796 quaginta
263 2719 394 2777 nummis
426 2716 564 2781 Turcicis
600 2717 819 2778 vendiderunt,
876 2717 1068 2784 Sciscitanti

79 2810 193 2875 tamen,
218 2801 273 2862 ubi
294 2803 456 2863 inventum
478 2811 573 2876 esset,
598 2801 703 2862 callidi
723 2802 863 2862 homiues
886 2823 1068 2886 numquam

80 2886 181 2945 locum
196 2887 328 2965 prodere
343 2887 521 2959 voluerunt,
545 2906 647 2966 neque
665 2886 752 2946 aliud
766 2887 949 2950 indicarunt
966 2912 1068 2971 quam

82 2972 163 3030 cirea
183 2971 285 3031 locum
306 2972 360 3052 qui
376 2970 526 3032 Goumou
542 2972 654 3033 dicitur
675 2973 708 3031 in
729 2972 835 3052 lignea
857 2992 932 3034 arca
955 2981 1066 3058 sepul·

81 3056 156 3116 crali
184 3055 336 3117 inclusum
361 3057 544 3136 repperisse.
595 3057 750 3119 Volumen
782 3057 821 3118 ab
849 3056 1001 3122 Ardenio
1032 3068 1067 3125 iu

80 3141 277 3202 Britanniam
298 3150 502 3221 asportatum,
531 3142 586 3202 ubi
614 3142 780 3222 diligenter
801 3142 927 3203 evoluto
954 3152 1066 3229 cogni·

158 3358 184 3427 *J
207 3362 250 3412 De
273 3360 317 3411 his
339 3360 468 3412 conferas
491 3361 683 3428 praelationes
706 3361 859 3412 editionum
877 3363 1065 3421 Britannica-

80 3442 153 3489 rum,
177 3428 354 3480 Ardeuianae
372 3429 502 3490 maxime,
525 3429 574 3480 ubi
592 3428 695 3480 diserte
714 3433 864 3480 narrantur
883 3447 962 3497 quae
983 3453 1001 3488 a
1021 3454 1063 3490 me

82 3495 173 3549 obiter
190 3495 317 3548 indicata
335 3501 408 3550 aunt.
