2340 3916
78 189 144 240 XVI
319 186 548 239 ARGUMENTA
566 186 792 241 ORATIONUM.

78 325 166 409 leges
181 343 263 406 quae
279 320 430 404 populari
452 320 587 404 imperio
602 322 752 387 restituto
775 323 858 387 latae
878 323 944 388 sint
957 348 1049 409 pror-

78 447 132 490 sus
161 423 325 489 sublatum
352 443 430 486 esse.
475 420 596 486 Habita
624 423 752 488 videtur
780 424 883 489 oratio
911 432 1048 492 exeunte

77 547 164 592 anno
188 526 229 590 ol.
254 524 309 607 95,
332 524 353 587 2
374 523 438 588 399
460 546 489 587 a.
513 523 588 588 Chr.
610 545 660 607 n.;
695 524 845 590 cecidisse
874 547 970 592 eausa
997 551 1048 594 ac-

77 630 239 693 cusatores
262 629 394 709 certum,
417 625 564 708 quintam
584 628 708 708 partem
731 625 958 712 suffragiorum
979 652 1048 695 non

77 730 188 795 tulisse
226 728 303 792 satis
335 726 509 792 verisimile
544 727 642 810 celsi)
701 724 905 794 Conferenda
938 735 1048 797 autem

67 853 150 896 cum
177 830 238 894 hac
268 829 413 894 oratione
442 826 524 892 falso
548 826 670 911 Lysiae'
689 827 811 893 tributa
837 828 911 894 κατ’
933 828 1048 896 Ἀνὸο-

77 933 176 997 κίδου
207 930 294 1016 (Lys.
319 951 364 994 or.
388 928 465 1014 VI),
493 927 612 994 Maleto
635 928 771 994 fortasse
794 931 931 1015 scripta,
961 938 1048 998 certe

80 1034 318 1116 ὃευτερυλογία
333 1052 478 1114 quaeque
501 1053 520 1095 a
535 1029 686 1114 Cephisio
703 1031 847 1115 principe
863 1038 1048 1099 accusatore

80 1135 191 1200 habita
213 1154 281 1197 esse
302 1134 451 1215 nequeat.

164 1232 218 1299 Or.
241 1233 274 1298 Π
296 1232 374 1316 περὶ
403 1234 459 1316 τῆς
481 1229 604 1298 ἑαυτοῦ
634 1231 797 1298 καθόδου.
842 1234 933 1299 Inter
958 1258 1049 1320 pere-

78 1336 295 1423 grinationem
310 1333 494 1398 diuturnam
515 1334 565 1399 bis
587 1333 770 1399 Andocides
785 1335 932 1401 Athenas
954 1337 1044 1422 adiit,

77 1439 217 1523 primum
233 1434 550 1520 Quadringentorum
569 1439 724 1519 tempore,
747 1436 863 1501 deinde
877 1438 1045 1522 aliquanto

76 1544 152 1625 post
172 1560 318 1604 eversum
345 1538 476 1602 illorum
497 1537 668 1620 imperium
692 1537 786 1618 (cirea
807 1559 835 1602 a.
858 1539 951 1623 409),
980 1561 1045 1623 quo

76 1648 221 1726 ternpore
257 1640 342 1704 hanc
378 1639 413 1702 in
444 1638 558 1721 populi
590 1639 741 1704 contione
775 1641 954 1706 orationem
991 1642 1046 1706 he-

78 1745 158 1809 buit.
203 1741 302 1808 Cuius
329 1739 363 1804 id
385 1743 434 1804 est
456 1743 696 1824 argumentum,
724 1745 761 1806 ut
790 1744 1047 1808 commemoratis

81 1846 147 1910 suis
169 1846 204 1909 in
225 1842 456 1926 rempublicam
483 1841 732 1908 Atheniensium
764 1844 927 1910 beneficiis
950 1867 969 1909 a
990 1868 1048 1929 po·

80 1947 158 2030 pulo
186 1946 358 2028 impetrare
387 1942 529 2025 studeat,
563 1945 601 2007 ut
628 1939 724 2008 ἄδεια
752 1944 876 2028 pridem
904 1945 966 2010 sibi
994 1946 1048 2010 de-

79 2050 165 2112 creta
187 2046 375 2110 restituatur
402 2048 435 2108 et
457 2041 571 2125 ἀτιμία
593 2067 657 2128 qua
684 2049 797 2130 postea
824 2047 955 2111 affectus
979 2053 1049 2113 erat

78 2148 222 2213 tollatur.
278 2144 342 2210 sed
375 2145 580 2228 praevalente
616 2146 820 2212 inimicorum
857 2148 1047 2213 auctoritate

79 2273 152 2316 cum
177 2270 248 2314 eam
276 2268 345 2311 rem
371 2247 543 2330 impetrare
567 2269 635 2313 non
663 2250 836 2332 potuisset,
864 2249 1049 2313 Andocides

84 2373 192 2416 rursus
213 2370 347 2435 peregre
370 2349 458 2413 abire
481 2352 609 2414 coactus
633 2352 689 2414 est.

165 2452 219 2518 Or.
235 2451 295 2517 HI.
318 2451 406 2533 Περὶ
420 2452 480 2533 τῆς
494 2447 578 2531 πρὸς
592 2452 883 2533 Λακεδαιμονίους
898 2451 1046 2536 εἰρήνης.

78 2553 167 2620 Haec
182 2575 310 2639 quoque
326 2553 429 2617 oratio
444 2553 480 2615 in
495 2551 646 2617 contione
662 2573 769 2617 eoram
791 2552 912 2636 populo
935 2552 1048 2618 habita

83 2652 140 2731 est,
165 2647 364 2719 Corinthiaci
378 2653 455 2718 belli
470 2652 575 2717 medio
590 2656 744 2736 tempore.
775 2652 894 2719 Suadet
907 2653 1049 2719 Andoci-

79 2748 143 2832 des,
165 2753 203 2813 ut
216 2772 279 2833 pax
294 2776 366 2818 cum
382 2752 645 2818 Lacedaemoniis
660 2754 717 2819 fiat
732 2755 777 2819 eis
793 2754 1046 2838 condicionibus,

78 2848 117 2913 de
132 2849 248 2932 quibus
269 2852 344 2937 ipsi,
360 2874 434 2918 cum
448 2853 573 2938 legatus
589 2855 627 2920 de
642 2878 720 2939 pace
735 2856 882 2921 faciende
896 2856 937 2920 ad
951 2855 1049 2920 Lace·

80 2949 266 3016 daemonios
281 2955 396 3018 missus
412 2959 509 3038 esset,
533 2977 605 3020 cum
620 2956 685 3023 illis
700 2961 908 3023 convenerat:
931 2977 1047 3041 nempe

81 3055 118 3115 ut
150 3053 293 3140 moenia,
327 3077 442 3139 naves,
482 3056 640 3122 Lemnum
672 3057 816 3123 Imbrum
849 3057 1048 3143 Scyrumque

80 3152 296 3222 Athenienses
318 3157 491 3242 haberent,
514 3159 656 3243 reliquae
679 3160 825 3225 civitates
847 3181 959 3224 omnes
981 3161 1048 3224 suis

80 3275 224 3339 quaeque
251 3258 376 3346 legibus
398 3264 566 3325 uterentur
595 3260 778 3344 liberaeque
801 3265 915 3325 essent.
962 3259 1048 3336 Quas

144 3430 170 3494 ²¹¹)
188 3431 220 3482 Id
243 3447 353 3496 sperare
378 3431 461 3481 audet
479 3432 636 3483 Andocides
658 3432 673 3493 ἓ
692 3435 738 3484 33:
762 3433 833 3498 quod
859 3434 883 3484 ei
908 3448 964 3485 non
982 3449 1050 3484 eve-

78 3497 178 3563 nisset,
197 3499 245 3550 vix
261 3501 291 3549 in
310 3500 434 3550 oratione
453 3514 526 3551 nunc
544 3499 708 3565 legeremus.
