2340 3916
324 222 458 279 ΚΑΤΑ
486 221 753 279 TIMAPXOY.
971 219 1016 285 47

62 390 142 471 μίαν
153 380 266 449 αὐτῶν
276 388 334 467 τῆς
346 388 456 466 φιλίας
475 378 737 465 ἀποκρύπτεται,
759 377 945 469 ἡγούμενος
957 380 1014 462 τάς

62 490 119 568 τῆς
142 476 274 558 εὐνοίας
291 477 478 566 ὑπερβολάς
495 493 697 564 καταφανεῖς
713 476 798 545 εἶναι
815 494 882 558 τοῖς
894 504 1011 549 πεπαι-

10 600 46 654 43
65 584 236 665 δεομένοις
257 586 324 646 τῶν
346 576 528 664 ἀκροατῶν.
567 580 655 662 λέγει
677 576 742 661 γάρ
764 601 831 644 που
849 573 1015 663 Ἀχιλλεύς

64 675 270 761 ὀδυρόμενος
287 674 346 743 τὸν
363 684 424 744 τοῦ
442 676 641 760 Πατρόκλου
663 673 831 760 θάνατον,
861 673 906 756 ἀς
927 677 965 743 ἓν
984 702 1015 742 τι

64 783 163 844 τοῦτο
181 783 250 843 τῶν
262 776 501 862 λυπηροτάτων
521 773 868 860 ἀναμιμνησκόμενος,
893 772 943 841 ότι
954 772 1015 859 την
1033 792 1085 847 ιεο

65 874 246 962 ὑπόσχεσιν
256 874 318 964 τήν
334 875 418 962 πρὸς
434 876 496 945 τὸν
507 880 630 960 πατέρα
643 872 704 943 τόν
714 874 929 960 Πατρόκλου,
953 873 1012 940 τὸν

66 983 262 1062 Μενοίτιον,
285 977 567 1059 ἀκωνέφεύσατο·
596 980 853 1062 ἐπαγγείλασθαι
868 975 931 1061 γάρ
951 973 1013 1042 αύ-

65 1075 125 1141 τὸν
137 1080 183 1152 είς
191 1072 353 1142 Ὀποῦντα
365 1083 435 1143 σῶν
447 1075 585 1156 ἀπάξειν
597 1067 653 1160 (ἦν
664 1071 730 1161 γάρ
740 1072 965 1160 Ὀπούντιος),
984 1079 1015 1141 εί

66 1176 293 1259 συμπέμψειεν
304 1172 408 1243 αὐτόν
420 1181 464 1253 είς
476 1175 537 1261 την
546 1181 669 1257 Τροίαν
680 1176 735 1240 καί
748 1183 1013 1256 παρακαταθεῖτο

65 1268 165 1362 αὐτῷ.
196 1265 426 1361 ᾦκατοφανής
438 1278 542 1360 ἐστιν,
558 1272 601 1352 ἀς
611 1271 647 1340 δι’
663 1279 768 1357 ἔρωτα
779 1273 841 1360 τὴν
852 1276 1014 1359 ἐπιμέλει-

15 1381 50 1434 44
68 1398 110 1437 αν
121 1368 227 1438 αύτού
237 1377 433 1460 παρέλαβεν.
467 1379 536 1440 ἔστι
549 1372 583 1440 δὲ
595 1371 634 1438 τά
647 1377 724 1458 ἔπη,
747 1367 769 1440 ἀ
781 1369 845 1458 ἐγω
857 1380 923 1439 νῦν
935 1369 1019 1459 ύμῖν

65 1474 173 1555 μέλλω
183 1472 306 1555 λέγειν·

111 1562 265 1654 όπόποι,
284 1565 307 1657 ἦ
318 1567 351 1655 ῤ’
364 1569 459 1638 ἅλιον
471 1577 549 1649 ἔπος
560 1576 702 1657 ἔκβαλον
712 1567 812 1655 ἤματι
823 1575 921 1658 κείνῳ

109 1666 292 1750 θαρσύνων
302 1667 396 1754 ἥρωα
406 1674 588 1735 Μενοίτιον
598 1671 634 1734 έν
645 1666 846 1752 μεγάροισιν.

113 1772 183 1852 φῆν
195 1772 233 1834 δέ
242 1770 275 1834 οί
283 1773 328 1846 είς
337 1765 493 1834 Ὀπόεντα
504 1765 705 1851 περικλυτόν
717 1764 794 1833 υίόυ
805 1763 955 1849 ἀπάξειν,

103 1867 205 1934 Ἴλιον
216 1869 420 1951 ἐκπέρσαντα
431 1866 573 1951 λαχόντα
584 1891 619 1932 τε
631 1869 743 1951 ληίδος
754 1863 861 1931 αἶσαν.

113 1960 179 2031 ἀλλ’
192 1961 234 2030 ού
245 1962 329 2043 Ζεύς
339 1962 496 2047 ἀνδρεσσι
508 1964 656 2049 νοήματα
668 1963 776 2030 πάντα
787 1970 938 2049 τελευτᾷ·

112 2061 211 2147 ἀμφω
222 2060 285 2146 γάρ
298 2069 466 2144 πέπρωται
476 2059 595 2147 ὁμοίην
605 2077 704 2147 γαῖαν
715 2062 877 2148 ἐρεύθειν.

10 2175 51 2228 ῑ45
70 2157 111 2226 ού
123 2166 239 2226 τοίνυν
257 2163 404 2227 ἐνταῦθα
423 2160 530 2245 μόνον
546 2161 740 2246 σχετλιάζων)
751 2170 919 2246 φαίνεται,
945 2158 1012 2228 ἀλλ’

71 2257 178 2336 οὕτως
189 2255 293 2325 αὐτόν
304 2264 445 2344 ἰσχυροῖς
457 2263 657 2347 ἐπένθησεν,
683 2259 766 2328 έόστε
778 2259 867 2343 παρά
881 2264 1015 2339 Θέτιδος

70 2363 128 2444 τῆς
139 2355 246 2423 αὑτοῦ
257 2355 379 2442 μητρός
390 2359 620 2444 προακούσας,
642 2358 693 2425 ὅτι
709 2357 753 2444 μὴ
772 2359 944 2445 μετελθών
954 2358 1015 2445 μὲν
1033 2378 1083 2432 151

70 2456 149 2533 τούς
159 2454 318 2541 ἐχθρούς,
332 2453 399 2522 ἀλλ’
413 2454 511 2535 ἐάσας
523 2455 729 2542 ἀτιμώρητον
738 2454 799 2523 τὸν
811 2464 872 2523 τοῦ
882 2457 1016 2537 Πατρό-

71 2560 154 2619 κλου
170 2552 336 2638 θάνατον,
360 2552 557 2622 ἐπανελθών
574 2559 686 2622 οίκαδε
702 2553 836 2643 γηραιός
850 2559 886 2621 ἐν
902 2563 942 2640 τῇ
954 2551 1017 2620 αὑ-

71 2656 133 2716 τοῦ
144 2655 276 2736 πατρίδι
287 2649 514 2738 ἀποθανεῖται,
526 2653 795 2739 τιμωρησάμενος
806 2653 841 2720 δὲ
859 2652 912 2719 διὰ
923 2658 1017 2737 ταχέ-

71 2776 119 2816 ων
134 2751 246 2834 μέλλοι
257 2749 316 2818 τόν
327 2759 402 2838 βίον
412 2760 585 2838 τελευτάν,
604 2757 705 2820 είλετο
718 2750 779 2838 την
792 2760 853 2819 τοῦ
870 2759 1016 2819 τεθνεῶ-

71 2874 126 2926 τος
137 2854 247 2914 πίστιν
263 2856 390 2934 μᾶλλον
408 2846 429 2935 ἢ
447 2851 508 2936 την
519 2858 694 2936 σωτηρίαν.
726 2849 813 2918 οὕτω
826 2851 861 2917 δέ
873 2860 1014 2936 μεγαλο-

71 2944 184 3031 ψύχως
193 2944 344 3032 ἠπείγετο
356 2946 415 3014 τόν
427 2951 532 3034 φονέα
544 2947 603 3016 τόν
614 2952 744 3017 ἐκείνου
754 2949 1015 3035 τιμωρήσασθαι,

72 3042 156 3111 ὥστε
167 3045 302 3112 πάντων
312 3044 416 3113 αύτὸν
423 3051 737 3133 παραμυθουμένων
746 3051 800 3116 καὶ
811 3048 1017 3116 κελευόντων

71 3141 259 3212 λούσασθαι
270 3146 324 3212 καὶ
337 3159 427 3212 σίτον
439 3148 725 3229 προσενέγκασθαι
737 3146 903 3232 ἀπόμνυσι
915 3145 1017 3230 μηδὲν

71 3242 203 3310 τούτων
219 3244 372 3328 πράξειν,
396 3246 476 3329 πρὶν
493 3239 536 3310 ἀν
552 3244 613 3329 την
629 3250 690 3310 τοῦ
703 3243 858 3329 Ἕκτορος
868 3243 1017 3330 κεφαλὴν

10 3356 54 3411 [λδ
72 3341 125 3408 ἐπὶ
140 3339 200 3408 τὸν
216 3349 277 3409 τοῦ
294 3341 493 3428 Πατρόκλου
510 3343 618 3427 τάφον
635 3345 759 3431 ἐνέγκῃ.
794 3343 1022 3422 καθεύδοντος

73 3435 104 3504 δ’
119 3435 226 3505 αὐτοῦ
237 3442 340 3528 ίπίτῇ
352 3449 459 3529 πυρᾷ,
482 3439 527 3519 ὥς
546 3460 648 3527 φησιν
668 3436 684 3507 ὁ
704 3437 855 3528 ποιητὴς,
882 3447 1020 3509 είόωλον
