2340 3916
127 194 177 269 1ον
507 194 756 252 ιιΣΧιΝον

140 361 248 440 φίλων
259 355 435 438 ἀπόντων,
455 351 506 419 ὅτι
517 361 658 429 καλτους
670 353 823 437 λοιποὺς,
847 350 906 419 ε’ἀν
917 353 1030 439 εἰρήνη
1043 358 1101 438 γέ-

140 478 253 538 νηται,
276 451 416 538 ἀφήσει,
438 457 571 517 πολλῶν
586 446 616 515 δ’
630 447 844 534 ἠτυχηκότων
861 450 1026 518 τάλαντον
1037 456 1100 536 φέ-

141 576 225 633 ρων,
250 549 324 628 ἑνός
340 547 474 636 ἀνδρὸς,
492 546 570 615 οὐδὲ
588 548 710 615 τούτου
728 556 803 616 λίαν
825 544 987 632 εὐπόρου,
1001 548 1101 616 ἱκανά

71 657 123 710 275
140 650 253 736 λύτρα.
283 647 327 728 ὡς
339 648 369 715 θ’
383 642 467 735 ἦμεν
484 650 522 714 έν
532 650 729 734 Μακεδονίᾳ
745 648 800 714 καὶ
819 645 1036 732 συνήλθομεν
1053 652 1100 726 εἰς
1116 663 1165 717 101

140 746 263 815 ταύτόν
281 750 336 816 καὶ
348 755 512 814 Φίλιππον
528 748 563 811 ἐκ
576 745 710 832 Θρᾴκης
727 744 877 828 παρόντα
888 745 1099 831 κατειλήφει-

140 874 217 933 μεν,
236 847 435 933 ἀνεγνώσθη
445 845 506 930 μὲν
516 842 553 911 τὸ
566 843 735 929 ψήφισμα,
753 841 829 909 καθ’
842 839 862 910 ό
872 844 1099 931 ἐπρεσβεύσα-

140 971 217 1031 μεν,
239 947 293 1012 καὶ
309 943 348 1013 τά
361 947 628 1028 προστεταγμένα
643 941 723 1029 ἡμῖν
733 940 816 1028 πρὸς
827 950 875 1030 τῷ
884 941 963 1020 τοὺς
974 941 1098 1027 ὅρκους

141 1052 323 1131 ακολαβεῑν
340 1041 660 1128 συνηρνθμοόμεθα·
693 1040 738 1119 ὡς
755 1041 791 1108 δὲ
807 1038 916 1119 οὐδεὶς
934 1037 1018 1125 ὑπὲρ
1029 1049 1098 1108 τῶν

68 1160 72 1166 “
140 1149 304 1230 μεγίστοιν
315 1147 491 1230 ἐμέμνητο,
516 1140 600 1210 ἀλλὰ
611 1145 685 1226 περὶ
696 1141 899 1229 πραγμάτων
910 1142 1098 1210 ἐλαττόνων

139 1240 202 1327 τὴν
214 1241 386 1328 διατριβὴν
398 1247 582 1324 ἐποιοῦντο,
591 1239 685 1308 εἶπον
695 1238 759 1325 ἐγώ
773 1240 909 1325 λόγους,
922 1236 981 1317 οὓς
992 1237 1098 1325 ἀναγ-

141 1339 238 1408 καῖόν
255 1343 324 1406 ἐστι
343 1338 427 1424 πρὸς
444 1337 529 1426 ὑμᾶς
550 1342 707 1426 ρηθηνιιι.’
740 1341 795 1406 καὶ
817 1338 900 1424 πρὸς
912 1346 981 1406 τῶν
991 1347 1096 1421 θεῶν,
1113 1358 1164 1411 Ιολ

142 1431 369 1524 οἷἈθηναῑοι,
394 1435 503 1520 ὥσπερ
523 1440 578 1506 καὶ
594 1446 652 1525 τῆς
669 1445 864 1523 κατηγορίας
874 1435 1039 1523 ἠκούσατε
1053 1435 1097 1516 ὡς

141 1534 240 1614 αὐτὸς
255 1534 272 1604 ὁ
286 1538 469 1623 κατήγορος
480 1537 634 1623 ἐβούλετο
647 1543 761 1622 εἰπεῖν,
774 1535 863 1603 οὕτω
876 1538 930 1603 καὶ
942 1543 1000 1621 τῆς
1010 1532 1095 1602 ἀπο-

142 1634 301 1721 λογίας’
265 1634 619 1721 εντάκτοιςάκοόσατε,
642 1635 750 1704 καὶ
716 1662 776 1703 τον
787 1633 891 1703 αὐτόν
902 1663 959 1722 μοι
970 1634 1097 1722 τρόπον

142 1731 387 1821 όιαμείνατε,“
369 1759 471 1818 ονπερ
484 1733 545 1814 ἐξ’
527 1762 628 1821 αρχης
640 1737 677 1802 ἐν
689 1749 757 1812 τοῖς
774 1736 1023 1820 προειρημένοις
1032 1731 1097 1852 ηόη

141 1834 251 1917 λόγοις
266 1830 445 1920 ἠκροᾶσθε.
480 1831 562 1919 ὅπερ
579 1834 644 1918 γὰρ
660 1831 745 1901 καὶ
726 1840 845 1919 ἀρτίως
856 1822 1097 1918 ὑπεθέμην,ἀ

137 1930 360 2018 Ἀθηναιοι,εἶ
332 1957 425 1999 τιον
436 1935 700 2018 συνειλεγμένων
711 1959 779 2000 των
790 1929 1030 2019 πρεσβεων,οτι
1040 1955 1097 2016 μοι

72 2036 124 2092 276
142 2031 321 2116 δοκοίησαν
341 2028 377 2097 τό
402 2032 557 2117 μέγιστον
568 2030 762 2117 πρόσταγμα
779 2039 842 2098 τοῦ
853 2030 961 2116 δήμου
978 2033 1097 2107 δεινος

141 2126 285 2214 ἀγνοεῖν.
319 2126 383 2211 ,,τὸ
395 2128 457 2213 μέν
467 2127 531 2213 γάρ
543 2127 621 2206 τούς
632 2126 754 2211 ὅρκους
766 2125 947 2214 ἀπολαβεῖν
957 2129 1012 2195 καὶ
1022 2133 1097 2210 περὶ
1115 2147 1166 2202 103

140 2234 208 2294 ταῖν
224 2225 335 2293 ἀλλων
352 2230 566 2311 διαλεχθῆναι
583 2227 637 2293 καλ
654 2228 813 2312 περὶτῶν
823 2225 1038 2312 αἰχμαλώτων
1050 2232 1098 2294 εί-

140 2339 225 2409 πεῑν,
245 2319 309 2391 κάν
321 2330 352 2392 εἰ
361 2323 440 2403 τούς
450 2321 614 2409 ὑπηρέτας
624 2320 800 2410 έπεμγενη
815 2324 910 2402 πόλις
922 2332 1098 2410 περιθεῖσα

139 2429 250 2491 πίστιν
271 2418 397 2504 αὐτοῖς,
418 2419 533 2489 ἅπαντ’
552 2417 595 2489 ἀν
618 2430 809 2510 πραχθῆναι
831 2428 967 2508 νομίζω·
1000 2421 1037 2490 τό
1061 2426 1098 2491 δὲ

139 2517 222 2603 ὑπὲρ
241 2526 309 2585 τοῖν
326 2517 417 2586 ὅλων
434 2516 547 2603 ὀρθῶς
562 2521 813 2605 βουλεύσασθαι
831 2519 894 2588 ὅσα
914 2517 989 2588 καθ’
1010 2519 1097 2606 ἡμᾶς

139 2621 228 2686 ἐστιν
237 2614 442 2705 ἢΦίλιτιτον,
457 2626 555 2686 τοῦτο
566 2617 630 2705 ἤδη
640 2624 740 2705 ἔργον
750 2621 817 2686 ἐστὶ
827 2622 1000 2705 πρέσβεων
1010 2644 1097 2703 φρο-

140 2721 254 2800 νίμων.
278 2718 363 2799 λέγω
375 2716 410 2782 δὲ
419 2723 440 2758 “
451 2721 536 2802 ἔφην
547 2717 612 2801 ἐγώ
626 2767 645 2804 „
654 2719 729 2801 περὶ
741 2725 798 2804 τῆς
813 2724 858 2796 εἰς
868 2717 982 2796 Πύλας
994 2740 1096 2802 στρα-

140 2820 235 2897 τείας,
248 2809 291 2897 ἣυ
302 2812 399 2898 ὁροῖιε
412 2808 519 2880 οὖσαν
529 2819 566 2882 έν
575 2825 778 2902 παρασκευῇ.
812 2814 864 2883 ὅτι
880 2817 916 2884 δὲ
934 2815 975 2884 οὐ
986 2826 1097 2896 κακῶς

139 2911 332 2996 στοχάζομαι
354 2917 428 2993 περὶ
450 2920 513 2978 τοῦ
523 2914 723 3002 πράγματος,
737 2915 863 3000 μεγάλα
872 2915 1003 2982 τούτων
1014 2913 1097 3001 ὑμῖν

139 3023 255 3095 σημεῖα
271 3013 371 3088 θειξω,
410 3010 541 3094 τάρεισι
556 3012 618 3098 μὲν
640 3011 704 3098 γάρ
723 3020 896 3100 Θηβαίων,
918 3011 1039 3101 ἥκουσι
1056 3017 1092 3082 δὲ
1108 3040 1160 3092 [οι

137 3113 410 3194 Λακεδαιμονίων
432 3114 600 3200 πρέσβεις,
623 3111 793 3200 ἀφίγμεθα
811 3112 843 3181 θ’
856 3111 948 3200 ἡμεῖς
964 3121 1094 3201 ἔχοντες

136 3216 196 3275 τοῦ
208 3207 316 3294 δήμου
327 3209 491 3295 ψήφισμα,
504 3213 540 3277 ἐν
552 3203 581 3298 μ’
590 3215 770 3298 γέγραπται
778 3215 956 3296 ,μιροὶττειν
968 3212 1003 3280 δὲ
1015 3210 1094 3291 τούς

136 3308 353 3392 πρέσβειςκαὶ
365 3305 432 3374 ἀλλ’
447 3305 466 3375 ὅ
477 3334 507 3374 τι
520 3304 562 3376 ἀν
575 3310 741 3377 δύνωνται
753 3308 924 3394 ἀγαθόν·ιι
947 3308 1093 3388 ἅπαντες

136 3407 171 3473 δέ
189 3413 222 3475 οἱ
234 3406 387 3494 ’Έλληνες
403 3406 486 3495 πρὸς
503 3409 540 3477 τὸ
557 3413 678 3496 μέλλον
695 3417 831 3479 ἔσεσθαι
841 3418 1033 3498 βλέπουσιν.
1065 3417 1096 3480 εἰ
