2340 3916
54 226 82 276 p.
99 204 143 256 εε.
274 205 365 255 ΠΕΡΙ
381 204 458 257 που
475 204 614 256 Amor
632 205 797 256 ΚΛΗΡου.
951 211 1013 272 145

53 372 143 446 ἁπλοῖ
165 372 229 466 γάρ
251 373 291 444 τά
315 381 426 445 δίκαια
449 374 658 448 παντάπασίν
688 380 755 446 ἐστι
785 379 840 447 καί
864 376 1014 470 γνώριμα

52 489 194 566 μαθεῖν·
221 471 243 544 οἳ
261 473 324 564 ἐγώ
343 474 398 545 διά
415 479 566 566 βραχίων
592 474 696 548 είπιδν
713 480 768 550 καλ
785 482 1014 569 παρακαταθέ-

53 605 152 667 μενος
176 571 259 665 ύμῖν
283 576 519 667 μνημονεύειν,
548 580 600 647 ἐπὶ
626 576 687 665 τὴν
704 575 808 666 άλλην
833 574 1015 667 άπολογίαν

54 675 118 768 ἤδη
149 680 309 769 τρέψομαι
339 682 407 749 τοῖν
432 682 736 768 κατηγορηθέντων.
785 687 821 749 τί
850 668 913 750 ούυ
947 686 1015 751 ἔστι

54 783 173 867 ταῦτα,
193 781 248 848 καί
265 787 300 848 τί
316 784 512 869 διορίζομαι;
531 787 563 849 εί
571 781 633 868 μὲν
651 776 723 849 κατ’
741 776 931 869 ἀγχιστείαν
948 784 1015 851 τῶν
1032 785 1067 838 33

49 875 185 969 Ἀγνίον
201 886 351 969 μετεῖναί
361 900 452 969 φησι
463 880 517 973 τῷ
533 883 627 950 παιδὶ
644 883 706 950 τού
721 875 935 969 ἡμικληρίου,
959 890 1014 950 λα·

53 983 135 1070 χέτω
159 977 242 1071 πρὸς
266 977 325 1050 τὸν
349 977 507 1070 άρχοντα,
534 976 598 1051 κάν
614 975 710 1070 ύμεῖς
727 988 939 1070 ψηφίσησθε,
959 990 1015 1050 λα·

54 1085 153 1169 βίτω·
171 1084 275 1151 ταύτα
291 1078 354 1172 γάρ
372 1086 407 1150 οί
420 1080 514 1171 νόμοι
532 1080 736 1152 κελεύουσιν.
769 1089 799 1152 εί
817 1082 854 1151 δὲ
871 1079 915 1171 μη
934 1080 1016 1151 κατά

53 1186 150 1253 τοῦτο
176 1177 391 1272 άμφισβητεῖ,
419 1185 501 1271 φησὶ
520 1184 558 1253 δὲ
574 1177 778 1272 ὁμολογῆσαί
800 1211 841 1271 με
858 1188 906 1275 τῷ
922 1186 1030 1267 παιδὶ,

53 1281 274 1372 μεταδώσειν,
298 1281 483 1371 φάσκοντος
501 1287 583 1373 ἐμού
597 1281 725 1354 τούτων
743 1283 828 1353 εἶναι
844 1285 950 1372 μηδὲν
969 1290 1017 1354 δι-

54 1383 231 1472 κασάσθω,
257 1379 321 1454 κάν
339 1386 486 1474 ἐξελέγξῃ
503 1412 544 1473 με
562 1379 605 1464 οἷς
624 1378 836 1474 ύμολάγησα,
863 1381 930 1455 τότ’
951 1383 1016 1474 ἤδη

10 1543 12 1562 ,
54 1483 252 1574 πραξάσθω·
297 1490 425 1555 δίκαιον
451 1482 514 1574 γάρ
540 1482 645 1567 οὕτως
672 1490 770 1555 ἐστίν.
817 1493 847 1556 εί
873 1487 910 1555 δὲ
936 1484 1017 1574 μήτε
1034 1491 1068 1546 ³4

55 1583 135 1677 πρὸς
154 1586 211 1674 ἐμὲ
227 1584 316 1677 μήτε
326 1577 401 1655 κατ’
429 1589 510 1675 ἐμοί1
527 1592 625 1674 δίκην
642 1586 732 1656 είναί
746 1606 828 1675 φησι
844 1590 892 1679 τῷ
909 1593 1015 1674 παιδί,

54 1683 109 1757 τὸν
126 1683 299 1756 κωλύοντα
315 1684 419 1775 νόμον
437 1685 576 1775 εἰπάτω,
594 1681 658 1757 κάν
675 1694 732 1777 ἔχη
751 1690 871 1776 δεῖξαι,
890 1690 1016 1774 λαβέτω

54 1790 107 1856 καὶ
134 1783 223 1858 ούτω
249 1785 286 1857 τδ
312 1790 409 1877 μέρος
435 1792 503 1858 τοῖν
528 1786 711 1877 χρημάτων.
757 1793 788 1856 εί
813 1783 845 1855 δ’
873 1778 918 1857 αύ
938 1783 1015 1876 μήτ’

55 1885 314 1958 ἐπιδικάσασθαί
336 1909 419 1977 φησι
446 1894 519 1958 δεῖν
544 1893 606 1958 τού
629 1883 827 1978 ἡμικληρίου
852 1887 934 1977 μήτε
950 1884 1017 1977 μην

56 1988 273 2078 δικάσασθαι,
300 1985 373 2059 ἄλλ’
393 1986 457 2078 ἤδη
476 1988 560 2058 εἶναι
586 1993 690 2060 ταύτα
707 1991 768 2061 τού
789 1987 918 2077 παιδός,
936 1986 1016 2083 άπο·

54 2088 239 2181 γραψάσθω
266 2088 348 2181 πρὸς
373 2087 432 2160 τὸν
450 2086 591 2182 άρχοντα
618 2098 665 2173 είς
682 2089 743 2180 τὴν
765 2097 933 2179 μίσθωσιν
949 2093 1017 2160 τοῖν

56 2195 183 2262 ἐκείνου
201 2190 392 2283 χρημάτων,
421 2186 464 2279 ἣν
481 2187 498 2262 ὁ
516 2192 769 2282 μισθωσάμενος
793 2189 959 2281 εἰσπράξει
975 2218 1017 2281 με

55 2296 158 2361 ταῦτα
184 2287 229 2374 ως
253 2290 333 2363 ὄντα
358 2296 422 2363 τού
446 2291 572 2374 παιδός.
623 2297 728 2365 ταῦτα
752 2290 880 2384 μεγάλα
907 2289 1018 2363 δίκαιά
1035 2306 1072 2358 35

57 2396 131 2462 ε’στι.
166 2397 343 2464 ταῦτακαὶ
361 2399 397 2464 οί
412 2393 506 2481 νόμοι
524 2394 735 2483 κελεύουσιν,
761 2387 803 2466 ού
828 2390 874 2481 μά
890 2400 959 2464 Δία
976 2389 1017 2462 ού

10 2520 13 2559 ι
55 2491 184 2584 γραφάς
202 2496 259 2583 ἐμὲ
275 2494 415 2583 φεύγειν
432 2496 509 2584 περὶ
522 2485 571 2565 οἶν
590 2501 683 2576 δίκας
695 2500 783 2575 ίδίας
803 2493 888 2562 εἶναι
905 2519 1017 2563 πεποι·

34 2593 189 2684 ,ήκασιν,
217 2592 298 2666 οὐδὲ
315 2594 530 2666 κινδυνεύειν
547 2598 623 2685 περὶ
640 2598 702 2666 τού
717 2594 883 2685 σωματος,
909 2589 959 2662 ὅτι
976 2590 1018 2663 ού

55 2701 257 2786 μεταδίδωμι
274 2700 323 2790 τῷ
339 2699 434 2766 παιδί
452 2694 596 2785 τούτων,
616 2692 755 2790 άψηφφ
771 2692 936 2784 κρατήσας
954 2692 1018 2784 ἐγοδ

55 2794 132 2878 τούς
158 2803 292 2886 ἔχοντας
318 2795 406 2868 ούτω
434 2793 516 2887 παρ’
543 2792 640 2888 ύμιόν
666 2805 802 2885 ἔλαβον·
829 2791 904 2865 ἄλλ’
933 2807 966 2866 εί
987 2825 1020 2866 τι

54 2901 121 2967 των
146 2893 420 2987 ὁμολογουμένων
447 2897 532 2967 εἶναι
558 2902 619 2969 τού
643 2897 761 2980 παιδὸς
780 2897 868 2985 εἶχον
887 2900 942 2967 καί
960 2927 1017 2968 κα-

55 3004 119 3079 κῶς
133 3001 274 3087 διέθηκα
285 2995 362 3070 ὥστ’
378 3003 506 3070 ἐκεῖνον
518 3003 715 3088 κακούσθαι,
727 2999 801 3070 τότε
817 2995 859 3068 άν
870 3027 926 3088 μοι
937 2998 1020 3070 κατά

54 3097 179 3187 ταύτην
201 3104 347 3191 προσῆκε
369 3097 629 3191 κρίνεσθαιτην
652 3100 803 3192 γραφήν,
827 3095 868 3168 ού
891 3097 936 3188 μά
959 3097 1018 3172 Δί’

54 3198 116 3269 οὐκ
136 3202 189 3270 ἐπὶ
206 3217 275 3282 τοῖς
294 3205 391 3290 ἐμοῖς.
814 3216 815 3219 ’

123 3297 195 3372 Ὅτι
212 3302 274 3390 μὲν
292 3293 355 3372 ούυ
373 3298 450 3371 ούτε
469 3299 683 3392 περὶτούτων
700 3298 803 3372 οὐδὲν
816 3307 947 3372 δίκαιον
964 3327 1020 3370 πε·
1038 3319 1073 3370 36

55 3410 194 3490 ποίηκεν
212 3398 289 3472 ου”τε
306 3405 382 3492 περὶ
399 3405 468 3472 τοῖν
484 3399 596 3472 άλλων
613 3399 737 3491 άληθὲς
755 3398 857 3472 ούδλν
876 3411 1019 3493 είρηκεν,

54 3500 185 3574 ἅπαντα
210 3505 247 3573 δὲ
266 3507 384 3583 δεινάς
402 3506 574 3597 πλεονεξίᾳ
591 3499 814 3593 μεμηχάνηται
834 3501 1022 3591 διαβάλλων

102 3619 217 3668 Imus.
826 3620 866 3682 m
