2340 3916
159 204 201 269 ιη
244 220 246 226 ·
537 205 751 259 Δειυενιιον

159 364 435 455 παρακρούσεσθε
458 364 599 446 τούτους
623 363 674 434 αεὶ
693 369 846 452 λέγοντες
865 362 910 449 οδς
930 365 1016 455 ,οὐκ
1035 374 1128 438 ἔστιν

159 476 220 555 ἔξω
243 475 302 560 τῆς
318 476 480 558 πατρίδος
501 467 582 559 ἡμίν
606 474 785 558 ἐξελθείνίί,
814 471 903 559 ,,ούκ
927 480 1019 542 ἔστιν
1043 472 1126 564 όίλλη

158 576 334 666 καταφυγὴ
357 579 458 667 χωρὶς
484 581 542 665 της
570 574 730 668 ὑμετέρας
758 576 928 663 εύνοίαςίίς
958 580 1130 671 φανεροὺς

158 688 258 775 ἐχρῆν
291 686 534 773 γεγενημένους
561 681 842 775 ἀντιπράττοντας
869 688 925 755 καὶ
954 687 1041 778 λόγφ
1072 689 1130 756 καὶ

158 799 245 884 ἔργφ
263 806 333 872 τοῖς
352 788 434 859 κατδι
453 793 514 859 τού
534 790 644 879 δήμου
663 792 889 881 γραφομένοις
902 799 1129 882 ψηφίσμασιν,

159 895 247 968 οὕτω
271 904 403 967 πείθειν
425 896 566 979 τούτους
588 900 746 984 λέγοντας
774 894 819 979 ὡς
846 896 908 968 ούκ
932 905 1023 968 ἔστιν
1046 896 1130 988 ύμῖν

159 1002 300 1092 οὐδεμία
328 1010 475 1091 σωτηρία
497 1006 598 1093 χωρὶς
619 1008 679 1092 τῆς
701 1004 791 1095 παρὰ
817 1008 879 1074 τού
908 1005 1017 1094 δήμου
1047 1014 1130 1095 βοη-

107 1121 155 1170 103
162 1116 267 1192 θείας.
303 1106 397 1198 ὑμεῖς
415 1106 446 1178 δ’
469 1112 505 1178 ἐν
522 1125 593 1192 τοῖς
610 1113 671 1192 ἔξω
689 1109 748 1193 τδις
767 1114 901 1193 ἐλπίδας
918 1118 1016 1201 ἔχετε,
1034 1109 1131 1202 διμιλ-

159 1218 302 1304 λώμενοι
330 1231 402 1297 ταῖς
433 1224 619 1299 κολακείαις
651 1215 735 1308 πρὸς
765 1216 845 1298 τοὺς
878 1214 1130 1308 ὁμολογοῦντας

159 1321 243 1413 ὑπὲρ
282 1321 500 1411 Ἀλεξάνδρου
536 1324 692 1412 πράττειν
728 1326 782 1393 καλ
825 1327 917 1414 δῶρα
954 1328 1130 1414 εἰληφέναι

159 1427 249 1519 παρὰ
271 1432 339 1497 τῶν
362 1427 474 1498 αὐτῶν
498 1419 609 1520 ὦνπερ
637 1435 712 1526 νῦνΙ
730 1428 968 1518 ἀποπέφαγκεν
995 1428 1084 1519 ὑμᾶς
1107 1430 1129 1521 ἡ

160 1536 275 1624 βουλή.
312 1537 367 1604 καὶ
387 1534 430 1604 σὺ
448 1535 584 1604 πόντων
602 1539 757 1606 ἐναντίον
774 1540 843 1605 τῶν
858 1533 1026 1625 Ἑλλήνων
1045 1544 1129 1609 διει-

158 1646 316 1731 λεγμίνος
343 1641 522 1732 Νικάνορι,
551 1644 606 1711 καὶ
635 1640 878 1733 κεχρηματικὼς
906 1647 943 1712 ἐν
963 1641 1130 1736 Ὀλυμπία

158 1750 232 1838 περὶ
265 1741 313 1818 τόν
346 1748 547 1837 ἐβουλήθης,
580 1748 725 1818 ἐλεεινὸν
754 1753 819 1818 νῦν
851 1749 996 1819 σεαυτὸν
1027 1779 1130 1820 κατα-

159 1856 324 1938 σκευάζεις
342 1856 508 1943 προδότης
527 1851 575 1925 τόν
594 1857 649 1925 καὶ
668 1855 871 1946 δωροδόκος,
901 1852 945 1937 ὡς
977 1859 1128 1945 ἐπιλελη-

158 1965 302 2049 σμένους
320 1962 461 2042 τούτους
483 1966 542 2049 τῆς
565 1965 625 2050 σῆς
648 1969 825 2052 πονηρίας,
848 1966 904 2032 καλ
933 1960 975 2032 ού
1005 1963 1130 2033 δώσων

107 2073 260 2155 104δίκην
283 2063 367 2156 ὑπὲρ
391 2058 439 2135 οἷν
463 2076 595 2156 είληφαι
612 2069 814 2157 πεποιηκός,
837 2069 986 2160 τοσούτφ
1005 2078 1130 2158 τολμη-

160 2173 298 2263 ρότερον
327 2173 509 2261 Λημολδου,
539 2171 624 2242 ὥσθ’
652 2170 669 2242 δ
693 2175 754 2263 μὲν
783 2174 989 2265 προειρηκὼς
1013 2177 1050 2244 ἐν
1078 2180 1128 2268 τῷ

159 2278 253 2370 δήμφ
285 2277 346 2347 τὸν
378 2281 500 2348 ἑαυτοῦ
526 2280 653 2368 τρόπον
681 2283 737 2351 καὶ
765 2281 828 2370 τὴν
856 2278 1037 2369 ἀπόνοιαν,
1070 2285 1130 2351 καὶ

158 2381 332 2474 ὁμολογῶν
355 2386 537 2473 λαμβάνειν
560 2388 616 2456 καὶ
635 2387 816 2476 λήψεσθαι,
840 2386 929 2477 όμως
952 2384 994 2457 ού
1015 2389 1130 2458 τετόλ-

158 2521 239 2580 μηκε
261 2491 394 2574 τούτοις
416 2496 521 2576 δείξαι
543 2493 581 2563 τὸ
604 2494 801 2583 πρόσωπον,
826 2491 901 2565 οὐδ’
927 2498 1072 2596 ἐναντία.
1086 2499 1129 2585 τῇ

156 2724 396 2814 παρακρούσεσθε
414 2734 464 2789 Mr.
483 2732 529 2799 (ei.
541 2735 600 2814 pk.
619 2734 716 2815 Wm.):
740 2727 984 2818 παρακρούσησθε
1002 2736 1042 2800 Ν,
1067 2751 1126 2786 κοι-

156 2814 328 2863 ρακρουσετε
346 2816 372 2851 v.
391 2799 595 2867 Παρακρουετε
615 2802 758 2864 01.D0br.;
777 2803 1000 2869 παρακρουεσθε
1017 2807 1046 2852 et
1064 2805 1127 2868 ipso

154 2867 258 2920 malim.
269 2896 300 2905 -
310 2861 383 2934 ἡμῖν
393 2869 566 2921 ci.R.D0br.:
576 2863 656 2935 ύμῖν.
664 2863 919 2933 -όμετέραςΝΑΒ
928 2871 1065 2923 Bk.Turr.
1076 2872 1129 2922 Mr.

227 2955 283 3009 103.
319 2951 398 3019 δῶρα
417 2946 568 3018 εἰληφέναι
587 2945 656 3020 ντί]
677 2955 830 3006 Demadem
853 2956 899 3006 hie
919 2970 1027 3021 quoque
1046 2955 1130 3019 dicit,

158 3019 195 3073 cf.
215 3022 272 3073 104.
291 3047 325 3056 -
343 3014 420 3086 ἡμᾶς
439 3021 463 3070 N
481 3035 537 3070 see.
556 3021 651 3075 Thurl.
669 3049 702 3057 —
726 3015 761 3076 σύ
779 3015 896 3075 πάντων
913 3023 961 3074 ΝΑ
980 3024 1060 3074 Turr.
1081 3022 1131 3106 gei.

157 3086 215 3151 R.):
234 3080 415 3153 συμπάντων.
434 3114 467 3122 -
486 3080 619 3140 ἐναντίον
638 3081 781 3142 τῶνἝλλ.
800 3093 867 3146 Mr.=
886 3084 1026 3143 ἐναντίων
1045 3107 1068 3142 τ.
1092 3091 1129 3143 Ε.

156 3156 194 3218 Ν,
218 3173 241 3208 τ.
257 3149 294 3211 “Ε.
314 3148 447 3209 ἐναντίον
465 3171 492 3207 v.
513 3183 547 3191 -
565 3148 805 3224 ἐπιλελησμένονς
829 3161 864 3209 οἱ.
886 3158 918 3210 R.
944 3151 1131 3224 (ἐπιλησομέ-

157 3240 226 3283 νονς
245 3221 368 3288 Steph.)=
388 3215 658 3290 ἐπιμελησομένους.

226 3309 283 3358 104.
318 3297 476 3374 τετόλμηκε
493 3300 605 3369 τούτοις
623 3309 648 3359 N
665 3310 758 3364 Turn:
777 3304 951 3376 τετόλμηκεν
969 3299 1081 3370 αύτοῑς,
1095 3337 1127 3379 ’7

158 3365 287 3438 ἕνδείξαι
305 3374 338 3425 Ν.
356 3375 491 3440 Loquitur
509 3376 543 3426 de
566 3378 601 3427 iis
619 3391 689 3441 quae
712 3378 742 3427 in
761 3379 888 3429 contione
906 3385 970 3429 acta
990 3384 1067 3441 sunt,
1091 3379 1130 3431 ef.

157 3441 295 3569 ἓθίοέιεω
317 3441 346 3492 in
373 3442 502 3494 iudicium
520 3444 670 3495 Demadem
695 3445 816 3496 nondum
839 3448 949 3497 venisse
976 3451 1090 3497 constat
1114 3463 1132 3498 ε
